<?xml version="1.0" encoding="UTF-8"?>
<!DOCTYPE html PUBLIC "-//W3C//DTD XHTML 1.0 Transitional//EN"
    "http://www.w3.org/TR/xhtml1/DTD/xhtml1-transitional.dtd">
<html xmlns="http://www.w3.org/1999/xhtml" xml:lang="en" lang="en">
 <head>
  <title>
</title>
<meta http-equiv="Content-Type" content="text/html;charset=utf-8" />
  <meta name='ocr-system' content='tesseract 3.04.00' />
  <meta name='ocr-capabilities' content='ocr_page ocr_carea ocr_par ocr_line ocrx_word'/>
</head>
<body>
  <div class='ocr_page' id='page_1' title='image "./hermannivenemai05venegoog_0513.png"; bbox 0 0 3609 5500; ppageno 0'>
   <div class='ocr_carea' id='block_1_1' title="bbox 808 889 1647 1024">
    <p class='ocr_par' dir='ltr' id='par_1_1' title="bbox 808 889 1647 1024">
     <span class='ocr_line' id='line_1_1' title="bbox 808 889 1647 1024; baseline 0.01 -30"><span class='ocrx_word' id='word_1_1' title='bbox 808 916 914 998; x_wconf 62' lang='lat' dir='ltr'><strong>seen</strong></span> <span class='ocrx_word' id='word_1_2' title='bbox 939 916 993 998; x_wconf 88' lang='lat' dir='ltr'><strong>ii.</strong></span> <span class='ocrx_word' id='word_1_3' title='bbox 1067 889 1069 894; x_wconf 82' lang='grc'><strong>’</strong></span> <span class='ocrx_word' id='word_1_4' title='bbox 1402 900 1405 907; x_wconf 80' lang='grc'><em>’</em></span> <span class='ocrx_word' id='word_1_5' title='bbox 1446 895 1531 1024; x_wconf 62' lang='lat'><strong>369</strong></span> <span class='ocrx_word' id='word_1_6' title='bbox 1646 940 1647 943; x_wconf 32' lang='lat'>¹</span> 
     </span>
    </p>
   </div>
   <div class='ocr_carea' id='block_1_2' title="bbox 234 1091 1527 4434">
    <p class='ocr_par' dir='ltr' id='par_1_2' title="bbox 234 1091 1527 4434">
     <span class='ocr_line' id='line_1_2' title="bbox 289 1091 1515 1196; baseline 0.003 -18"><span class='ocrx_word' id='word_1_7' title='bbox 289 1095 486 1178; x_wconf 80' lang='lat' dir='ltr'><strong>Anicetum</strong></span> <span class='ocrx_word' id='word_1_8' title='bbox 504 1091 723 1187; x_wconf 88' lang='lat' dir='ltr'><strong>Romanum,</strong></span> <span class='ocrx_word' id='word_1_9' title='bbox 750 1117 786 1171; x_wconf 88' lang='lat' dir='ltr'><strong>et</strong></span> <span class='ocrx_word' id='word_1_10' title='bbox 804 1098 1034 1196; x_wconf 83' lang='lat' dir='ltr'>Polycarpum</span> <span class='ocrx_word' id='word_1_11' title='bbox 1052 1099 1317 1195; x_wconf 78' lang='lat' dir='ltr'>smyrnensem,</span> <span class='ocrx_word' id='word_1_12' title='bbox 1344 1101 1382 1179; x_wconf 92' lang='lat' dir='ltr'><strong>in</strong></span> <span class='ocrx_word' id='word_1_13' title='bbox 1400 1101 1515 1184; x_wconf 77' lang='lat' dir='ltr'><strong>initiis</strong></span> 
     </span>
     <span class='ocr_line' id='line_1_3' title="bbox 286 1194 1518 1301; baseline 0.004 -29"><span class='ocrx_word' id='word_1_14' title='bbox 286 1194 387 1285; x_wconf 62' lang='lat' dir='ltr'><strong>sec„</strong></span> <span class='ocrx_word' id='word_1_15' title='bbox 411 1217 478 1267; x_wconf 87' lang='lat' dir='ltr'><strong>nec</strong></span> <span class='ocrx_word' id='word_1_16' title='bbox 504 1195 636 1266; x_wconf 90' lang='lat' dir='ltr'><strong>nonin</strong></span> <span class='ocrx_word' id='word_1_17' title='bbox 661 1195 752 1283; x_wconf 89' lang='lat' dir='ltr'><strong>fine,</strong></span> <span class='ocrx_word' id='word_1_18' title='bbox 777 1194 871 1266; x_wconf 85' lang='lat' dir='ltr'><strong>inter</strong></span> <span class='ocrx_word' id='word_1_19' title='bbox 897 1196 1085 1268; x_wconf 73' lang='lat' dir='ltr'><strong>Victorem</strong></span> <span class='ocrx_word' id='word_1_20' title='bbox 1106 1196 1325 1289; x_wconf 90' lang='lat' dir='ltr'><strong>Romanum,</strong></span> <span class='ocrx_word' id='word_1_21' title='bbox 1351 1226 1392 1276; x_wconf 90' lang='lat' dir='ltr'><strong>ac</strong></span> <span class='ocrx_word' id='word_1_22' title='bbox 1407 1204 1518 1301; x_wconf 82' lang='lat' dir='ltr'><strong>Poly··</strong></span> 
     </span>
     <span class='ocr_line' id='line_1_4' title="bbox 290 1287 1515 1385; baseline 0.006 -18"><span class='ocrx_word' id='word_1_23' title='bbox 290 1312 427 1367; x_wconf 85' lang='lat' dir='ltr'><strong>cratem</strong></span> <span class='ocrx_word' id='word_1_24' title='bbox 450 1288 681 1385; x_wconf 89' lang='lat' dir='ltr'><strong>Ephesinum‚</strong></span> <span class='ocrx_word' id='word_1_25' title='bbox 715 1287 849 1363; x_wconf 87' lang='lat' dir='ltr'><strong>constat</strong></span> <span class='ocrx_word' id='word_1_26' title='bbox 883 1313 984 1383; x_wconf 91' lang='lat' dir='ltr'><strong>quam</strong></span> <span class='ocrx_word' id='word_1_27' title='bbox 1014 1289 1205 1365; x_wconf 77' lang='lat' dir='ltr'><strong>clarissime.</strong></span> <span class='ocrx_word' id='word_1_28' title='bbox 1256 1295 1356 1367; x_wconf 88' lang='lat' dir='ltr'>Inter</span> <span class='ocrx_word' id='word_1_29' title='bbox 1377 1294 1515 1374; x_wconf 79' lang='lat' dir='ltr'><strong>Amce-³</strong></span> 
     </span>
     <span class='ocr_line' id='line_1_5' title="bbox 290 1378 1508 1482; baseline 0.002 -17"><span class='ocrx_word' id='word_1_30' title='bbox 290 1378 370 1465; x_wconf 67' lang='lat' dir='ltr'><strong>ium</strong></span> <span class='ocrx_word' id='word_1_31' title='bbox 400 1402 438 1459; x_wconf 83' lang='lat' dir='ltr'><strong>et</strong></span> <span class='ocrx_word' id='word_1_32' title='bbox 468 1387 704 1480; x_wconf 86' lang='lat' dir='ltr'><strong>Polycarpum·</strong></span> <span class='ocrx_word' id='word_1_33' title='bbox 732 1408 811 1457; x_wconf 92' lang='lat' dir='ltr'><strong>cum</strong></span> <span class='ocrx_word' id='word_1_34' title='bbox 836 1384 882 1456; x_wconf 91' lang='lat' dir='ltr'><strong>de</strong></span> <span class='ocrx_word' id='word_1_35' title='bbox 913 1384 1089 1457; x_wconf 83' lang='lat' dir='ltr'><strong>nonnullis</strong></span> <span class='ocrx_word' id='word_1_36' title='bbox 1110 1384 1285 1482; x_wconf 83' lang='lat' dir='ltr'>capitibus</span> <span class='ocrx_word' id='word_1_37' title='bbox 1308 1389 1394 1465; x_wconf 81' lang='lat' dir='ltr'><strong>esset</strong></span> <span class='ocrx_word' id='word_1_38' title='bbox 1422 1415 1508 1470; x_wconf 89' lang='lat' dir='ltr'><strong>con·</strong></span> 
     </span>
     <span class='ocr_line' id='line_1_6' title="bbox 292 1479 1508 1576; baseline 0.002 -17"><span class='ocrx_word' id='word_1_39' title='bbox 292 1480 485 1568; x_wconf 88' lang='lat' dir='ltr'><strong>troversia,</strong></span> <span class='ocrx_word' id='word_1_40' title='bbox 511 1482 720 1576; x_wconf 82' lang='lat' dir='ltr'><strong>Polycarpus</strong></span> <span class='ocrx_word' id='word_1_41' title='bbox 740 1502 811 1552; x_wconf 90' lang='lat' dir='ltr'><strong>non</strong></span> <span class='ocrx_word' id='word_1_42' title='bbox 834 1498 969 1553; x_wconf 88' lang='lat' dir='ltr'><strong>tantuin</strong></span> <span class='ocrx_word' id='word_1_43' title='bbox 986 1479 1075 1553; x_wconf 86' lang='lat' dir='ltr'><strong>nihil</strong></span> <span class='ocrx_word' id='word_1_44' title='bbox 1102 1480 1271 1573; x_wconf 74' lang='lat' dir='ltr'><strong>erretur,</strong></span> <span class='ocrx_word' id='word_1_45' title='bbox 1297 1484 1355 1558; x_wconf 88' lang='lat' dir='ltr'><strong>sed</strong></span> <span class='ocrx_word' id='word_1_46' title='bbox 1379 1504 1417 1559; x_wconf 92' lang='lat' dir='ltr'><strong>et</strong></span> <span class='ocrx_word' id='word_1_47' title='bbox 1432 1488 1508 1561; x_wconf 58' lang='lat' dir='ltr'><strong>Ros</strong></span> 
     </span>
     <span class='ocr_line' id='line_1_7' title="bbox 286 1574 1504 1744; baseline 0.002 -91"><span class='ocrx_word' id='word_1_48' title='bbox 286 1603 405 1667; x_wconf 86' lang='lat' dir='ltr'><strong>mam,</strong></span> <span class='ocrx_word' id='word_1_49' title='bbox 431 1599 509 1649; x_wconf 92' lang='lat' dir='ltr'><strong>cum</strong></span> <span class='ocrx_word' id='word_1_50' title='bbox 532 1594 679 1744; x_wconf 82' lang='lat' dir='ltr'><strong>propter</strong></span> <span class='ocrx_word' id='word_1_51' title='bbox 695 1598 771 1648; x_wconf 88' lang='lat' dir='ltr'><strong>eam</strong></span> <span class='ocrx_word' id='word_1_52' title='bbox 794 1574 1088 1666; x_wconf 86' lang='lat' dir='ltr'><strong>controversiam,</strong></span> <span class='ocrx_word' id='word_1_53' title='bbox 1112 1595 1153 1649; x_wconf 90' lang='lat' dir='ltr'><strong>ut</strong></span> <span class='ocrx_word' id='word_1_54' title='bbox 1168 1575 1247 1652; x_wconf 85' lang='lat' dir='ltr'><strong>Eus.</strong></span> <span class='ocrx_word' id='word_1_55' title='bbox 1272 1579 1321 1654; x_wconf 91' lang='lat' dir='ltr'><strong>H.</strong></span> <span class='ocrx_word' id='word_1_56' title='bbox 1348 1582 1416 1655; x_wconf 86' lang='lat' dir='ltr'><strong>IV:</strong></span> <span class='ocrx_word' id='word_1_57' title='bbox 1446 1605 1504 1673; x_wconf 89' lang='lat'><strong>14.</strong></span> 
     </span>
     <span class='ocr_line' id='line_1_8' title="bbox 286 1671 1508 1770; baseline -0.001 -17"><span class='ocrx_word' id='word_1_58' title='bbox 286 1692 427 1762; x_wconf 83' lang='lat' dir='ltr'><strong>narrat,</strong></span> <span class='ocrx_word' id='word_1_59' title='bbox 472 1688 544 1744; x_wconf 93' lang='lat' dir='ltr'><strong>tum</strong></span> <span class='ocrx_word' id='word_1_60' title='bbox 576 1694 598 1742; x_wconf 92' lang='lat' dir='ltr'><strong>o</strong></span> <span class='ocrx_word' id='word_1_61' title='bbox 647 1672 728 1743; x_wconf 88' lang='lat' dir='ltr'><strong>alias</strong></span> <span class='ocrx_word' id='word_1_62' title='bbox 750 1694 804 1743; x_wconf 89' lang='lat' dir='ltr'><strong>res</strong></span> <span class='ocrx_word' id='word_1_63' title='bbox 833 1671 1004 1761; x_wconf 87' lang='lat' dir='ltr'><strong>leviores,</strong></span> <span class='ocrx_word' id='word_1_64' title='bbox 1044 1690 1084 1745; x_wconf 89' lang='lat' dir='ltr'><strong>ut</strong></span> <span class='ocrx_word' id='word_1_65' title='bbox 1114 1672 1206 1745; x_wconf 87' lang='lat' dir='ltr'><strong>lren.</strong></span> <span class='ocrx_word' id='word_1_66' title='bbox 1232 1674 1323 1770; x_wconf 88' lang='lat' dir='ltr'><strong>apud</strong></span> <span class='ocrx_word' id='word_1_67' title='bbox 1349 1676 1427 1750; x_wconf 86' lang='lat' dir='ltr'><strong>Eas.</strong></span> <span class='ocrx_word' id='word_1_68' title='bbox 1452 1678 1508 1753; x_wconf 57' lang='lat' dir='ltr'><strong>Hc</strong></span> 
     </span>
     <span class='ocr_line' id='line_1_9' title="bbox 287 1764 1506 1864; baseline 0.002 -20"><span class='ocrx_word' id='word_1_69' title='bbox 287 1774 344 1847; x_wconf 88' lang='lat' dir='ltr'><strong>V:</strong></span> <span class='ocrx_word' id='word_1_70' title='bbox 371 1773 428 1859; x_wconf 65' lang='lat'><strong>24?</strong></span> <span class='ocrx_word' id='word_1_71' title='bbox 452 1766 580 1855; x_wconf 79' lang='lat' dir='ltr'>refert,</span> <span class='ocrx_word' id='word_1_72' title='bbox 622 1764 704 1864; x_wconf 91' lang='lat' dir='ltr'><strong>(qua</strong></span> <span class='ocrx_word' id='word_1_73' title='bbox 739 1764 876 1839; x_wconf 88' lang='lat' dir='ltr'><strong>ratione</strong></span> <span class='ocrx_word' id='word_1_74' title='bbox 904 1769 981 1839; x_wconf 89' lang='lat' dir='ltr'><strong>loca</strong></span> <span class='ocrx_word' id='word_1_75' title='bbox 1006 1768 1063 1839; x_wconf 88' lang='lat' dir='ltr'><strong>illa</strong></span> <span class='ocrx_word' id='word_1_76' title='bbox 1088 1765 1125 1838; x_wconf 87' lang='lat' dir='ltr'><strong>in</strong></span> <span class='ocrx_word' id='word_1_77' title='bbox 1150 1770 1376 1845; x_wconf 85' lang='lat' dir='ltr'><strong>concordiam</strong></span> <span class='ocrx_word' id='word_1_78' title='bbox 1400 1772 1506 1847; x_wconf 79' lang='lat' dir='ltr'><strong>facile</strong></span> 
     </span>
     <span class='ocr_line' id='line_1_10' title="bbox 288 1855 1508 1961; baseline 0.003 -21"><span class='ocrx_word' id='word_1_79' title='bbox 288 1855 516 1961; x_wconf 85' lang='lat' dir='ltr'><strong>rediguntur)</strong></span> <span class='ocrx_word' id='word_1_80' title='bbox 543 1863 709 1950; x_wconf 89' lang='lat' dir='ltr'><strong>veniens,</strong></span> <span class='ocrx_word' id='word_1_81' title='bbox 738 1878 898 1955; x_wconf 85' lang='lat' dir='ltr'><strong>tanquam</strong></span> <span class='ocrx_word' id='word_1_82' title='bbox 914 1862 1064 1957; x_wconf 85' lang='lat' dir='ltr'><strong>aequalis</strong></span> <span class='ocrx_word' id='word_1_83' title='bbox 1082 1881 1252 1958; x_wconf 85' lang='lat' dir='ltr'><strong>exceptus</strong></span> <span class='ocrx_word' id='word_1_84' title='bbox 1270 1864 1339 1955; x_wconf 91' lang='lat' dir='ltr'><strong>est,</strong></span> <span class='ocrx_word' id='word_1_85' title='bbox 1365 1885 1403 1939; x_wconf 90' lang='lat' dir='ltr'><strong>et</strong></span> <span class='ocrx_word' id='word_1_86' title='bbox 1425 1872 1508 1944; x_wconf 84' lang='lat' dir='ltr'><strong>cum¹</strong></span> 
     </span>
     <span class='ocr_line' id='line_1_11' title="bbox 288 1955 1504 2052; baseline 0.004 -18"><span class='ocrx_word' id='word_1_87' title='bbox 288 1959 449 2038; x_wconf 80' lang='lat' dir='ltr'><strong>Aniceto</strong></span> <span class='ocrx_word' id='word_1_88' title='bbox 474 1955 561 2051; x_wconf 83' lang='lat' dir='ltr'><strong>egit.</strong></span> <span class='ocrx_word' id='word_1_89' title='bbox 612 1959 690 2028; x_wconf 89' lang='lat' dir='ltr'><strong>lmo</strong></span> <span class='ocrx_word' id='word_1_90' title='bbox 714 1957 892 2029; x_wconf 90' lang='lat' dir='ltr'><strong>Romanus</strong></span> <span class='ocrx_word' id='word_1_91' title='bbox 913 1955 1075 2052; x_wconf 76' lang='lat' dir='ltr'><strong>singulari</strong></span> <span class='ocrx_word' id='word_1_92' title='bbox 1103 1979 1183 2030; x_wconf 92' lang='lat' dir='ltr'><strong>eum</strong></span> <span class='ocrx_word' id='word_1_93' title='bbox 1207 1958 1375 2036; x_wconf 69' lang='lat' dir='ltr'><strong>mallavit</strong></span> <span class='ocrx_word' id='word_1_94' title='bbox 1390 1962 1504 2038; x_wconf 83' lang='lat' dir='ltr'><strong>hono·</strong></span> 
     </span>
     <span class='ocr_line' id='line_1_12' title="bbox 286 2049 1503 2152; baseline 0.005 -23"><span class='ocrx_word' id='word_1_95' title='bbox 286 2079 351 2145; x_wconf 89' lang='lat' dir='ltr'><strong>re,</strong></span> <span class='ocrx_word' id='word_1_96' title='bbox 386 2052 443 2148; x_wconf 87' lang='lat' dir='ltr'><strong>jus</strong></span> <span class='ocrx_word' id='word_1_97' title='bbox 475 2052 566 2123; x_wconf 90' lang='lat' dir='ltr'><strong>sacra</strong></span> <span class='ocrx_word' id='word_1_98' title='bbox 600 2049 762 2147; x_wconf 90' lang='lat' dir='ltr'><strong>mysteria</strong></span> <span class='ocrx_word' id='word_1_99' title='bbox 794 2054 932 2124; x_wconf 90' lang='lat' dir='ltr'><strong>Romae</strong></span> <span class='ocrx_word' id='word_1_100' title='bbox 957 2051 1155 2127; x_wconf 87' lang='lat' dir='ltr'><strong>celebrandi</strong></span> <span class='ocrx_word' id='word_1_101' title='bbox 1185 2052 1250 2152; x_wconf 89' lang='lat' dir='ltr'><strong>ipsi</strong></span> <span class='ocrx_word' id='word_1_102' title='bbox 1283 2059 1503 2136; x_wconf 76' lang='lat' dir='ltr'><strong>concedenst</strong></span> 
     </span>
     <span class='ocr_line' id='line_1_13' title="bbox 286 2145 1506 2251; baseline 0.003 -24"><span class='ocrx_word' id='word_1_103' title='bbox 286 2170 334 2227; x_wconf 85' lang='lat' dir='ltr'><strong>ut</strong></span> <span class='ocrx_word' id='word_1_104' title='bbox 362 2145 526 2221; x_wconf 87' lang='lat' dir='ltr'><strong>Eusebius</strong></span> <span class='ocrx_word' id='word_1_105' title='bbox 557 2145 750 2241; x_wconf 89' lang='lat' dir='ltr'><strong>posteriore</strong></span> <span class='ocrx_word' id='word_1_106' title='bbox 781 2148 862 2219; x_wconf 90' lang='lat' dir='ltr'><strong>loco</strong></span> <span class='ocrx_word' id='word_1_107' title='bbox 885 2147 1003 2222; x_wconf 90' lang='lat' dir='ltr'><strong>docet.</strong></span> <span class='ocrx_word' id='word_1_108' title='bbox 1053 2148 1210 2223; x_wconf 86' lang='lat' dir='ltr'><strong>Altiotes</strong></span> <span class='ocrx_word' id='word_1_109' title='bbox 1233 2149 1374 2247; x_wconf 90' lang='lat' dir='ltr'><strong>quidem</strong></span> <span class='ocrx_word' id='word_1_110' title='bbox 1401 2156 1506 2251; x_wconf 83' lang='lat' dir='ltr'><strong>geffit&#39;</strong></span> 
     </span>
     <span class='ocr_line' id='line_1_14' title="bbox 285 2239 1505 2337; baseline 0.008 -20"><span class='ocrx_word' id='word_1_111' title='bbox 285 2248 313 2324; x_wconf 89' lang='lat' dir='ltr'><strong>s</strong></span> <span class='ocrx_word' id='word_1_112' title='bbox 334 2244 433 2318; x_wconf 89' lang='lat' dir='ltr'><strong>iritus</strong></span> <span class='ocrx_word' id='word_1_113' title='bbox 460 2239 608 2329; x_wconf 75' lang='lat' dir='ltr'><strong>Vitior,</strong></span> <span class='ocrx_word' id='word_1_114' title='bbox 644 2260 713 2314; x_wconf 86' lang='lat' dir='ltr'><strong>teni</strong></span> <span class='ocrx_word' id='word_1_115' title='bbox 742 2264 804 2314; x_wconf 91' lang='lat' dir='ltr'><strong>ore</strong></span> <span class='ocrx_word' id='word_1_116' title='bbox 829 2240 1040 2337; x_wconf 81' lang='lat' dir='ltr'><strong>Polycratis,</strong></span> <span class='ocrx_word' id='word_1_117' title='bbox 1073 2266 1141 2317; x_wconf 89' lang='lat' dir='ltr'><strong>nec</strong></span> <span class='ocrx_word' id='word_1_118' title='bbox 1166 2265 1283 2321; x_wconf 90' lang='lat' dir='ltr'><strong>tamen</strong></span> <span class='ocrx_word' id='word_1_119' title='bbox 1307 2249 1505 2326; x_wconf 89' lang='lat' dir='ltr'><strong>dominium</strong></span> 
     </span>
     <span class='ocr_line' id='line_1_15' title="bbox 328 2266 1506 2436; baseline 0.005 -23"><span class='ocrx_word' id='word_1_120' title='bbox 328 2338 430 2436; x_wconf 91' lang='lat' dir='ltr'><strong>iquod</strong></span> <span class='ocrx_word' id='word_1_121' title='bbox 455 2335 493 2409; x_wconf 91' lang='lat' dir='ltr'><strong>in</strong></span> <span class='ocrx_word' id='word_1_122' title='bbox 516 2335 684 2409; x_wconf 87' lang='lat' dir='ltr'><strong>Ecclesias</strong></span> <span class='ocrx_word' id='word_1_123' title='bbox 706 2266 873 2409; x_wconf 77' lang='lat' dir='ltr'><strong>sisinticas</strong></span> <span class='ocrx_word' id='word_1_124' title='bbox 900 2337 1083 2411; x_wconf 74' lang='lat' dir='ltr'><strong>adfeslasse</strong></span> <span class='ocrx_word' id='word_1_125' title='bbox 1106 2339 1257 2434; x_wconf 88' lang='lat' dir='ltr'><strong>legitur,</strong></span> <span class='ocrx_word' id='word_1_126' title='bbox 1284 2360 1419 2418; x_wconf 92' lang='lat' dir='ltr'><strong>tantum</strong></span> <span class='ocrx_word' id='word_1_127' title='bbox 1448 2348 1506 2418; x_wconf 74' lang='lat' dir='ltr'><strong>eas</strong></span> 
     </span>
     <span class='ocr_line' id='line_1_16' title="bbox 288 2429 1507 2528; baseline 0.005 -21"><span class='ocrx_word' id='word_1_128' title='bbox 288 2429 629 2520; x_wconf 81' lang='lat' dir='ltr'><strong>excommunicasse,</strong></span> <span class='ocrx_word' id='word_1_129' title='bbox 663 2431 755 2523; x_wconf 93' lang='lat' dir='ltr'><strong>quod</strong></span> <span class='ocrx_word' id='word_1_130' title='bbox 779 2430 866 2503; x_wconf 89' lang='lat' dir='ltr'><strong>nibil</strong></span> <span class='ocrx_word' id='word_1_131' title='bbox 896 2433 988 2506; x_wconf 89' lang='lat' dir='ltr'><strong>aliud</strong></span> <span class='ocrx_word' id='word_1_132' title='bbox 1015 2431 1085 2522; x_wconf 90' lang='lat' dir='ltr'><strong>est,</strong></span> <span class='ocrx_word' id='word_1_133' title='bbox 1120 2456 1218 2528; x_wconf 88' lang='lat' dir='ltr'><strong>quam</strong></span> <span class='ocrx_word' id='word_1_134' title='bbox 1242 2437 1410 2514; x_wconf 77' lang='lat' dir='ltr'><strong>Ecclesiae</strong></span> <span class='ocrx_word' id='word_1_135' title='bbox 1433 2439 1507 2513; x_wconf 86' lang='lat' dir='ltr'><strong>suas</strong></span> 
     </span>
     <span class='ocr_line' id='line_1_17' title="bbox 287 2523 1506 2644; baseline 0 -36"><span class='ocrx_word' id='word_1_136' title='bbox 287 2535 336 2608; x_wconf 83' lang='lat' dir='ltr'><strong>ab</strong></span> <span class='ocrx_word' id='word_1_137' title='bbox 361 2528 403 2603; x_wconf 86' lang='lat' dir='ltr'><strong>iis</strong></span> <span class='ocrx_word' id='word_1_138' title='bbox 420 2523 605 2621; x_wconf 84' lang='lat' dir='ltr'><strong>separasse,</strong></span> <span class='ocrx_word' id='word_1_139' title='bbox 631 2525 722 2621; x_wconf 93' lang='lat' dir='ltr'><strong>quod</strong></span> <span class='ocrx_word' id='word_1_140' title='bbox 739 2548 860 2598; x_wconf 90' lang='lat' dir='ltr'><strong>omnes</strong></span> <span class='ocrx_word' id='word_1_141' title='bbox 883 2526 999 2601; x_wconf 88' lang='lat' dir='ltr'><strong>facere</strong></span> <span class='ocrx_word' id='word_1_142' title='bbox 1018 2547 1184 2624; x_wconf 91' lang='lat' dir='ltr'><strong>poterant</strong></span> <span class='ocrx_word' id='word_1_143' title='bbox 1199 2530 1387 2629; x_wconf 87' lang='lat' dir='ltr'><strong>Episcopi,</strong></span> <span class='ocrx_word' id='word_1_144' title='bbox 1413 2532 1506 2644; x_wconf 87' lang='lat' dir='ltr'><strong>apud</strong></span> 
     </span>
     <span class='ocr_line' id='line_1_18' title="bbox 286 2619 1502 2727; baseline 0.008 -33"><span class='ocrx_word' id='word_1_145' title='bbox 286 2622 374 2704; x_wconf 83' lang='lat' dir='ltr'><strong>Eus.</strong></span> <span class='ocrx_word' id='word_1_146' title='bbox 398 2625 421 2697; x_wconf 86' lang='lat' dir='ltr'><strong>l.</strong></span> <span class='ocrx_word' id='word_1_147' title='bbox 446 2643 498 2710; x_wconf 86' lang='lat' dir='ltr'><strong>c.,</strong></span> <span class='ocrx_word' id='word_1_148' title='bbox 523 2619 625 2692; x_wconf 87' lang='lat' dir='ltr'><strong>irrito</strong></span> <span class='ocrx_word' id='word_1_149' title='bbox 650 2644 786 2717; x_wconf 91' lang='lat' dir='ltr'><strong>quoque</strong></span> <span class='ocrx_word' id='word_1_150' title='bbox 810 2641 959 2713; x_wconf 90' lang='lat' dir='ltr'><strong>conatu,</strong></span> <span class='ocrx_word' id='word_1_151' title='bbox 992 2647 1071 2698; x_wconf 91' lang='lat' dir='ltr'><strong>cum</strong></span> <span class='ocrx_word' id='word_1_152' title='bbox 1095 2623 1220 2721; x_wconf 86' lang='lat' dir='ltr'><strong>reliqui</strong></span> <span class='ocrx_word' id='word_1_153' title='bbox 1243 2627 1411 2727; x_wconf 89' lang='lat' dir='ltr'><strong>Episcopi</strong></span> <span class='ocrx_word' id='word_1_154' title='bbox 1435 2628 1502 2726; x_wconf 81' lang='lat' dir='ltr'><strong>ipsi</strong></span> 
     </span>
     <span class='ocr_line' id='line_1_19' title="bbox 288 2714 1503 2823; baseline 0.003 -27"><span class='ocrx_word' id='word_1_155' title='bbox 288 2720 465 2823; x_wconf 86' lang='lat' dir='ltr'><strong>generale</strong></span> <span class='ocrx_word' id='word_1_156' title='bbox 497 2714 709 2807; x_wconf 87' lang='lat' dir='ltr'><strong>restiterint,</strong></span> <span class='ocrx_word' id='word_1_157' title='bbox 752 2715 861 2810; x_wconf 91' lang='lat' dir='ltr'><strong>ipsum</strong></span> <span class='ocrx_word' id='word_1_158' title='bbox 894 2742 1032 2815; x_wconf 89' lang='lat' dir='ltr'><strong>quoque</strong></span> <span class='ocrx_word' id='word_1_159' title='bbox 1064 2721 1190 2795; x_wconf 85' lang='lat' dir='ltr'><strong>acerbe</strong></span> <span class='ocrx_word' id='word_1_160' title='bbox 1212 2721 1503 2820; x_wconf 76' lang='lat' dir='ltr'><strong>perstrinxerim,</strong></span> 
     </span>
     <span class='ocr_line' id='line_1_20' title="bbox 286 2810 1504 2917; baseline 0.002 -23"><span class='ocrx_word' id='word_1_161' title='bbox 286 2815 384 2894; x_wconf 88' lang='lat' dir='ltr'><strong>teste</strong></span> <span class='ocrx_word' id='word_1_162' title='bbox 396 2812 541 2900; x_wconf 90' lang='lat' dir='ltr'><strong>Euseb.‚</strong></span> <span class='ocrx_word' id='word_1_163' title='bbox 568 2810 605 2884; x_wconf 93' lang='lat' dir='ltr'><strong>in</strong></span> <span class='ocrx_word' id='word_1_164' title='bbox 621 2813 738 2908; x_wconf 87' lang='lat' dir='ltr'><strong>specie</strong></span> <span class='ocrx_word' id='word_1_165' title='bbox 756 2814 917 2885; x_wconf 89' lang='lat' dir='ltr'><strong>Irenaeus</strong></span> <span class='ocrx_word' id='word_1_166' title='bbox 933 2814 1194 2912; x_wconf 82' lang='lat' dir='ltr'><strong>Lugdunensis,</strong></span> <span class='ocrx_word' id='word_1_167' title='bbox 1223 2818 1258 2892; x_wconf 93' lang='lat' dir='ltr'><strong>in</strong></span> <span class='ocrx_word' id='word_1_168' title='bbox 1274 2819 1385 2916; x_wconf 83' lang='lat' dir='ltr'><strong>Epist.</strong></span> <span class='ocrx_word' id='word_1_169' title='bbox 1410 2825 1504 2917; x_wconf 89' lang='lat' dir='ltr'><strong>apud</strong></span> 
     </span>
     <span class='ocr_line' id='line_1_21' title="bbox 284 2905 1501 3009; baseline -0.001 -20"><span class='ocrx_word' id='word_1_170' title='bbox 284 2910 372 2990; x_wconf 82' lang='lat' dir='ltr'><strong>Eas.</strong></span> <span class='ocrx_word' id='word_1_171' title='bbox 418 2909 474 2980; x_wconf 83' lang='lat' dir='ltr'><strong>Ex</strong></span> <span class='ocrx_word' id='word_1_172' title='bbox 506 2905 630 3003; x_wconf 89' lang='lat' dir='ltr'><strong>quibus</strong></span> <span class='ocrx_word' id='word_1_173' title='bbox 655 2906 869 2979; x_wconf 76' lang='lat' dir='ltr'><strong>clarissimum</strong></span> <span class='ocrx_word' id='word_1_174' title='bbox 900 2907 970 2997; x_wconf 88' lang='lat' dir='ltr'><strong>est,</strong></span> <span class='ocrx_word' id='word_1_175' title='bbox 1009 2909 1204 3006; x_wconf 85' lang='lat' dir='ltr'><strong>Episcopus</strong></span> <span class='ocrx_word' id='word_1_176' title='bbox 1229 2915 1410 2987; x_wconf 87' lang='lat' dir='ltr'><strong>Romanos</strong></span> <span class='ocrx_word' id='word_1_177' title='bbox 1433 2938 1501 3009; x_wconf 91' lang='lat' dir='ltr'><strong>pro</strong></span> 
     </span>
     <span class='ocr_line' id='line_1_22' title="bbox 234 3000 1497 3093; baseline -0.003 -9"><span class='ocrx_word' id='word_1_178' title='bbox 234 3039 238 3045; x_wconf 93' lang='lat'>·</span> <span class='ocrx_word' id='word_1_179' title='bbox 287 3001 560 3090; x_wconf 86' lang='lat' dir='ltr'><strong>universalibus,</strong></span> <span class='ocrx_word' id='word_1_180' title='bbox 586 3001 700 3074; x_wconf 90' lang='lat' dir='ltr'><strong>minus</strong></span> <span class='ocrx_word' id='word_1_181' title='bbox 724 3000 985 3089; x_wconf 84' lang='lat' dir='ltr'><strong>lnsallibilibus,</strong></span> <span class='ocrx_word' id='word_1_182' title='bbox 1016 3027 1089 3076; x_wconf 91' lang='lat' dir='ltr'><strong>non</strong></span> <span class='ocrx_word' id='word_1_183' title='bbox 1113 3001 1253 3076; x_wconf 84' lang='lat' dir='ltr'><strong>suissea</strong></span> <span class='ocrx_word' id='word_1_184' title='bbox 1282 3008 1392 3093; x_wconf 85' lang='lat' dir='ltr'><strong>nitos,</strong></span> <span class='ocrx_word' id='word_1_185' title='bbox 1422 3009 1497 3080; x_wconf 88' lang='lat' dir='ltr'><strong>imo</strong></span> 
     </span>
     <span class='ocr_line' id='line_1_23' title="bbox 285 3030 1527 3191; baseline 0 -16"><span class='ocrx_word' id='word_1_186' title='bbox 285 3125 339 3180; x_wconf 86' lang='lat' dir='ltr'><strong>ne</strong></span> <span class='ocrx_word' id='word_1_187' title='bbox 383 3098 499 3173; x_wconf 90' lang='lat' dir='ltr'><strong>uidem</strong></span> <span class='ocrx_word' id='word_1_188' title='bbox 524 3097 605 3169; x_wconf 89' lang='lat' dir='ltr'><strong>illud</strong></span> <span class='ocrx_word' id='word_1_189' title='bbox 630 3096 692 3169; x_wconf 88' lang='lat' dir='ltr'><strong>fibi</strong></span> <span class='ocrx_word' id='word_1_190' title='bbox 717 3094 874 3169; x_wconf 78' lang='lat' dir='ltr'><strong>sumsisse.</strong></span> <span class='ocrx_word' id='word_1_191' title='bbox 927 3098 1048 3169; x_wconf 89' lang='lat' dir='ltr'><strong>Solent</strong></span> <span class='ocrx_word' id='word_1_192' title='bbox 1081 3097 1221 3191; x_wconf 92' lang='lat' dir='ltr'><strong>quidem</strong></span> <span class='ocrx_word' id='word_1_193' title='bbox 1251 3030 1322 3170; x_wconf 72' lang='lat' dir='ltr'><strong>duo</strong></span> <span class='ocrx_word' id='word_1_194' title='bbox 1352 3099 1389 3170; x_wconf 90' lang='lat' dir='ltr'><strong>in</strong></span> <span class='ocrx_word' id='word_1_195' title='bbox 1415 3124 1502 3177; x_wconf 87' lang='lat' dir='ltr'><strong>con·</strong></span> <span class='ocrx_word' id='word_1_196' title='bbox 1525 3121 1527 3124; x_wconf 85' lang='grc'><strong><em>·</em></strong></span> 
     </span>
     <span class='ocr_line' id='line_1_24' title="bbox 292 3188 1503 3280; baseline -0.002 -7"><span class='ocrx_word' id='word_1_197' title='bbox 292 3218 440 3274; x_wconf 81' lang='lat' dir='ltr'><strong>crarium</strong></span> <span class='ocrx_word' id='word_1_198' title='bbox 491 3190 617 3280; x_wconf 75' lang='lat' dir='ltr'><strong>roserii</strong></span> <span class='ocrx_word' id='word_1_199' title='bbox 634 3188 852 3279; x_wconf 87' lang='lat' dir='ltr'><strong>testimonia,</strong></span> <span class='ocrx_word' id='word_1_200' title='bbox 877 3213 985 3262; x_wconf 89' lang='lat' dir='ltr'><strong>unum</strong></span> <span class='ocrx_word' id='word_1_201' title='bbox 1012 3191 1241 3280; x_wconf 86' lang='lat' dir='ltr'><strong>Tertulliani,</strong></span> <span class='ocrx_word' id='word_1_202' title='bbox 1267 3194 1412 3267; x_wconf 88' lang='lat' dir='ltr'><strong>alterum</strong></span> <span class='ocrx_word' id='word_1_203' title='bbox 1428 3198 1503 3271; x_wconf 87' lang='lat' dir='ltr'><strong>Ire·</strong></span> 
     </span>
     <span class='ocr_line' id='line_1_25' title="bbox 290 3217 1502 3461; baseline -0.001 -92"><span class='ocrx_word' id='word_1_204' title='bbox 290 3291 402 3461; x_wconf 66' lang='lat' dir='ltr'><strong>nareigl</strong></span> <span class='ocrx_word' id='word_1_205' title='bbox 419 3217 489 3363; x_wconf 80' lang='lat' dir='ltr'><strong>sed</strong></span> <span class='ocrx_word' id='word_1_206' title='bbox 503 3311 589 3383; x_wconf 90' lang='lat' dir='ltr'><strong>quae</strong></span> <span class='ocrx_word' id='word_1_207' title='bbox 612 3287 701 3362; x_wconf 89' lang='lat' dir='ltr'><strong>nihil</strong></span> <span class='ocrx_word' id='word_1_208' title='bbox 725 3286 834 3361; x_wconf 90' lang='lat' dir='ltr'><strong>simile</strong></span> <span class='ocrx_word' id='word_1_209' title='bbox 857 3285 1000 3360; x_wconf 79' lang='lat' dir='ltr'><strong>babent.</strong></span> <span class='ocrx_word' id='word_1_210' title='bbox 1051 3288 1109 3360; x_wconf 93' lang='lat' dir='ltr'><strong>De</strong></span> <span class='ocrx_word' id='word_1_211' title='bbox 1135 3309 1205 3381; x_wconf 94' lang='lat' dir='ltr'><strong>quo</strong></span> <span class='ocrx_word' id='word_1_212' title='bbox 1231 3288 1426 3365; x_wconf 90' lang='lat' dir='ltr'><strong>adcuratius</strong></span> <span class='ocrx_word' id='word_1_213' title='bbox 1450 3290 1502 3368; x_wconf 82' lang='lat' dir='ltr'><strong>est</strong></span> 
     </span>
     <span class='ocr_line' id='line_1_26' title="bbox 283 3410 474 3466; baseline -0.031 0"><span class='ocrx_word' id='word_1_214' title='bbox 283 3414 309 3466; x_wconf 81' lang='lat' dir='ltr'><strong>a</strong></span> <span class='ocrx_word' id='word_1_215' title='bbox 336 3410 474 3462; x_wconf 90' lang='lat' dir='ltr'><strong>enum.</strong></span> 
     </span>
     <span class='ocr_line' id='line_1_27' title="bbox 309 3413 1500 3581; baseline 0.003 -25"><span class='ocrx_word' id='word_1_216' title='bbox 309 3413 374 3581; x_wconf 52' lang='lat' dir='ltr'><strong>gs</strong></span> <span class='ocrx_word' id='word_1_217' title='bbox 400 3481 565 3557; x_wconf 89' lang='lat' dir='ltr'><strong>CXLIV.</strong></span> <span class='ocrx_word' id='word_1_218' title='bbox 592 3477 846 3566; x_wconf 85' lang='lat' dir='ltr'><strong>Tertullianus,</strong></span> <span class='ocrx_word' id='word_1_219' title='bbox 871 3475 1000 3571; x_wconf 89' lang='lat' dir='ltr'><strong>lapsos,</strong></span> <span class='ocrx_word' id='word_1_220' title='bbox 1027 3477 1088 3551; x_wconf 90' lang='lat' dir='ltr'><strong>etsi</strong></span> <span class='ocrx_word' id='word_1_221' title='bbox 1104 3478 1350 3573; x_wconf 84' lang='lat' dir='ltr'><strong>poenitentes,</strong></span> <span class='ocrx_word' id='word_1_222' title='bbox 1374 3483 1416 3557; x_wconf 89' lang='lat' dir='ltr'><strong>ad</strong></span> <span class='ocrx_word' id='word_1_223' title='bbox 1433 3486 1500 3561; x_wconf 86' lang='lat' dir='ltr'><strong>Ec·</strong></span> 
     </span>
     <span class='ocr_line' id='line_1_28' title="bbox 288 3570 1498 3671; baseline -0.001 -15"><span class='ocrx_word' id='word_1_224' title='bbox 288 3578 414 3656; x_wconf 83' lang='lat' dir='ltr'><strong>clesiae</strong></span> <span class='ocrx_word' id='word_1_225' title='bbox 438 3576 723 3652; x_wconf 90' lang='lat' dir='ltr'><strong>communionem</strong></span> <span class='ocrx_word' id='word_1_226' title='bbox 746 3570 883 3645; x_wconf 86' lang='lat' dir='ltr'><strong>admitti</strong></span> <span class='ocrx_word' id='word_1_227' title='bbox 909 3594 980 3642; x_wconf 93' lang='lat' dir='ltr'><strong>non</strong></span> <span class='ocrx_word' id='word_1_228' title='bbox 1005 3572 1133 3646; x_wconf 88' lang='lat' dir='ltr'><strong>debere</strong></span> <span class='ocrx_word' id='word_1_229' title='bbox 1156 3574 1351 3671; x_wconf 87' lang='lat' dir='ltr'><strong>disputans,</strong></span> <span class='ocrx_word' id='word_1_230' title='bbox 1377 3578 1413 3650; x_wconf 93' lang='lat' dir='ltr'><strong>iii</strong></span> <span class='ocrx_word' id='word_1_231' title='bbox 1438 3579 1498 3661; x_wconf 88' lang='lat' dir='ltr'><strong>lib.</strong></span> 
     </span>
     <span class='ocr_line' id='line_1_29' title="bbox 289 3665 1499 3769; baseline -0.002 -22"><span class='ocrx_word' id='word_1_232' title='bbox 289 3676 339 3747; x_wconf 86' lang='lat' dir='ltr'><strong>de</strong></span> <span class='ocrx_word' id='word_1_233' title='bbox 372 3674 534 3747; x_wconf 79' lang='lat' dir='ltr'><strong>Pudicitia</strong></span> <span class='ocrx_word' id='word_1_234' title='bbox 557 3696 632 3767; x_wconf 89' lang='lat' dir='ltr'><strong>cap.</strong></span> <span class='ocrx_word' id='word_1_235' title='bbox 659 3669 686 3740; x_wconf 92' lang='lat' dir='ltr'><strong>I.</strong></span> <span class='ocrx_word' id='word_1_236' title='bbox 714 3665 915 3762; x_wconf 83' lang='lat' dir='ltr'><strong>perstringit</strong></span> <span class='ocrx_word' id='word_1_237' title='bbox 939 3665 1076 3760; x_wconf 85' lang='lat' dir='ltr'><strong>aliquod</strong></span> <span class='ocrx_word' id='word_1_238' title='bbox 1109 3668 1261 3744; x_wconf 69' lang='lat' dir='ltr'><strong>edidlum</strong></span> <span class='ocrx_word' id='word_1_239' title='bbox 1288 3675 1330 3745; x_wconf 90' lang='lat' dir='ltr'><strong>ab</strong></span> <span class='ocrx_word' id='word_1_240' title='bbox 1354 3673 1499 3769; x_wconf 86' lang='lat' dir='ltr'><strong>Episco-</strong></span> 
     </span>
     <span class='ocr_line' id='line_1_30' title="bbox 290 3758 1499 3866; baseline 0.003 -29"><span class='ocrx_word' id='word_1_241' title='bbox 290 3791 366 3866; x_wconf 87' lang='lat' dir='ltr'><strong>po,</strong></span> <span class='ocrx_word' id='word_1_242' title='bbox 390 3791 489 3862; x_wconf 91' lang='lat' dir='ltr'><strong>quem</strong></span> <span class='ocrx_word' id='word_1_243' title='bbox 519 3790 589 3840; x_wconf 92' lang='lat' dir='ltr'><strong>non</strong></span> <span class='ocrx_word' id='word_1_244' title='bbox 610 3762 787 3849; x_wconf 87' lang='lat' dir='ltr'><strong>nominat,</strong></span> <span class='ocrx_word' id='word_1_245' title='bbox 813 3758 1031 3856; x_wconf 86' lang='lat' dir='ltr'><strong>propositum</strong></span> <span class='ocrx_word' id='word_1_246' title='bbox 1054 3762 1090 3835; x_wconf 92' lang='lat' dir='ltr'><strong>in</strong></span> <span class='ocrx_word' id='word_1_247' title='bbox 1116 3763 1203 3861; x_wconf 79' lang='lat' dir='ltr'><strong>haec</strong></span> <span class='ocrx_word' id='word_1_248' title='bbox 1226 3769 1351 3840; x_wconf 88' lang='lat' dir='ltr'><strong>verba:</strong></span> <span class='ocrx_word' id='word_1_249' title='bbox 1384 3771 1499 3862; x_wconf 84' lang='lat' dir='ltr'><strong>audio,</strong></span> 
     </span>
     <span class='ocr_line' id='line_1_31' title="bbox 290 3855 1506 3954; baseline 0.005 -28"><span class='ocrx_word' id='word_1_250' title='bbox 290 3866 396 3941; x_wconf 66' lang='lat' dir='ltr'><strong>eiiam</strong></span> <span class='ocrx_word' id='word_1_251' title='bbox 416 3867 546 3937; x_wconf 62' lang='lat' dir='ltr'><strong>edietum</strong></span> <span class='ocrx_word' id='word_1_252' title='bbox 572 3859 631 3954; x_wconf 80' lang='lat' dir='ltr'><strong>effe</strong></span> <span class='ocrx_word' id='word_1_253' title='bbox 652 3855 861 3954; x_wconf 84' lang='lat' dir='ltr'><strong>proposttum,</strong></span> <span class='ocrx_word' id='word_1_254' title='bbox 887 3857 1063 3947; x_wconf 81' lang='lat' dir='ltr'><strong>etquidem</strong></span> <span class='ocrx_word' id='word_1_255' title='bbox 1083 3856 1320 3954; x_wconf 72' lang='lat' dir='ltr'><strong>parentationi:</strong></span> <span class='ocrx_word' id='word_1_256' title='bbox 1346 3863 1444 3934; x_wconf 86' lang='lat' dir='ltr'><strong>Ponti</strong></span> <span class='ocrx_word' id='word_1_257' title='bbox 1461 3891 1506 3941; x_wconf 69' lang='lat' dir='ltr'><strong>ex</strong></span> 
     </span>
     <span class='ocr_line' id='line_1_32' title="bbox 276 3948 1500 4061; baseline 0 -27"><span class='ocrx_word' id='word_1_258' title='bbox 276 3959 416 4061; x_wconf 79' lang='lat' dir='ltr'><strong>scilicet</strong></span> <span class='ocrx_word' id='word_1_259' title='bbox 440 3960 643 4043; x_wconf 83' lang='lat' dir='ltr'><strong>Maximus,</strong></span> <span class='ocrx_word' id='word_1_260' title='bbox 684 3955 765 4046; x_wconf 86' lang='lat' dir='ltr'><strong>quod</strong></span> <span class='ocrx_word' id='word_1_261' title='bbox 796 3949 843 4045; x_wconf 84' lang='lat' dir='ltr'><strong>cst</strong></span> <span class='ocrx_word' id='word_1_262' title='bbox 874 3948 1050 4044; x_wconf 82' lang='lat' dir='ltr'><strong>Episcopus</strong></span> <span class='ocrx_word' id='word_1_263' title='bbox 1084 3950 1339 4047; x_wconf 83' lang='lat' dir='ltr'><strong>Episcoporum,</strong></span> <span class='ocrx_word' id='word_1_264' title='bbox 1379 3959 1500 4034; x_wconf 80' lang='lat' dir='ltr'><strong>edicit:</strong></span> 
     </span>
     <span class='ocr_line' id='line_1_33' title="bbox 286 4047 1504 4150; baseline -0.003 -19"><span class='ocrx_word' id='word_1_265' title='bbox 286 4078 349 4150; x_wconf 84' lang='lat' dir='ltr'><strong>ego</strong></span> <span class='ocrx_word' id='word_1_266' title='bbox 382 4069 415 4126; x_wconf 84' lang='lat' dir='ltr'><strong>ct</strong></span> <span class='ocrx_word' id='word_1_267' title='bbox 448 4055 609 4127; x_wconf 75' lang='lat' dir='ltr'><strong>moechiae</strong></span> <span class='ocrx_word' id='word_1_268' title='bbox 640 4065 670 4121; x_wconf 86' lang='lat' dir='ltr'><strong>et</strong></span> <span class='ocrx_word' id='word_1_269' title='bbox 684 4047 916 4140; x_wconf 84' lang='lat' dir='ltr'><strong>fornicationis</strong></span> <span class='ocrx_word' id='word_1_270' title='bbox 941 4048 1056 4116; x_wconf 78' lang='lat' dir='ltr'><strong>dclllla</strong></span> <span class='ocrx_word' id='word_1_271' title='bbox 1084 4052 1280 4142; x_wconf 79' lang='lat' dir='ltr'><strong>paenitentia</strong></span> <span class='ocrx_word' id='word_1_272' title='bbox 1296 4050 1426 4143; x_wconf 73' lang='lat' dir='ltr'><strong>fusilis</strong></span> <span class='ocrx_word' id='word_1_273' title='bbox 1452 4057 1504 4127; x_wconf 80' lang='lat' dir='ltr'><strong>di·</strong></span> 
     </span>
     <span class='ocr_line' id='line_1_34' title="bbox 286 4139 1500 4238; baseline -0.006 -10"><span class='ocrx_word' id='word_1_274' title='bbox 286 4156 396 4228; x_wconf 84' lang='lat' dir='ltr'><strong>mitto.</strong></span> <span class='ocrx_word' id='word_1_275' title='bbox 448 4153 648 4224; x_wconf 92' lang='lat' dir='ltr'><strong>Romanum</strong></span> <span class='ocrx_word' id='word_1_276' title='bbox 675 4141 739 4238; x_wconf 93' lang='lat' dir='ltr'><strong>ipsi</strong></span> <span class='ocrx_word' id='word_1_277' title='bbox 763 4143 801 4216; x_wconf 92' lang='lat' dir='ltr'><strong>in</strong></span> <span class='ocrx_word' id='word_1_278' title='bbox 827 4139 937 4213; x_wconf 89' lang='lat' dir='ltr'><strong>oculis</strong></span> <span class='ocrx_word' id='word_1_279' title='bbox 961 4139 1060 4213; x_wconf 79' lang='lat' dir='ltr'><strong>fuisse</strong></span> <span class='ocrx_word' id='word_1_280' title='bbox 1086 4143 1316 4238; x_wconf 85' lang='lat' dir='ltr'><strong>Episcopum,</strong></span> <span class='ocrx_word' id='word_1_281' title='bbox 1342 4170 1500 4222; x_wconf 89' lang='lat' dir='ltr'><strong>commu·</strong></span> 
     </span>
     <span class='ocr_line' id='line_1_35' title="bbox 287 4235 1502 4340; baseline -0.005 -19"><span class='ocrx_word' id='word_1_282' title='bbox 287 4247 346 4321; x_wconf 89' lang='lat' dir='ltr'><strong>nis</strong></span> <span class='ocrx_word' id='word_1_283' title='bbox 375 4244 446 4317; x_wconf 86' lang='lat' dir='ltr'><strong>fert</strong></span> <span class='ocrx_word' id='word_1_284' title='bbox 471 4244 614 4340; x_wconf 92' lang='lat' dir='ltr'><strong>opinio,</strong></span> <span class='ocrx_word' id='word_1_285' title='bbox 650 4256 686 4311; x_wconf 89' lang='lat' dir='ltr'><strong>et</strong></span> <span class='ocrx_word' id='word_1_286' title='bbox 711 4237 964 4310; x_wconf 86' lang='lat' dir='ltr'><strong>Tertullianum</strong></span> <span class='ocrx_word' id='word_1_287' title='bbox 987 4235 1166 4311; x_wconf 88' lang='lat' dir='ltr'><strong>sarcastice</strong></span> <span class='ocrx_word' id='word_1_288' title='bbox 1192 4239 1307 4334; x_wconf 88' lang='lat' dir='ltr'><strong>loqui,</strong></span> <span class='ocrx_word' id='word_1_289' title='bbox 1349 4259 1386 4312; x_wconf 89' lang='lat' dir='ltr'><strong>et</strong></span> <span class='ocrx_word' id='word_1_290' title='bbox 1415 4241 1502 4316; x_wconf 87' lang='lat' dir='ltr'><strong>titu-</strong></span> 
     </span>
     <span class='ocr_line' id='line_1_36' title="bbox 290 4329 1504 4434; baseline -0.009 -13"><span class='ocrx_word' id='word_1_291' title='bbox 290 4344 367 4421; x_wconf 86' lang='lat' dir='ltr'><strong>lum</strong></span> <span class='ocrx_word' id='word_1_292' title='bbox 393 4337 491 4418; x_wconf 85' lang='lat' dir='ltr'><strong>illum</strong></span> <span class='ocrx_word' id='word_1_293' title='bbox 515 4339 596 4417; x_wconf 87' lang='lat' dir='ltr'><strong>salse</strong></span> <span class='ocrx_word' id='word_1_294' title='bbox 611 4331 866 4434; x_wconf 84' lang='lat' dir='ltr'><strong>perstringere,</strong></span> <span class='ocrx_word' id='word_1_295' title='bbox 891 4329 1122 4410; x_wconf 86' lang='lat' dir='ltr'><strong>Protestantes</strong></span> <span class='ocrx_word' id='word_1_296' title='bbox 1138 4334 1255 4430; x_wconf 83' lang='lat' dir='ltr'><strong>passim</strong></span> <span class='ocrx_word' id='word_1_297' title='bbox 1280 4333 1504 4433; x_wconf 81' lang='lat' dir='ltr'><strong>respondent,</strong></span> 
     </span>
    </p>
   </div>
   <div class='ocr_carea' id='block_1_3' title="bbox 834 4425 1514 4526">
    <p class='ocr_par' dir='ltr' id='par_1_3' title="bbox 834 4425 1514 4526">
     <span class='ocr_line' id='line_1_37' title="bbox 834 4425 1514 4526; baseline 0.007 -8"><span class='ocrx_word' id='word_1_298' title='bbox 834 4425 910 4501; x_wconf 88' lang='lat' dir='ltr'><strong>ssi</strong></span> <span class='ocrx_word' id='word_1_299' title='bbox 926 4450 946 4519; x_wconf 82' lang='lat' dir='ltr'><strong>a</strong></span> <span class='ocrx_word' id='word_1_300' title='bbox 1434 4434 1514 4526; x_wconf 71' lang='lat' dir='ltr'><strong>Sed</strong></span> 
     </span>
    </p>
   </div>
   <div class='ocr_carea' id='block_1_4' title="bbox 1594 4540 1648 4821">
    <p class='ocr_par' dir='ltr' id='par_1_4' title="bbox 1577 4540 1648 4821">
     <span class='ocr_line' id='line_1_38' title="bbox 1594 4540 1648 4821; baseline 0.028 -1.521"><span class='ocrx_word' id='word_1_301' title='bbox 1594 4540 1648 4821; x_wconf 83' lang='lat' dir='ltr'><strong>s</strong></span> 
     </span>
    </p>
   </div>
   <div class='ocr_carea' id='block_1_5' title="bbox 0 0 1811 5500">
    <p class='ocr_par' dir='ltr' id='par_1_5' title="bbox 0 0 1811 5500">
     <span class='ocr_line' id='line_1_39' title="bbox 0 0 1811 5500; baseline 0 0"><span class='ocrx_word' id='word_1_302' title='bbox 0 0 1811 5500; x_wconf 95' lang='lat' dir='ltr'><strong> </strong></span> 
     </span>
    </p>
   </div>
  </div>
 </body>
</html>
