<?xml version="1.0" encoding="UTF-8"?>
<!DOCTYPE html PUBLIC "-//W3C//DTD XHTML 1.0 Transitional//EN"
    "http://www.w3.org/TR/xhtml1/DTD/xhtml1-transitional.dtd">
<html xmlns="http://www.w3.org/1999/xhtml" xml:lang="en" lang="en">
 <head>
  <title>
</title>
<meta http-equiv="Content-Type" content="text/html;charset=utf-8" />
  <meta name='ocr-system' content='tesseract 3.04.00' />
  <meta name='ocr-capabilities' content='ocr_page ocr_carea ocr_par ocr_line ocrx_word'/>
</head>
<body>
  <div class='ocr_page' id='page_1' title='image "./hermannivenemai05venegoog_0201.png"; bbox 0 0 3609 5500; ppageno 0'>
   <div class='ocr_carea' id='block_1_1' title="bbox 592 729 1556 894">
    <p class='ocr_par' dir='ltr' id='par_1_1' title="bbox 592 729 1556 894">
     <span class='ocr_line' id='line_1_1' title="bbox 592 729 1556 894; baseline -0.001 -42"><span class='ocrx_word' id='word_1_1' title='bbox 592 729 629 844; x_wconf 27' lang='grc' dir='ltr'>ι.</span> <span class='ocrx_word' id='word_1_2' title='bbox 673 888 675 894; x_wconf 14' lang='grc' dir='ltr'><strong><em>Α</em></strong></span> <span class='ocrx_word' id='word_1_3' title='bbox 726 774 893 851; x_wconf 64' lang='lat' dir='ltr'>Secuta</span> <span class='ocrx_word' id='word_1_4' title='bbox 1343 796 1418 871; x_wconf 68' lang='lat' dir='ltr'>tuq</span> <span class='ocrx_word' id='word_1_5' title='bbox 1552 776 1556 794; x_wconf 78' lang='grc'><em>’</em></span> 
     </span>
    </p>
   </div>
   <div class='ocr_carea' id='block_1_2' title="bbox 192 943 1416 4113">
    <p class='ocr_par' dir='ltr' id='par_1_2' title="bbox 192 943 1414 1525">
     <span class='ocr_line' id='line_1_2' title="bbox 192 943 1410 1051; baseline -0.004 -20"><span class='ocrx_word' id='word_1_6' title='bbox 192 952 236 1031; x_wconf 85' lang='lat' dir='ltr'>ad</span> <span class='ocrx_word' id='word_1_7' title='bbox 252 974 336 1026; x_wconf 88' lang='lat' dir='ltr'>eum</span> <span class='ocrx_word' id='word_1_8' title='bbox 361 948 490 1049; x_wconf 86' lang='lat' dir='ltr'>scripta</span> <span class='ocrx_word' id='word_1_9' title='bbox 518 952 618 1050; x_wconf 91' lang='lat' dir='ltr'>supra</span> <span class='ocrx_word' id='word_1_10' title='bbox 636 952 696 1027; x_wconf 92' lang='lat' dir='ltr'>suo</span> <span class='ocrx_word' id='word_1_11' title='bbox 720 954 801 1027; x_wconf 88' lang='lat' dir='ltr'>loco</span> <span class='ocrx_word' id='word_1_12' title='bbox 827 943 985 1051; x_wconf 80' lang='lat' dir='ltr'>exposui.</span> <span class='ocrx_word' id='word_1_13' title='bbox 1036 953 1124 1029; x_wconf 87' lang='lat' dir='ltr'>Illud</span> <span class='ocrx_word' id='word_1_14' title='bbox 1143 950 1279 1031; x_wconf 71' lang='lat' dir='ltr'>tantum</span> <span class='ocrx_word' id='word_1_15' title='bbox 1295 952 1410 1042; x_wconf 89' lang='lat' dir='ltr'>addo,</span> 
     </span>
     <span class='ocr_line' id='line_1_3' title="bbox 195 1048 1414 1146; baseline -0.002 -23"><span class='ocrx_word' id='word_1_16' title='bbox 195 1074 293 1135; x_wconf 87' lang='lat' dir='ltr'>eum,</span> <span class='ocrx_word' id='word_1_17' title='bbox 321 1070 466 1121; x_wconf 88' lang='lat' dir='ltr'>mortuo</span> <span class='ocrx_word' id='word_1_18' title='bbox 492 1050 619 1139; x_wconf 91' lang='lat' dir='ltr'>Paulo,</span> <span class='ocrx_word' id='word_1_19' title='bbox 644 1048 804 1140; x_wconf 80' lang='lat' dir='ltr'>rediisse,</span> <span class='ocrx_word' id='word_1_20' title='bbox 830 1072 869 1125; x_wconf 91' lang='lat' dir='ltr'>ut</span> <span class='ocrx_word' id='word_1_21' title='bbox 884 1049 1064 1146; x_wconf 84' lang='lat' dir='ltr'>probabile</span> <span class='ocrx_word' id='word_1_22' title='bbox 1092 1051 1162 1143; x_wconf 85' lang='lat' dir='ltr'>est,</span> <span class='ocrx_word' id='word_1_23' title='bbox 1188 1052 1226 1125; x_wconf 92' lang='lat' dir='ltr'>in</span> <span class='ocrx_word' id='word_1_24' title='bbox 1245 1055 1414 1139; x_wconf 78' lang='lat' dir='ltr'>Cretam,</span> 
     </span>
     <span class='ocr_line' id='line_1_4' title="bbox 192 1143 1410 1243; baseline 0.001 -24"><span class='ocrx_word' id='word_1_25' title='bbox 192 1166 230 1219; x_wconf 82' lang='lat' dir='ltr'>et</span> <span class='ocrx_word' id='word_1_26' title='bbox 251 1143 305 1218; x_wconf 92' lang='lat' dir='ltr'>ibi</span> <span class='ocrx_word' id='word_1_27' title='bbox 327 1146 374 1217; x_wconf 91' lang='lat' dir='ltr'>ad</span> <span class='ocrx_word' id='word_1_28' title='bbox 398 1164 549 1221; x_wconf 87' lang='lat' dir='ltr'>mortem</span> <span class='ocrx_word' id='word_1_29' title='bbox 575 1147 679 1240; x_wconf 84' lang='lat' dir='ltr'>usque</span> <span class='ocrx_word' id='word_1_30' title='bbox 707 1144 888 1236; x_wconf 74' lang='lat' dir='ltr'>resedisse,</span> <span class='ocrx_word' id='word_1_31' title='bbox 915 1165 1075 1243; x_wconf 81' lang='lat' dir='ltr'>tanquam</span> <span class='ocrx_word' id='word_1_32' title='bbox 1097 1146 1330 1221; x_wconf 84' lang='lat' dir='ltr'>Ecclesrarum</span> <span class='ocrx_word' id='word_1_33' title='bbox 1353 1170 1410 1220; x_wconf 87' lang='lat' dir='ltr'>ea·</span> 
     </span>
     <span class='ocr_line' id='line_1_5' title="bbox 194 1240 1411 1335; baseline 0.001 -23"><span class='ocrx_word' id='word_1_34' title='bbox 194 1266 269 1313; x_wconf 88' lang='lat' dir='ltr'>rum</span> <span class='ocrx_word' id='word_1_35' title='bbox 301 1240 501 1335; x_wconf 89' lang='lat' dir='ltr'>supremum</span> <span class='ocrx_word' id='word_1_36' title='bbox 537 1243 760 1315; x_wconf 73' lang='lat' dir='ltr'>directorem.</span> <span class='ocrx_word' id='word_1_37' title='bbox 817 1243 918 1316; x_wconf 83' lang='lat' dir='ltr'>Sicut</span> <span class='ocrx_word' id='word_1_38' title='bbox 954 1244 1064 1316; x_wconf 94' lang='lat' dir='ltr'>modo</span> <span class='ocrx_word' id='word_1_39' title='bbox 1101 1244 1146 1316; x_wconf 88' lang='lat' dir='ltr'>de</span> <span class='ocrx_word' id='word_1_40' title='bbox 1181 1242 1411 1331; x_wconf 86' lang='lat' dir='ltr'>Timotheo,</span> 
     </span>
     <span class='ocr_line' id='line_1_6' title="bbox 193 1335 1412 1444; baseline -0.001 -34"><span class='ocrx_word' id='word_1_41' title='bbox 193 1360 359 1432; x_wconf 85' lang='lat' dir='ltr'>tanquam</span> <span class='ocrx_word' id='word_1_42' title='bbox 382 1335 560 1431; x_wconf 85' lang='lat' dir='ltr'>Ephesrno</span> <span class='ocrx_word' id='word_1_43' title='bbox 583 1338 785 1433; x_wconf 77' lang='lat' dir='ltr'><strong>Episcopo,</strong></span> <span class='ocrx_word' id='word_1_44' title='bbox 800 1336 1006 1413; x_wconf 82' lang='lat' dir='ltr'>observavi.</span> <span class='ocrx_word' id='word_1_45' title='bbox 1055 1338 1162 1444; x_wconf 85' lang='lat' dir='ltr'>Quod</span> <span class='ocrx_word' id='word_1_46' title='bbox 1183 1360 1232 1413; x_wconf 75' lang='lat' dir='ltr'>ex</span> <span class='ocrx_word' id='word_1_47' title='bbox 1255 1335 1412 1411; x_wconf 85' lang='lat' dir='ltr'>Eusebio</span> 
     </span>
     <span class='ocr_line' id='line_1_7' title="bbox 194 1430 1410 1525; baseline -0.002 -19"><span class='ocrx_word' id='word_1_48' title='bbox 194 1456 231 1506; x_wconf 87' lang='lat' dir='ltr'>er</span> <span class='ocrx_word' id='word_1_49' title='bbox 252 1430 334 1505; x_wconf 84' lang='lat' dir='ltr'>aliis</span> <span class='ocrx_word' id='word_1_50' title='bbox 361 1431 555 1505; x_wconf 84' lang='lat' dir='ltr'>Veteribus</span> <span class='ocrx_word' id='word_1_51' title='bbox 582 1432 820 1505; x_wconf 88' lang='lat' dir='ltr'>confirmatur.</span> <span class='ocrx_word' id='word_1_52' title='bbox 910 1518 915 1525; x_wconf 39' lang='lat'>‚</span> <span class='ocrx_word' id='word_1_53' title='bbox 1405 1468 1410 1495; x_wconf 77' lang='grc' dir='ltr'><strong><em>ι</em></strong></span> 
     </span>
    </p>

    <p class='ocr_par' dir='ltr' id='par_1_3' title="bbox 194 1526 1416 4113">
     <span class='ocr_line' id='line_1_8' title="bbox 237 1526 1410 1630; baseline -0.002 -30"><span class='ocrx_word' id='word_1_54' title='bbox 237 1527 270 1625; x_wconf 60' lang='lat' dir='ltr'>l.</span> <span class='ocrx_word' id='word_1_55' title='bbox 297 1527 478 1601; x_wconf 85' lang='lat' dir='ltr'>CLXXII.</span> <span class='ocrx_word' id='word_1_56' title='bbox 498 1527 615 1602; x_wconf 86' lang='lat' dir='ltr'>-llisce</span> <span class='ocrx_word' id='word_1_57' title='bbox 637 1526 814 1601; x_wconf 88' lang='lat' dir='ltr'>addendus</span> <span class='ocrx_word' id='word_1_58' title='bbox 829 1526 952 1603; x_wconf 78' lang='lat' dir='ltr'>adhuc</span> <span class='ocrx_word' id='word_1_59' title='bbox 975 1532 1026 1607; x_wconf 88' lang='lat' dir='ltr'>est</span> <span class='ocrx_word' id='word_1_60' title='bbox 1050 1531 1182 1630; x_wconf 82' lang='lat' dir='ltr'><em>Apollo,</em></span> <span class='ocrx_word' id='word_1_61' title='bbox 1209 1528 1273 1603; x_wconf 88' lang='lat' dir='ltr'>.vel</span> <span class='ocrx_word' id='word_1_62' title='bbox 1297 1526 1410 1621; x_wconf 83' lang='lat' dir='ltr'>Apol·</span> 
     </span>
     <span class='ocr_line' id='line_1_9' title="bbox 194 1620 1410 1719; baseline -0.001 -22"><span class='ocrx_word' id='word_1_63' title='bbox 194 1627 264 1713; x_wconf 89' lang='lat' dir='ltr'>los,</span> <span class='ocrx_word' id='word_1_64' title='bbox 291 1620 433 1718; x_wconf 83' lang='lat' dir='ltr'>plenius</span> <span class='ocrx_word' id='word_1_65' title='bbox 459 1624 712 1719; x_wconf 82' lang='lat' dir='ltr'>Apollodorus,</span> <span class='ocrx_word' id='word_1_66' title='bbox 744 1622 841 1695; x_wconf 85' lang='lat' dir='ltr'>unde</span> <span class='ocrx_word' id='word_1_67' title='bbox 864 1647 992 1701; x_wconf 91' lang='lat' dir='ltr'>nomen</span> <span class='ocrx_word' id='word_1_68' title='bbox 1019 1625 1240 1701; x_wconf 66' lang='lat' dir='ltr'>contraitum</span> <span class='ocrx_word' id='word_1_69' title='bbox 1265 1621 1336 1714; x_wconf 86' lang='lat' dir='ltr'>est,</span> <span class='ocrx_word' id='word_1_70' title='bbox 1367 1622 1410 1696; x_wconf 85' lang='lat' dir='ltr'>sr-</span> 
     </span>
     <span class='ocr_line' id='line_1_10' title="bbox 196 1717 1410 1821; baseline -0.001 -27"><span class='ocrx_word' id='word_1_71' title='bbox 196 1740 252 1794; x_wconf 86' lang='lat' dir='ltr'>cut</span> <span class='ocrx_word' id='word_1_72' title='bbox 277 1742 324 1793; x_wconf 86' lang='lat' dir='ltr'>err</span> <span class='ocrx_word' id='word_1_73' title='bbox 351 1717 497 1790; x_wconf 77' lang='lat' dir='ltr'>Silvano</span> <span class='ocrx_word' id='word_1_74' title='bbox 522 1720 625 1807; x_wconf 84' lang='lat' dir='ltr'>Silas,</span> <span class='ocrx_word' id='word_1_75' title='bbox 656 1720 803 1791; x_wconf 87' lang='lat' dir='ltr'>Lucano</span> <span class='ocrx_word' id='word_1_76' title='bbox 827 1718 959 1811; x_wconf 82' lang='lat' dir='ltr'>Lucas,</span> <span class='ocrx_word' id='word_1_77' title='bbox 992 1722 1248 1821; x_wconf 88' lang='lat' dir='ltr'>superioribus,</span> <span class='ocrx_word' id='word_1_78' title='bbox 1282 1720 1410 1793; x_wconf 79' lang='lat' dir='ltr'>finon</span> 
     </span>
     <span class='ocr_line' id='line_1_11' title="bbox 196 1814 1412 1914; baseline -0.003 -26"><span class='ocrx_word' id='word_1_79' title='bbox 196 1817 375 1914; x_wconf 57' lang='lat' dir='ltr'>superine,</span> <span class='ocrx_word' id='word_1_80' title='bbox 402 1816 523 1888; x_wconf 79' lang='lat' dir='ltr'>saltem</span> <span class='ocrx_word' id='word_1_81' title='bbox 548 1814 717 1910; x_wconf 88' lang='lat' dir='ltr'>aequalis,</span> <span class='ocrx_word' id='word_1_82' title='bbox 744 1833 781 1885; x_wconf 92' lang='lat' dir='ltr'>et</span> <span class='ocrx_word' id='word_1_83' title='bbox 805 1815 842 1887; x_wconf 89' lang='lat' dir='ltr'>in</span> <span class='ocrx_word' id='word_1_84' title='bbox 868 1821 1044 1893; x_wconf 89' lang='lat' dir='ltr'>nonnullis</span> <span class='ocrx_word' id='word_1_85' title='bbox 1067 1817 1206 1903; x_wconf 81' lang='lat' dir='ltr'>similis,</span> <span class='ocrx_word' id='word_1_86' title='bbox 1231 1838 1304 1890; x_wconf 91' lang='lat' dir='ltr'>non</span> <span class='ocrx_word' id='word_1_87' title='bbox 1330 1814 1412 1913; x_wconf 48' lang='lat' dir='ltr'>quit</span> 
     </span>
     <span class='ocr_line' id='line_1_12' title="bbox 195 1909 1410 2007; baseline -0.001 -24"><span class='ocrx_word' id='word_1_88' title='bbox 195 1912 269 1983; x_wconf 82' lang='lat' dir='ltr'>dem</span> <span class='ocrx_word' id='word_1_89' title='bbox 293 1909 393 1983; x_wconf 90' lang='lat' dir='ltr'>Pauli</span> <span class='ocrx_word' id='word_1_90' title='bbox 418 1910 629 2004; x_wconf 84' lang='lat' dir='ltr'>discipulus,</span> <span class='ocrx_word' id='word_1_91' title='bbox 652 1931 690 1983; x_wconf 92' lang='lat' dir='ltr'>et</span> <span class='ocrx_word' id='word_1_92' title='bbox 712 1911 864 2007; x_wconf 76' lang='lat' dir='ltr'>legatus,</span> <span class='ocrx_word' id='word_1_93' title='bbox 888 1932 1043 1989; x_wconf 81' lang='lat' dir='ltr'>attamen</span> <span class='ocrx_word' id='word_1_94' title='bbox 1071 1910 1160 1989; x_wconf 72' lang='lat' dir='ltr'>fidu</span> <span class='ocrx_word' id='word_1_95' title='bbox 1184 1913 1336 2002; x_wconf 78' lang='lat' dir='ltr'>amicus,</span> <span class='ocrx_word' id='word_1_96' title='bbox 1371 1928 1410 1983; x_wconf 86' lang='lat' dir='ltr'>et</span> 
     </span>
     <span class='ocr_line' id='line_1_13' title="bbox 196 2006 1409 2108; baseline -0.002 -29"><span class='ocrx_word' id='word_1_97' title='bbox 196 2032 260 2079; x_wconf 87' lang='lat' dir='ltr'>coo</span> <span class='ocrx_word' id='word_1_98' title='bbox 285 2008 444 2095; x_wconf 84' lang='lat' dir='ltr'>erarius,</span> <span class='ocrx_word' id='word_1_99' title='bbox 488 2006 704 2079; x_wconf 85' lang='lat' dir='ltr'>Christianae</span> <span class='ocrx_word' id='word_1_100' title='bbox 739 2006 912 2079; x_wconf 76' lang='lat' dir='ltr'>libertatis</span> <span class='ocrx_word' id='word_1_101' title='bbox 954 2036 1093 2108; x_wconf 89' lang='lat' dir='ltr'>quoque</span> <span class='ocrx_word' id='word_1_102' title='bbox 1131 2032 1212 2083; x_wconf 90' lang='lat' dir='ltr'>cum</span> <span class='ocrx_word' id='word_1_103' title='bbox 1245 2030 1314 2095; x_wconf 92' lang='lat' dir='ltr'>eo,</span> <span class='ocrx_word' id='word_1_104' title='bbox 1354 2028 1409 2077; x_wconf 81' lang='lat' dir='ltr'>re·</span> 
     </span>
     <span class='ocr_line' id='line_1_14' title="bbox 196 2032 1409 2198; baseline -0.002 -22"><span class='ocrx_word' id='word_1_105' title='bbox 196 2032 310 2198; x_wconf 53' lang='lat' dir='ltr'>spegu</span> <span class='ocrx_word' id='word_1_106' title='bbox 338 2100 431 2198; x_wconf 86' lang='lat' dir='ltr'>legis</span> <span class='ocrx_word' id='word_1_107' title='bbox 456 2103 572 2192; x_wconf 78' lang='lat' dir='ltr'>Mos,</span> <span class='ocrx_word' id='word_1_108' title='bbox 598 2100 756 2174; x_wconf 90' lang='lat' dir='ltr'>strenuus</span> <span class='ocrx_word' id='word_1_109' title='bbox 782 2101 958 2196; x_wconf 82' lang='lat' dir='ltr'>adsertor,</span> <span class='ocrx_word' id='word_1_110' title='bbox 993 2130 1031 2181; x_wconf 91' lang='lat' dir='ltr'>er</span> <span class='ocrx_word' id='word_1_111' title='bbox 1057 2106 1098 2182; x_wconf 87' lang='lat' dir='ltr'>ad</span> <span class='ocrx_word' id='word_1_112' title='bbox 1124 2104 1266 2180; x_wconf 87' lang='lat' dir='ltr'>Paulum</span> <span class='ocrx_word' id='word_1_113' title='bbox 1290 2125 1332 2175; x_wconf 91' lang='lat' dir='ltr'>ac</span> <span class='ocrx_word' id='word_1_114' title='bbox 1360 2104 1409 2174; x_wconf 85' lang='lat' dir='ltr'>A·</span> 
     </span>
     <span class='ocr_line' id='line_1_15' title="bbox 198 2196 1412 2297; baseline -0.003 -25"><span class='ocrx_word' id='word_1_115' title='bbox 198 2200 348 2294; x_wconf 87' lang='lat' dir='ltr'>postolos</span> <span class='ocrx_word' id='word_1_116' title='bbox 375 2198 542 2292; x_wconf 82' lang='lat' dir='ltr'>proxime</span> <span class='ocrx_word' id='word_1_117' title='bbox 573 2196 762 2284; x_wconf 82' lang='lat' dir='ltr'>accedens,</span> <span class='ocrx_word' id='word_1_118' title='bbox 797 2196 847 2269; x_wconf 88' lang='lat' dir='ltr'>ita</span> <span class='ocrx_word' id='word_1_119' title='bbox 872 2219 910 2271; x_wconf 93' lang='lat' dir='ltr'>ut</span> <span class='ocrx_word' id='word_1_120' title='bbox 937 2203 980 2274; x_wconf 87' lang='lat' dir='ltr'>ab</span> <span class='ocrx_word' id='word_1_121' title='bbox 1006 2224 1215 2297; x_wconf 74' lang='lat' dir='ltr'>eo‚,aeque</span> <span class='ocrx_word' id='word_1_122' title='bbox 1238 2220 1280 2271; x_wconf 85' lang='lat' dir='ltr'>ac</span> <span class='ocrx_word' id='word_1_123' title='bbox 1304 2196 1412 2270; x_wconf 79' lang='lat' dir='ltr'>Paulo</span> 
     </span>
     <span class='ocr_line' id='line_1_16' title="bbox 202 2291 1411 2383; baseline -0.001 -18"><span class='ocrx_word' id='word_1_124' title='bbox 202 2317 237 2365; x_wconf 85' lang='lat' dir='ltr'>et</span> <span class='ocrx_word' id='word_1_125' title='bbox 249 2298 374 2383; x_wconf 84' lang='lat' dir='ltr'>Petr0,</span> <span class='ocrx_word' id='word_1_126' title='bbox 394 2292 640 2369; x_wconf 84' lang='lat' dir='ltr'>sesenonnulli</span> <span class='ocrx_word' id='word_1_127' title='bbox 659 2293 697 2366; x_wconf 94' lang='lat' dir='ltr'>in</span> <span class='ocrx_word' id='word_1_128' title='bbox 715 2293 869 2366; x_wconf 78' lang='lat' dir='ltr'>Ecdefia</span> <span class='ocrx_word' id='word_1_129' title='bbox 886 2296 1112 2372; x_wconf 86' lang='lat' dir='ltr'>Corinthinca</span> <span class='ocrx_word' id='word_1_130' title='bbox 1129 2291 1411 2383; x_wconf 73' lang='lat' dir='ltr'>denominarint3</span> 
     </span>
     <span class='ocr_line' id='line_1_17' title="bbox 200 2388 1410 2491; baseline 0.002 -28"><span class='ocrx_word' id='word_1_131' title='bbox 200 2392 313 2464; x_wconf 81' lang='lat' dir='ltr'>1C0r.</span> <span class='ocrx_word' id='word_1_132' title='bbox 342 2391 372 2464; x_wconf 92' lang='lat' dir='ltr'>l.</span> <span class='ocrx_word' id='word_1_133' title='bbox 399 2397 575 2485; x_wconf 78' lang='lat' dir='ltr'>quemque</span> <span class='ocrx_word' id='word_1_134' title='bbox 602 2388 679 2484; x_wconf 83' lang='lat' dir='ltr'>ipso</span> <span class='ocrx_word' id='word_1_135' title='bbox 700 2388 821 2461; x_wconf 88' lang='lat' dir='ltr'>Paulus</span> <span class='ocrx_word' id='word_1_136' title='bbox 846 2389 911 2462; x_wconf 81' lang='lat' dir='ltr'>fibi</span> <span class='ocrx_word' id='word_1_137' title='bbox 932 2395 1148 2491; x_wconf 77' lang='lat' dir='ltr'>aliquatenus</span> <span class='ocrx_word' id='word_1_138' title='bbox 1173 2404 1299 2488; x_wconf 81' lang='lat' dir='ltr'>aequet</span> <span class='ocrx_word' id='word_1_139' title='bbox 1324 2388 1410 2484; x_wconf 80' lang='lat' dir='ltr'>ibid.¹</span> 
     </span>
     <span class='ocr_line' id='line_1_18' title="bbox 197 2481 1409 2587; baseline -0.001 -29"><span class='ocrx_word' id='word_1_140' title='bbox 197 2487 257 2559; x_wconf 87' lang='lat' dir='ltr'>Ill:</span> <span class='ocrx_word' id='word_1_141' title='bbox 283 2486 528 2579; x_wconf 69' lang='lat' dir='ltr'>5.·-3-lV:·&#39;6.²</span> <span class='ocrx_word' id='word_1_142' title='bbox 563 2481 749 2557; x_wconf 81' lang='lat' dir='ltr'>Timothei</span> <span class='ocrx_word' id='word_1_143' title='bbox 772 2504 810 2557; x_wconf 91' lang='lat' dir='ltr'>et</span> <span class='ocrx_word' id='word_1_144' title='bbox 828 2485 909 2558; x_wconf 87' lang='lat' dir='ltr'>Titi</span> <span class='ocrx_word' id='word_1_145' title='bbox 935 2511 1073 2587; x_wconf 88' lang='lat' dir='ltr'>quoque</span> <span class='ocrx_word' id='word_1_146' title='bbox 1097 2489 1211 2561; x_wconf 90' lang='lat' dir='ltr'>socius</span> <span class='ocrx_word' id='word_1_147' title='bbox 1237 2487 1314 2560; x_wconf 90' lang='lat' dir='ltr'>Tit.</span> <span class='ocrx_word' id='word_1_148' title='bbox 1337 2486 1409 2564; x_wconf 77' lang='lat' dir='ltr'>ill:</span> 
     </span>
     <span class='ocr_line' id='line_1_19' title="bbox 200 2579 1409 2676; baseline -0.001 -21"><span class='ocrx_word' id='word_1_149' title='bbox 200 2606 255 2675; x_wconf 78' lang='lat'>13·</span> <span class='ocrx_word' id='word_1_150' title='bbox 304 2582 619 2676; x_wconf 78' lang='lat' dir='ltr'>Heo.x111:.23.</span> <span class='ocrx_word' id='word_1_151' title='bbox 651 2579 801 2673; x_wconf 82' lang='lat' dir='ltr'>scriptor</span> <span class='ocrx_word' id='word_1_152' title='bbox 826 2581 998 2675; x_wconf 86' lang='lat' dir='ltr'>Epistulae</span> <span class='ocrx_word' id='word_1_153' title='bbox 1034 2587 1076 2661; x_wconf 84' lang='lat' dir='ltr'>ad</span> <span class='ocrx_word' id='word_1_154' title='bbox 1102 2584 1236 2673; x_wconf 86' lang='lat' dir='ltr'>Hebr.,</span> <span class='ocrx_word' id='word_1_155' title='bbox 1278 2581 1330 2655; x_wconf 91' lang='lat' dir='ltr'>uti</span> <span class='ocrx_word' id='word_1_156' title='bbox 1356 2580 1409 2654; x_wconf 76' lang='lat' dir='ltr'>su-</span> 
     </span>
     <span class='ocr_line' id='line_1_20' title="bbox 200 2675 1411 2788; baseline 0.002 -38"><span class='ocrx_word' id='word_1_157' title='bbox 200 2700 265 2773; x_wconf 87' lang='lat' dir='ltr'>pra</span> <span class='ocrx_word' id='word_1_158' title='bbox 286 2698 435 2768; x_wconf 79' lang='lat' dir='ltr'>conatus</span> <span class='ocrx_word' id='word_1_159' title='bbox 459 2675 532 2750; x_wconf 91' lang='lat' dir='ltr'>sum</span> <span class='ocrx_word' id='word_1_160' title='bbox 556 2675 753 2770; x_wconf 78' lang='lat' dir='ltr'>adstruere,</span> <span class='ocrx_word' id='word_1_161' title='bbox 785 2676 937 2788; x_wconf 91' lang='lat' dir='ltr'>denique</span> <span class='ocrx_word' id='word_1_162' title='bbox 962 2681 1182 2781; x_wconf 86' lang='lat' dir='ltr'>eloquentia,</span> <span class='ocrx_word' id='word_1_163' title='bbox 1216 2699 1254 2754; x_wconf 90' lang='lat' dir='ltr'>et</span> <span class='ocrx_word' id='word_1_164' title='bbox 1278 2676 1411 2776; x_wconf 75' lang='lat' dir='ltr'>penitie</span> 
     </span>
     <span class='ocr_line' id='line_1_21' title="bbox 202 2769 1412 2876; baseline 0.001 -32"><span class='ocrx_word' id='word_1_165' title='bbox 202 2797 263 2844; x_wconf 91' lang='lat' dir='ltr'>ore</span> <span class='ocrx_word' id='word_1_166' title='bbox 278 2771 524 2870; x_wconf 64' lang='lat' dir='ltr'>mysteriorum</span> <span class='ocrx_word' id='word_1_167' title='bbox 550 2773 771 2859; x_wconf 86' lang='lat' dir='ltr'>divinorum,</span> <span class='ocrx_word' id='word_1_168' title='bbox 799 2797 840 2847; x_wconf 87' lang='lat' dir='ltr'>ac</span> <span class='ocrx_word' id='word_1_169' title='bbox 859 2769 990 2851; x_wconf 78' lang='lat' dir='ltr'>rrtrium</span> <span class='ocrx_word' id='word_1_170' title='bbox 1015 2779 1104 2876; x_wconf 83' lang='lat' dir='ltr'>legis</span> <span class='ocrx_word' id='word_1_171' title='bbox 1121 2775 1238 2863; x_wconf 79' lang='lat' dir='ltr'>Mos,</span> <span class='ocrx_word' id='word_1_172' title='bbox 1262 2773 1412 2850; x_wconf 86' lang='lat' dir='ltr'>scientia</span> 
     </span>
     <span class='ocr_line' id='line_1_22' title="bbox 198 2867 1412 2966; baseline 0.003 -24"><span class='ocrx_word' id='word_1_173' title='bbox 198 2871 462 2956; x_wconf 77' lang='lat' dir='ltr'>celeberrimus,</span> <span class='ocrx_word' id='word_1_174' title='bbox 489 2868 541 2942; x_wconf 90' lang='lat' dir='ltr'>uti</span> <span class='ocrx_word' id='word_1_175' title='bbox 565 2891 617 2966; x_wconf 17' lang='lat' dir='ltr'>ex*</span> <span class='ocrx_word' id='word_1_176' title='bbox 627 2869 693 2962; x_wconf 84' lang='lat' dir='ltr'>Ep.</span> <span class='ocrx_word' id='word_1_177' title='bbox 722 2869 764 2941; x_wconf 91' lang='lat' dir='ltr'>ad</span> <span class='ocrx_word' id='word_1_178' title='bbox 784 2870 897 2943; x_wconf 80' lang='lat' dir='ltr'>Hebr.</span> <span class='ocrx_word' id='word_1_179' title='bbox 923 2893 1042 2965; x_wconf 87' lang='lat' dir='ltr'>patet,</span> <span class='ocrx_word' id='word_1_180' title='bbox 1067 2892 1165 2946; x_wconf 83' lang='lat' dir='ltr'>etex</span> <span class='ocrx_word' id='word_1_181' title='bbox 1191 2871 1294 2941; x_wconf 90' lang='lat' dir='ltr'>titulo</span> <span class='ocrx_word' id='word_1_182' title='bbox 1311 2867 1412 2962; x_wconf 68' lang='lat' dir='ltr'>alpert</span> 
     </span>
     <span class='ocr_line' id='line_1_23' title="bbox 200 2959 1413 3058; baseline -0.002 -22"><span class='ocrx_word' id='word_1_183' title='bbox 200 2965 341 3051; x_wconf 63' lang='lat' dir='ltr'>&amp;tetrus</span> <span class='ocrx_word' id='word_1_184' title='bbox 364 2965 437 3038; x_wconf 62' lang='lat' dir='ltr'>A&amp;</span> <span class='ocrx_word' id='word_1_185' title='bbox 463 2959 603 3039; x_wconf 80' lang='lat' dir='ltr'>XVIII:</span> <span class='ocrx_word' id='word_1_186' title='bbox 625 2964 687 3051; x_wconf 73' lang='lat'>&#39;24</span> <span class='ocrx_word' id='word_1_187' title='bbox 720 2983 788 3035; x_wconf 83' lang='lat' dir='ltr'>nec</span> <span class='ocrx_word' id='word_1_188' title='bbox 813 2985 890 3058; x_wconf 87' lang='lat' dir='ltr'>non</span> <span class='ocrx_word' id='word_1_189' title='bbox 913 2968 1026 3058; x_wconf 89' lang='lat' dir='ltr'>quod,</span> <span class='ocrx_word' id='word_1_190' title='bbox 1065 2979 1147 3039; x_wconf 83' lang='lat' dir='ltr'>cum</span> <span class='ocrx_word' id='word_1_191' title='bbox 1172 2963 1293 3035; x_wconf 89' lang='lat' dir='ltr'>Paulus</span> <span class='ocrx_word' id='word_1_192' title='bbox 1313 2969 1413 3058; x_wconf 51' lang='lat' dir='ltr'>plane</span> 
     </span>
     <span class='ocr_line' id='line_1_24' title="bbox 203 3054 1413 3157; baseline 0 -27"><span class='ocrx_word' id='word_1_193' title='bbox 203 3065 349 3145; x_wconf 61' lang='lat' dir='ltr'>ravan,</span> <span class='ocrx_word' id='word_1_194' title='bbox 381 3058 451 3157; x_wconf 86' lang='lat' dir='ltr'>ipse</span> <span class='ocrx_word' id='word_1_195' title='bbox 479 3059 596 3154; x_wconf 70' lang='lat' dir='ltr'>rigasse</span> <span class='ocrx_word' id='word_1_196' title='bbox 622 3054 761 3131; x_wconf 83' lang='lat' dir='ltr'>dicanu</span> <span class='ocrx_word' id='word_1_197' title='bbox 795 3061 913 3131; x_wconf 86' lang='lat' dir='ltr'>1Cor.</span> <span class='ocrx_word' id='word_1_198' title='bbox 935 3061 1003 3134; x_wconf 92' lang='lat' dir='ltr'>lll.</span> <span class='ocrx_word' id='word_1_199' title='bbox 1036 3059 1278 3134; x_wconf 83' lang='lat' dir='ltr'>confirmatur.¹</span> <span class='ocrx_word' id='word_1_200' title='bbox 1321 3057 1413 3130; x_wconf 82' lang='lat' dir='ltr'>Onu</span> 
     </span>
     <span class='ocr_line' id='line_1_25' title="bbox 197 3151 1410 3253; baseline 0.001 -24"><span class='ocrx_word' id='word_1_201' title='bbox 197 3155 272 3229; x_wconf 84' lang='lat' dir='ltr'>suit</span> <span class='ocrx_word' id='word_1_202' title='bbox 287 3156 458 3250; x_wconf 65' lang='lat' dir='ltr'>judaeus,</span> <span class='ocrx_word' id='word_1_203' title='bbox 482 3175 521 3234; x_wconf 88' lang='lat' dir='ltr'>et</span> <span class='ocrx_word' id='word_1_204' title='bbox 538 3152 792 3230; x_wconf 82' lang='lat' dir='ltr'>Alexandrinus</span> <span class='ocrx_word' id='word_1_205' title='bbox 813 3171 965 3250; x_wconf 83' lang='lat' dir='ltr'>genere,</span> <span class='ocrx_word' id='word_1_206' title='bbox 992 3155 1028 3229; x_wconf 94' lang='lat' dir='ltr'>in</span> <span class='ocrx_word' id='word_1_207' title='bbox 1047 3151 1176 3253; x_wconf 81' lang='lat' dir='ltr'>Seript:</span> <span class='ocrx_word' id='word_1_208' title='bbox 1203 3154 1291 3228; x_wconf 83' lang='lat' dir='ltr'>Vet.</span> <span class='ocrx_word' id='word_1_209' title='bbox 1310 3151 1410 3230; x_wconf 83' lang='lat' dir='ltr'>Test.</span> 
     </span>
     <span class='ocr_line' id='line_1_26' title="bbox 195 3247 1413 3348; baseline 0.002 -26"><span class='ocrx_word' id='word_1_210' title='bbox 195 3253 311 3348; x_wconf 86' lang='lat' dir='ltr'>probe</span> <span class='ocrx_word' id='word_1_211' title='bbox 335 3253 508 3339; x_wconf 87' lang='lat' dir='ltr'>versatus,</span> <span class='ocrx_word' id='word_1_212' title='bbox 535 3248 692 3323; x_wconf 84' lang='lat' dir='ltr'>fervidus</span> <span class='ocrx_word' id='word_1_213' title='bbox 717 3249 861 3344; x_wconf 89' lang='lat' dir='ltr'>spiritu,</span> <span class='ocrx_word' id='word_1_214' title='bbox 886 3249 946 3347; x_wconf 88' lang='lat' dir='ltr'>qui</span> <span class='ocrx_word' id='word_1_215' title='bbox 972 3252 1121 3346; x_wconf 74' lang='lat' dir='ltr'>Ephesi,</span> <span class='ocrx_word' id='word_1_216' title='bbox 1145 3251 1231 3324; x_wconf 85' lang='lat' dir='ltr'>licet</span> <span class='ocrx_word' id='word_1_217' title='bbox 1254 3247 1413 3324; x_wconf 86' lang='lat' dir='ltr'>nonnisi</span> 
     </span>
     <span class='ocr_line' id='line_1_27' title="bbox 200 3341 1414 3443; baseline 0.002 -23"><span class='ocrx_word' id='word_1_218' title='bbox 200 3348 368 3443; x_wconf 70' lang='lat' dir='ltr'>Iohannis</span> <span class='ocrx_word' id='word_1_219' title='bbox 398 3345 569 3443; x_wconf 86' lang='lat' dir='ltr'>baptistae</span> <span class='ocrx_word' id='word_1_220' title='bbox 604 3341 846 3419; x_wconf 87' lang='lat' dir='ltr'>institutiones</span> <span class='ocrx_word' id='word_1_221' title='bbox 877 3345 1068 3434; x_wconf 83' lang='lat' dir='ltr'>haufillet,</span> <span class='ocrx_word' id='word_1_222' title='bbox 1109 3349 1266 3441; x_wconf 90' lang='lat' dir='ltr'>adeoque</span> <span class='ocrx_word' id='word_1_223' title='bbox 1298 3347 1414 3442; x_wconf 85' lang='lat' dir='ltr'>prima</span> 
     </span>
     <span class='ocr_line' id='line_1_28' title="bbox 199 3442 1413 3536; baseline 0.003 -22"><span class='ocrx_word' id='word_1_224' title='bbox 199 3442 297 3536; x_wconf 78' lang='lat' dir='ltr'>regni</span> <span class='ocrx_word' id='word_1_225' title='bbox 323 3445 506 3518; x_wconf 90' lang='lat' dir='ltr'>coelorum</span> <span class='ocrx_word' id='word_1_226' title='bbox 533 3445 706 3516; x_wconf 87' lang='lat' dir='ltr'>elementa</span> <span class='ocrx_word' id='word_1_227' title='bbox 730 3460 865 3513; x_wconf 89' lang='lat' dir='ltr'>tanturn</span> <span class='ocrx_word' id='word_1_228' title='bbox 890 3442 1015 3533; x_wconf 88' lang='lat' dir='ltr'>sciret,</span> <span class='ocrx_word' id='word_1_229' title='bbox 1047 3443 1161 3519; x_wconf 89' lang='lat' dir='ltr'>Hebr.</span> <span class='ocrx_word' id='word_1_230' title='bbox 1187 3442 1254 3516; x_wconf 90' lang='lat' dir='ltr'>Vl.</span> <span class='ocrx_word' id='word_1_231' title='bbox 1287 3462 1413 3517; x_wconf 88' lang='lat' dir='ltr'>recen·</span> 
     </span>
     <span class='ocr_line' id='line_1_29' title="bbox 199 3535 1413 3636; baseline -0.003 -26"><span class='ocrx_word' id='word_1_232' title='bbox 199 3537 280 3625; x_wconf 82' lang='lat' dir='ltr'>fita,</span> <span class='ocrx_word' id='word_1_233' title='bbox 320 3541 367 3613; x_wconf 91' lang='lat' dir='ltr'>de</span> <span class='ocrx_word' id='word_1_234' title='bbox 392 3538 545 3636; x_wconf 81' lang='lat' dir='ltr'>Spiritus</span> <span class='ocrx_word' id='word_1_235' title='bbox 569 3539 603 3610; x_wconf 89' lang='lat' dir='ltr'>S.</span> <span class='ocrx_word' id='word_1_236' title='bbox 623 3535 798 3610; x_wconf 80' lang='lat' dir='ltr'>&#39;effusione</span> <span class='ocrx_word' id='word_1_237' title='bbox 822 3538 911 3611; x_wconf 88' lang='lat' dir='ltr'>nihil</span> <span class='ocrx_word' id='word_1_238' title='bbox 937 3537 1068 3626; x_wconf 90' lang='lat' dir='ltr'>sciens,</span> <span class='ocrx_word' id='word_1_239' title='bbox 1111 3561 1180 3614; x_wconf 89' lang='lat' dir='ltr'>nec</span> <span class='ocrx_word' id='word_1_240' title='bbox 1205 3537 1279 3632; x_wconf 82' lang='lat' dir='ltr'>ejus</span> <span class='ocrx_word' id='word_1_241' title='bbox 1304 3540 1413 3634; x_wconf 64' lang='lat' dir='ltr'>parti,</span> 
     </span>
     <span class='ocr_line' id='line_1_30' title="bbox 196 3631 1413 3730; baseline -0.002 -21"><span class='ocrx_word' id='word_1_242' title='bbox 196 3660 302 3730; x_wconf 77' lang='lat' dir='ltr'>cept,</span> <span class='ocrx_word' id='word_1_243' title='bbox 329 3635 383 3709; x_wconf 91' lang='lat' dir='ltr'>uti</span> <span class='ocrx_word' id='word_1_244' title='bbox 407 3659 453 3708; x_wconf 85' lang='lat' dir='ltr'>ex</span> <span class='ocrx_word' id='word_1_245' title='bbox 477 3656 509 3708; x_wconf 84' lang='lat' dir='ltr'>c.</span> <span class='ocrx_word' id='word_1_246' title='bbox 536 3631 634 3707; x_wconf 88' lang='lat' dir='ltr'>XIX.</span> <span class='ocrx_word' id='word_1_247' title='bbox 659 3633 787 3727; x_wconf 89' lang='lat' dir='ltr'>liquet,</span> <span class='ocrx_word' id='word_1_248' title='bbox 813 3635 948 3708; x_wconf 86' lang='lat' dir='ltr'>causam</span> <span class='ocrx_word' id='word_1_249' title='bbox 971 3635 1118 3710; x_wconf 86' lang='lat' dir='ltr'>Melliae</span> <span class='ocrx_word' id='word_1_250' title='bbox 1146 3653 1270 3708; x_wconf 86' lang='lat' dir='ltr'>contra</span> <span class='ocrx_word' id='word_1_251' title='bbox 1286 3634 1413 3728; x_wconf 74' lang='lat' dir='ltr'>Judae-</span> 
     </span>
     <span class='ocr_line' id='line_1_31' title="bbox 200 3724 1414 3830; baseline -0.001 -25"><span class='ocrx_word' id='word_1_252' title='bbox 200 3759 239 3805; x_wconf 69' lang='grc' dir='ltr'>οε</span> <span class='ocrx_word' id='word_1_253' title='bbox 271 3735 428 3828; x_wconf 77' lang='lat' dir='ltr'>intrepide</span> <span class='ocrx_word' id='word_1_254' title='bbox 462 3729 558 3823; x_wconf 83' lang='lat' dir='ltr'>egit,</span> <span class='ocrx_word' id='word_1_255' title='bbox 598 3726 679 3800; x_wconf 75' lang='lat' dir='ltr'>Aet.</span> <span class='ocrx_word' id='word_1_256' title='bbox 712 3724 857 3801; x_wconf 85' lang='lat' dir='ltr'>XVlll:¹</span> <span class='ocrx_word' id='word_1_257' title='bbox 890 3750 947 3818; x_wconf 80' lang='lat'>25.</span> <span class='ocrx_word' id='word_1_258' title='bbox 982 3727 1185 3830; x_wconf 80' lang='lat' dir='ltr'>(legendum</span> <span class='ocrx_word' id='word_1_259' title='bbox 1212 3727 1312 3800; x_wconf 65' lang='lat' dir='ltr'>&#39;enim</span> <span class='ocrx_word' id='word_1_260' title='bbox 1338 3735 1414 3826; x_wconf 90' lang='lat' dir='ltr'>&#39;pro</span> 
     </span>
     <span class='ocr_line' id='line_1_32' title="bbox 199 3823 1416 3925; baseline 0.002 -27"><span class='ocrx_word' id='word_1_261' title='bbox 199 3827 328 3925; x_wconf 63' lang='grc' dir='ltr'>ἅςιζῖκ</span> <span class='ocrx_word' id='word_1_262' title='bbox 353 3829 403 3902; x_wconf 91' lang='lat' dir='ltr'>ibi</span> <span class='ocrx_word' id='word_1_263' title='bbox 431 3826 573 3899; x_wconf 82' lang='lat' dir='ltr'>videtur</span> <span class='ocrx_word' id='word_1_264' title='bbox 593 3823 739 3918; x_wconf 64' lang='grc' dir='ltr'>ὁφὸῦτκ,</span> <span class='ocrx_word' id='word_1_265' title='bbox 775 3823 826 3895; x_wconf 89' lang='lat' dir='ltr'>uti</span> <span class='ocrx_word' id='word_1_266' title='bbox 851 3825 939 3900; x_wconf 85' lang='lat' dir='ltr'>Phil.</span> <span class='ocrx_word' id='word_1_267' title='bbox 965 3827 991 3899; x_wconf 90' lang='lat' dir='ltr'>l:</span> <span class='ocrx_word' id='word_1_268' title='bbox 1021 3847 1075 3917; x_wconf 86' lang='lat'>14.</span> <span class='ocrx_word' id='word_1_269' title='bbox 1109 3826 1229 3923; x_wconf 75' lang='lat' dir='ltr'>postea</span> <span class='ocrx_word' id='word_1_270' title='bbox 1254 3825 1347 3898; x_wconf 90' lang='lat' dir='ltr'>enim</span> <span class='ocrx_word' id='word_1_271' title='bbox 1370 3828 1416 3902; x_wconf 87' lang='lat' dir='ltr'>ab</span> 
     </span>
     <span class='ocr_line' id='line_1_33' title="bbox 196 3918 1413 4022; baseline -0.007 -24"><span class='ocrx_word' id='word_1_272' title='bbox 196 3928 326 4022; x_wconf 80' lang='lat' dir='ltr'>Aquila</span> <span class='ocrx_word' id='word_1_273' title='bbox 359 3920 547 3998; x_wconf 67' lang='lat' dir='ltr'>instruetur</span> <span class='ocrx_word' id='word_1_274' title='bbox 571 3921 628 3994; x_wconf 73' lang='lat' dir='ltr'>est‘</span> <span class='ocrx_word' id='word_1_275' title='bbox 652 3924 855 4020; x_wconf 67' lang='grc' dir='ltr'>ὁιςιέέςῳυ,</span> <span class='ocrx_word' id='word_1_276' title='bbox 895 3940 935 3994; x_wconf 89' lang='lat' dir='ltr'>ut</span> <span class='ocrx_word' id='word_1_277' title='bbox 964 3921 1050 3996; x_wconf 92' lang='lat' dir='ltr'>ibid.</span> <span class='ocrx_word' id='word_1_278' title='bbox 1081 3947 1117 3997; x_wconf 84' lang='lat' dir='ltr'>u.</span> <span class='ocrx_word' id='word_1_279' title='bbox 1152 3930 1209 3997; x_wconf 85' lang='lat'>26.</span> <span class='ocrx_word' id='word_1_280' title='bbox 1246 3918 1413 4016; x_wconf 90' lang='lat' dir='ltr'>habetur)</span> 
     </span>
     <span class='ocr_line' id='line_1_34' title="bbox 194 4015 1413 4113; baseline -0.008 -19"><span class='ocrx_word' id='word_1_281' title='bbox 194 4023 369 4113; x_wconf 80' lang='lat' dir='ltr'>deinceps</span> <span class='ocrx_word' id='word_1_282' title='bbox 390 4015 585 4092; x_wconf 81' lang='lat' dir='ltr'>accuratius</span> <span class='ocrx_word' id='word_1_283' title='bbox 607 4017 701 4091; x_wconf 83' lang='lat' dir='ltr'>viam</span> <span class='ocrx_word' id='word_1_284' title='bbox 718 4015 867 4089; x_wconf 89' lang='lat' dir='ltr'>Domini</span> <span class='ocrx_word' id='word_1_285' title='bbox 891 4016 1057 4104; x_wconf 64' lang='lat' dir='ltr'>edusius,</span> <span class='ocrx_word' id='word_1_286' title='bbox 1082 4017 1252 4098; x_wconf 84' lang='lat' dir='ltr'>Achaiam</span> <span class='ocrx_word' id='word_1_287' title='bbox 1270 4034 1413 4112; x_wconf 87' lang='lat' dir='ltr'>petens,</span> 
     </span>
    </p>
   </div>
   <div class='ocr_carea' id='block_1_3' title="bbox 195 4109 1523 4202">
    <p class='ocr_par' dir='ltr' id='par_1_4' title="bbox 195 4109 1523 4202">
     <span class='ocr_line' id='line_1_35' title="bbox 195 4109 1523 4202; baseline -0.017 -3"><span class='ocrx_word' id='word_1_288' title='bbox 195 4137 237 4189; x_wconf 88' lang='lat' dir='ltr'>et</span> <span class='ocrx_word' id='word_1_289' title='bbox 263 4114 433 4196; x_wconf 82' lang='lat' dir='ltr'>Corinthi</span> <span class='ocrx_word' id='word_1_290' title='bbox 457 4111 631 4197; x_wconf 87' lang='lat' dir='ltr'>versatus,</span> <span class='ocrx_word' id='word_1_291' title='bbox 656 4117 792 4187; x_wconf 86' lang='lat' dir='ltr'>multum</span> <span class='ocrx_word' id='word_1_292' title='bbox 815 4109 954 4188; x_wconf 56' lang='lat' dir='ltr'>&#39;ontulit</span> <span class='ocrx_word' id='word_1_293' title='bbox 980 4115 1181 4188; x_wconf 74' lang='lat' dir='ltr'>credentibus</span> <span class='ocrx_word' id='word_1_294' title='bbox 1205 4111 1258 4184; x_wconf 72' lang='lat' dir='ltr'>«hd</span> <span class='ocrx_word' id='word_1_295' title='bbox 1279 4122 1327 4191; x_wconf 70' lang='grc' dir='ltr'>τῆς</span> <span class='ocrx_word' id='word_1_296' title='bbox 1349 4111 1417 4202; x_wconf 73' lang='grc' dir='ltr'>χά·</span> <span class='ocrx_word' id='word_1_297' title='bbox 1519 4130 1523 4138; x_wconf 95' lang='grc'><em>·</em></span> 
     </span>
    </p>
   </div>
   <div class='ocr_carea' id='block_1_4' title="bbox 190 4206 1421 4399">
    <p class='ocr_par' dir='ltr' id='par_1_5' title="bbox 190 4206 1421 4399">
     <span class='ocr_line' id='line_1_36' title="bbox 190 4206 1418 4318; baseline -0.011 -31"><span class='ocrx_word' id='word_1_298' title='bbox 190 4241 299 4318; x_wconf 59' lang='lat' dir='ltr'>por,</span> <span class='ocrx_word' id='word_1_299' title='bbox 328 4210 406 4284; x_wconf 81' lang='lat' dir='ltr'>-srve</span> <span class='ocrx_word' id='word_1_300' title='bbox 433 4207 648 4304; x_wconf 67' lang='lat' dir='ltr'>pleniore</span> <span class='ocrx_word' id='word_1_301' title='bbox 665 4211 751 4311; x_wconf 60' lang='lat' dir='ltr'>arpa</span> <span class='ocrx_word' id='word_1_302' title='bbox 770 4207 914 4306; x_wconf 62' lang='grc' dir='ltr'>χὲμωοζ</span> <span class='ocrx_word' id='word_1_303' title='bbox 947 4209 1018 4294; x_wconf 80' lang='lat' dir='ltr'>siue</span> <span class='ocrx_word' id='word_1_304' title='bbox 1043 4233 1108 4311; x_wconf 86' lang='lat' dir='ltr'>per</span> <span class='ocrx_word' id='word_1_305' title='bbox 1129 4209 1290 4308; x_wconf 81' lang='lat' dir='ltr'>sermonis</span> <span class='ocrx_word' id='word_1_306' title='bbox 1308 4206 1418 4300; x_wconf 80' lang='lat' dir='ltr'>grati·</span> 
     </span>
     <span class='ocr_line' id='line_1_37' title="bbox 248 4305 1421 4399; baseline -0.009 -16"><span class='ocrx_word' id='word_1_307' title='bbox 248 4305 335 4386; x_wconf 79' lang='lat' dir='ltr'>Tun.</span> <span class='ocrx_word' id='word_1_308' title='bbox 360 4308 440 4386; x_wconf 84' lang='grc' dir='ltr'>ΙΙΙ.</span> <span class='ocrx_word' id='word_1_309' title='bbox 713 4329 742 4370; x_wconf 78' lang='lat'>··</span> <span class='ocrx_word' id='word_1_310' title='bbox 793 4310 851 4385; x_wconf 84' lang='lat' dir='ltr'>Bb</span> <span class='ocrx_word' id='word_1_311' title='bbox 1345 4323 1421 4399; x_wconf 79' lang='lat' dir='ltr'>am,</span> 
     </span>
    </p>
   </div>
   <div class='ocr_carea' id='block_1_5' title="bbox 0 0 1811 5500">
    <p class='ocr_par' dir='ltr' id='par_1_6' title="bbox 0 0 1811 5500">
     <span class='ocr_line' id='line_1_38' title="bbox 0 0 1811 5500; baseline 0 0"><span class='ocrx_word' id='word_1_312' title='bbox 0 0 1811 5500; x_wconf 95' lang='lat' dir='ltr'> </span> 
     </span>
    </p>
   </div>
  </div>
 </body>
</html>
