3609 5500
570 700 574 709 ¹
632 729 659 826 ἢ
704 739 722 806 s
751 686 861 808 aecii.
886 723 962 805 ΙΙΙ.
993 741 997 749 ’
1393 745 1465 827 777

236 899 289 980 est
323 903 539 1000 insecutum,
582 931 664 986 curn
699 931 761 982 non
793 909 848 980 diu
879 905 1015 1004 possin
1046 900 1272 1005 provinciam
1303 903 1460 1001 venisse,

234 1001 299 1074 ubi
333 1025 408 1076 erat
432 1005 621 1096 Eusebius,
663 1005 738 1102 ipse
761 1004 894 1098 referat
919 1008 941 1079 l.
968 1028 1000 1080 c.
1048 1009 1190 1080 Summa
1224 1021 1321 1099 erat,
1354 1027 1461 1078 onnes

236 1102 413 1194 ubicunque
447 1102 672 1195 Eccleſsarum·
705 1099 880 1195 Antistius
911 1105 1050 1192 primum
1090 1102 1212 1195 quidem
1249 1103 1462 1195 conjiciendos

235 1196 296 1291 effe
318 1202 354 1271 in
385 1201 534 1289 vincula,
573 1203 645 1271 dein
670 1222 743 1274 vero
779 1197 857 1272 Diis
881 1195 1074 1293 sacrificare
1111 1200 1284 1290 omnimodo
1300 1221 1462 1290 cogerem
1516 1251 1520 1257 -

235 1313 300 1366 mr.
350 1293 455 1400 Quod
490 1293 642 1369 edistum
675 1297 713 1368 in
740 1294 810 1366 duo
836 1292 969 1367 dividit
993 1295 1071 1370 Eos.
1097 1295 1146 1368 ib.
1172 1317 1204 1366 c.
1233 1293 1459 1383 6.,d1versrs

234 1393 342 1462 edita
364 1393 602 1486 temporibus;
628 1391 805 1466 sedonius
825 1409 982 1480 tanturn,
1007 1392 1067 1465 die
1095 1412 1142 1479 24
1165 1392 1267 1462 Febr.
1301 1389 1459 1484 publica·

219 1488 287 1577 ti,
320 1487 484 1560 meminit
512 1488 669 1562 Ladiant.
693 1508 811 1580 c..13.
860 1487 1014 1562 Duravit
1046 1487 1154 1570 baec,
1196 1509 1283 1581 quae
1309 1484 1460 1559 Antisti·

237 1603 291 1654 res
316 1603 450 1655 tantum
483 1583 603 1673 feriit,
637 1582 839 1679 persecutio
868 1606 934 1678 per
963 1606 1105 1657 annum.
1130 1582 1209 1656 Eus.
1245 1581 1290 1654 de
1313 1599 1457 1678 martyr.

237 1677 378 1772 Palaest.
404 1703 435 1754 c.
464 1703 495 1753 a.
523 1681 583 1753 fin.
609 1673 689 1775 qui,
721 1680 854 1754 multos.
874 1678 976 1755 fuisse
994 1679 1176 1773 martyrio
1201 1697 1285 1752 tunc
1310 1699 1460 1752 corona·

237 1793 314 1863 tos,
348 1776 455 1849 addit.
504 1798 539 1866 4.
561 1779 734 1874 ¹Secutum
757 1773 841 1846 dein
863 1771 937 1863 est,
980 1798 1072 1848 auno
1100 1776 1159 1850 ado
1184 1772 1457 1870 persecutionis,

231 1871 387 1968 proprie·
408 1871 544 1960 aletae,
579 1889 726 1965 quartum
752 1869 928 1959 edidlum,
970 1871 1064 1964 quod
1082 1871 1321 1944 ,universalem
1345 1869 1460 1948 Chris·

237 1969 434 2057 tianorum,
469 1968 562 2042 nullo
587 1967 680 2041 mero
705 1966 930 2056 discrimine,
971 1967 1254 2064 persecutionem
1282 1966 1458 2042 omnimo-

233 2067 315 2138 dam
341 2063 525 2152 continet,
558 2063 737 2160 speciatim
761 2085 825 2158 per
854 2080 1052 2150 tormenta,
1087 2081 1127 2136 ut
1153 2082 1319 2135 nontam
1345 2063 1457 2136 inter·

238 2161 352 2248 irent,
393 2183 496 2256 quam
528 2161 569 2234 ad
603 2159 783 2256 religionis
816 2159 960 2254 gentilis
992 2159 1240 2254 profellionem
1268 2161 1457 2254 compelle.-

237 2276 371 2330 rentnr.
399 2254 477 2328 Eus.
503 2255 547 2328 de
570 2278 714 2352 martyr.
738 2253 878 2330 Palaest.
904 2279 936 2330 c.
965 2279 998 2348 3.
1045 2255 1180 2328 Prodiit
1206 2253 1288 2326 illud
1314 2279 1344 2328 a.
1374 2278 1458 2348 304.

238 2372 278 2426 ut
306 2369 431 2424 contra
446 2350 628 2448 ¹Dodwell.
656 2349 909 2430 demonstravit
933 2350 1043 2448 Pagi,
1067 2371 1105 2423 et
1132 2349 1269 2425 abhoc
1296 2368 1458 2445 tempore

238 2471 361 2522 eon-:m
385 2446 521 2544 sanguis
546 2469 671 2542 magna
704 2445 810 2542 copia
838 2465 996 2518 narratur
1029 2446 1143 2534 fusus;
1182 2446 1220 2516 in
1247 2468 1328 2535 eos,
1368 2448 1459 2520 nulla

238 2543 392 2640 generis.
411 2563 471 2616 aut
504 2540 603 2616 sexus
642 2542 761 2618 habita
802 2543 970 2632 ratione,
1013 2544 1143 2638 ubique
1183 2540 1308 2636 inpetu
1350 2541 1456 2615 facio.

239 2639 403 2736 Denique
439 2661 473 2728 5.
501 2641 643 2732 quintum
672 2637 723 2712 est
759 2661 778 2711 a
803 2637 1007 2714 Maximino
1032 2641 1128 2713 Daza
1152 2639 1330 2726 emissum,
1363 2636 1457 2732 post·

239 2761 341 2834 quam
361 2735 519 2810 Galerius
535 2733 793 2822 Maximianus,
817 2735 932 2809 morbi
952 2732 1177 2812 vehementia
1195 2735 1347 2832 pressus,
1363 2758 1456 2903 pau·

241 2835 276 2907 lo
300 2852 383 2904 ante
409 2829 636 2928 publicasset,
667 2832 710 2905 ad
735 2829 924 2906 finiendam
955 2831 1259 2929 persecutionem,
1302 2828 1359 2905 edi

239 2954 272 3004 a
300 2952 382 3022 3¹¹·
410 2926 627 3002 Maximinus
652 2926 746 3003 enim
774 2950 820 3003 ne
845 2928 904 3002 sex
940 2928 1083 3025 quidem
1107 2928 1224 3002 Mens.
1249 2924 1458 3002 Christianis

229 3022 399 3123 permisrt
424 3047 510 3122 pace
527 3022 616 3097 ¹frui.
668 3022 746 3099 Ilus.
772 3023 821 3097 H.
848 3022 913 3097 IX:
941 3046 976 3099 2:
998 3024 1058 3098 sed
1082 3047 1163 3099 cum
1187 3047 1248 3097 eos
1276 3022 1381 3097 variis
1403 3047 1458 3097 ar·

230 3118 337 3195 tibus
360 3119 511 3213 primurn
533 3116 710 3210 vexasset,
751 3117 939 3196 saevissima
964 3120 1076 3194 edidit
1091 3118 1207 3195 edida
1226 3118 1263 3191 in
1285 3120 1458 3210 Oriente,

238 3216 303 3291 ubi
329 3236 514 3311 tyrannum
540 3218 686 3312 agebat,
729 3236 828 3288 novo
854 3216 961 3291 etiam
989 3218 1154 3311 exemplo
1185 3212 1222 3288 in
1248 3238 1307 3290 aes
1327 3214 1458 3307 incisa,

239 3333 283 3481 {t
308 3310 449 3481 pulblice
475 3311 674 3408 proposita,
707 3332 787 3389 cum
814 3329 919 3387 antea
941 3312 979 3388 in
1003 3310 1127 3389 charta
1148 3311 1458 3409 perscriberentur.

228 3458 236 3475 .
274 3410 320 3481 us.
358 3430 423 3483 .c.
449 3431 525 3485 ca.
578 3466 586 3483 .
820 3410 823 3421 '
888 3460 893 3472 -

286 3502 318 3604 l.
345 3432 633 3579 chV1i1·⁷De
659 3506 832 3587 atrocitate
858 3507 1116 3605 persecutionis
1137 3508 1252 3602 multa
1269 3502 1454 3603 testantur,

244 3622 277 3674 r.
302 3600 522 3690 Propositum
547 3602 670 3675 horum
695 3604 899 3697 Principum
927 3598 1029 3675 soille
1054 3590 1286 3676 Christianam
1311 3602 1456 3700 religio·

242 3716 346 3783 nem,
373 3696 694 3793 srpote,·sunditus
708 3697 924 3795 exstirpare,
948 3722 995 3772 err·
1017 3696 1457 3775 modo'm'ebroratisjedic·

243 3790 307 3881 tis,
332 3812 369 3863 et
396 3795 494 3881 causa
516 3792 731 3892 inpellente,
757 3795 862 3890 supra
876 3793 1066 3890 explicita,
1088 3816 1162 3871 non
1178 3811 1311 3868 tanturn
1326 3792 1458 3871 eluces-

240 3886 314 3976 cit,
347 3887 405 3963 sed
438 3912 482 3965 err
505 3891 561 3967 die
586 3890 824 3988 persecutioni
853 3890 1048 3981 destinato,
1081 3910 1120 3968 et
1144 3888 1453 3985 inscriptionibus,

243 4006 382 4079 quoque
418 3986 533 4081 colligi
566 3985 710 4084 poterit.
767 3988 857 4063 Dies
895 3987 1008 4061 dietus
1041 3985 1110 4060 fuit
1140 3987 1347 4072 terminalia,
1388 4009 1461 4083 quo

232 4080 315 4152 ·Dei
335 4085 474 4156 'rrrrnini
499 4082 624 4157 sellum
656 4084 845 4183 agebatur,
884 4083 994 4158 mens.
1028 4084 1130 4158 Febr.
1166 4107 1247 4177 23³2
1309 4079 1345 4154 ui
1374 4081 1459 4159 anni

237 4172 451 4257 censebatur.
469 4194 672 4273 extremus,
699 4178 856 4285 „sttruos
882 4185 1036 4272 taurinus
1060 4182 1279 4276 inponantur
1330 4179 1361 4250 ic
1374 4178 1465 4269 ,teliz
1516 4231 1520 4237 ι

228 4326 234 4341 .
272 4268 476 4371 somam.
827 4280 856 4351 F
866 4274 957 4355 ffff
1347 4274 1461 4370 girus}

1400 2856 1542 2918 um,
