3609 5500
792 884 897 961 Setul.
925 885 978 962 Is.
1244 850 1247 856 .
1430 911 1502 983 501

272 1063 356 1139 usus
382 1061 428 1136 de
451 1087 595 1142 munere
612 1064 866 1140 Ecclesiastico.
909 1067 977 1139 Sed
997 1064 1084 1139 sicut
1110 1062 1147 1138 in
1170 1066 1310 1143 ordinem
1326 1084 1363 1141 et
1376 1070 1505 1162 plebem

275 1159 501 1236 dissinslioa
523 1163 765 1236 Romanorum
783 1162 973 1250 institutis,
1001 1163 1048 1233 ita
1071 1162 1110 1234 in
1135 1162 1292 1236 Clericus
1318 1183 1357 1237 et
1374 1166 1503 1242 Laicos

277 1256 390 1329 tracia
407 1257 457 1329 est
472 1282 490 1330 a
507 1259 716 1354 Judaeorum
734 1257 855 1349 sacris,
879 1278 918 1330 et
936 1280 1019 1329 tunc
1035 1256 1188 1331 maxime
1205 1257 1373 1350 invaluit,
1395 1286 1503 1358 quan·

278 1352 329 1427 do
353 1354 500 1450 praelati
522 1354 696 1428 Ecclesiae
721 1353 783 1427 srbi
807 1354 1022 1452 peculiarem
1046 1356 1090 1426 ad
1115 1355 1233 1427 Deum
1255 1378 1340 1451 prae
1357 1359 1502 1455 reliquis

276 1448 494 1544 adrogarunt
517 1452 820 1547 praerogativam,
856 1470 1027 1547 quatenus
1052 1451 1135 1525 Deo
1154 1450 1213 1523 'in
1241 1450 1356 1545 specie
1379 1454 1502 1529 conse·

273 1546 391 1634 crati,
411 1568 447 1617 et
457 1546 530 1640 ejus
545 1549 615 1619 sors
631 1571 672 1621 ac
689 1548 904 1639 haereditas,
923 1548 1168 1636 censerentur,
1192 1545 1289 1619 fimus
1298 1548 1438 1645 aliquod
1451 1552 1501 1624 sa·

276 1639 478 1736 cerdatium
496 1643 630 1749 regale,
654 1645 697 1715 ad
713 1643 902 1739 imaginem
920 1645 1007 1719 Vet.
1031 1641 1151 1733 Test.,
1175 1641 1336 1717 sefacere
1351 1664 1500 1741 putave-

274 1736 398 1906 male
413 1736 513 1834 Quae
520 1739 609 1905 Tipsa
633 1737 832 1907 dilginslio,
853 1747 897 1848 ,e't
919 1738 1156 1813 conformatio
1161 1739 1225 1906 Ead
1236 1737 1370 1908 lstptum
1386 1740 1513 1817 sacer-x

278 1832 538 2017 i‘a’ssarsrliin,
558 1836 1235 2028 anzssslllesssslnlsalnoe
1248 1858 1267 1907 e
1282 1859 1337 1910 ¹²³
1351 1837 1515 1968 ω’·
1607 1884 1616 1896 ’

325 2023 359 2125 s.
384 2025 567 2100 CXXXV.
594 2028 680 2099 Cum
698 2052 784 2101 vero
801 2027 1017 2101 Clericorum
1035 2030 1107 2100 ordo
1123 2029 1181 2103 vel
1196 2024 1414 2123 srtfieperior,
1438 2030 1500 2130 qui

275 2119 474 2231 Episcopus
499 2122 769 2217 comprehendit
796 2142 833 2196 et
862 2125 1108 2221 Presbyteros,
1148 2124 1207 2199 vel
1238 2124 1395 2219 iefferiar,
1438 2128 1499 2226 qui

276 2217 479 2306 Diaconos,
522 2238 560 2291 ut
589 2218 703 2292 Vetus
727 2220 834 2293 habet
858 2239 960 2294 autor
984 2218 1029 2293 de
1058 2220 1232 2294 haereticis
1264 2244 1325 2295 non
1355 2228 1499 2320 rebapti-

276 2312 398 2388 zandis
414 2313 505 2408 apud
524 2315 643 2387 Vales.
668 2315 711 2387 ad
735 2314 815 2390 Eos.
840 2316 889 2391 H.
918 2317 986 2389 Vl:
1010 2337 1091 2409 43„
1114 2315 1160 2414 de
1183 2313 1350 2409 superiore
1374 2322 1496 2429 adgre-

275 2407 359 2484 dior
373 2430 486 2577 apere.
535 2411 563 2480 F
566 2408 649 2483 uisse
668 2410 737 2483 hoc
757 2412 825 2487 sec.
851 2411 1062 2508 Episcopus,
1088 2411 1337 2508 aPresbyteris
1353 2412 1496 2490 distinc-

272 2522 357 2595 tos,
395 2524 469 2578 rcut
494 2528 538 2579 ex
563 2506 660 2601 supra
683 2505 865 2603 disputatis
887 2509 929 2581 ad
946 2504 1159 2603 praecedens
1184 2507 1251 2580 sec.
1276 2507 1498 2589 manifestum

272 2598 350 2689 est,
394 2600 443 2673 ita
468 2625 512 2675 er
537 2598 765 2697 scriptoribus
791 2604 892 2700 hujus
917 2604 985 2678 sec.
1011 2619 1110 2676 extra
1133 2600 1298 2694 dubium,
1338 2607 1382 2679 ab
1415 2606 1498 2706 ipsu

274 2694 385 2772 etiarn
409 2695 493 2788 illis,
529 2697 587 2795 qui
605 2699 672 2774 sec.
698 2700 726 2773 l.
753 2699 787 2772 id
805 2718 994 2796 negarunt,
1026 2697 1194 2796 agnitum.
1242 2698 1376 2798 Utique
1392 2704 1498 2782 Blon·

272 2793 385 2870 dellus
409 2813 447 2866 et
470 2793 646 2868 Salmasius
664 2793 843 2888 distinslos
860 2797 937 2869 illos
960 2794 1115 2891 coepisse
1139 2792 1294 2870 ‘Ordines
1309 2799 1405 2873 circa
1420 2825 1497 2878 rne-

271 2888 375 2966 dium
399 2888 466 2966 sec.
491 2889 661 2983 statuunt,
685 2891 822 2987 quando
846 2889 1192 2986 Pseudo-Ignatium,
1217 2892 1277 2984 qui
1300 2892 1494 2991 Episcopa-

272 3002 351 3062 mm
376 3007 422 3057 eo
446 2987 563 3075 sensu,
606 3007 645 3060 ut
677 3007 823 3084 putant,
865 3017 1026 3084 eaerepxov
1048 2989 1130 3072 τάξιν
1153 2987 1306 3058 novellum
1337 2992 1496 3067 Ordinem

272 3080 485 3181 adpellant,
511 3081 635 3159 vixisse
658 3102 802 3179 putant:
827 3082 884 3156 sed
912 3106 975 3178 per
999 3099 1112 3154 toturn
1138 3079 1290 3188 seculum
1314 3079 1497 3158 distinnos

268 3176 354 3255 illos
375 3176 559 3251 substitisse
582 3179 744 3269 ordines,
771 3202 816 3252 ex
842 3176 980 3252 disertis
1005 3178 1179 3251 Veterum
1205 3175 1311 3265 locis,
1347 3195 1384 3250 et
1407 3201 1495 3254 con..

274 3272 378 3349 rinna
406 3274 638 3362 successione,
680 3273 785 3347 nimis
819 3274 1004 3348 evidenter
1035 3267 1312 3344 demonstrarunt
1345 3274 1495 3353 Pearson

270 3368 658 3479 Vma.lgnat.p.11.
685 3394 715 3446 c.
745 3395 799 3465 13.
826 3390 864 3443 er
901 3369 1113 3464 Beveregius
1136 3365 1174 3439 in
1200 3370 1333 3444 Canon.
1367 3373 1494 3468 Apost.

271 3464 647 3544 vindicatrsl.11.'c.
678 3489 732 3540 12.
766 3489 868 3574 quam
900 3486 941 3540 ut
975 3465 1089 3538 dubiis
1127 3462 1277 3561 amplius
1314 3469 1495 3547 accenseri

270 3561 390 3662 poffit.
440 3563 524 3636 Hoc
545 3561 664 3658 iraque
699 3561 861 3672 admisso,
896 3561 1210 3670 nostrum-tantum
1235 3558 1344 3637 fuerit
1384 3567 1495 3678 explp.

272 3659 1203 3853 sas-‘arl'spsldssls‘lffmsssilnlfsllssssz
1218 3654 1418 3826 XXXX}
1435 3663 1497 3831 XI

274 3848 352 3923 huc
373 3848 587 3924 constituisse
613 3849 822 3946 collegium,
842 3849 947 3922 itaut
970 3848 1163 3942 Episcopus
1179 3870 1250 3920 non
1263 3852 1394 3940 ordine,
1419 3852 1494 3929 sen.

267 3942 312 4022 su
337 3945 577 4020 Ecclesiastico
603 3947 711 4020 sumta
726 3968 835 4035 voce,
862 3943 921 4018 sed
939 3942 1046 4040 gradu
1064 3963 1220 4033 tantum,
1248 3963 1286 4014 et
1304 3946 1418 4042 aliqua
1434 3974 1494 4024 au.

268 4041 426 4119 toritate
445 4042 553 4118 suerit
580 4042 757 4137 superior,
783 4063 945 4136 tanquam
972 4058 1162 4137 perpetuus
1177 4039 1320 4136 collegii
1336 4043 1493 4136 Prateses,

267 4136 374 4238 supra
400 4137 647 4214 demonstravi.
694 4138 774 4240 Qua
798 4138 936 4211 ratione
959 4159 1016 4208 res
1038 4135 1108 4207 sese
1133 4135 1204 4209 hoc
1222 4136 1288 4209 sec.
1313 4137 1494 4233 habuerit,

267 4254 313 4309 nt
331 4233 520 4326 elucescat,
545 4234 720 4308 Ecclesiae
739 4235 817 4309 sunt
834 4230 1122 4329 distinguendae,
1149 4254 1228 4305 cum
1247 4231 1333 4304 ordo
1349 4231 1496 4326 Episco-

267 4331 363 4431 palis
389 4353 463 4409 non
496 4329 606 4410 suerit
639 4329 769 4429 ubique
804 4327 956 4427 ejusdem
994 4325 1173 4427 dignitatis
1205 4345 1245 4411 et
1278 4329 1495 4424 autoritatis,
1588 4404 1595 4414 ,

380 4464 385 4472 ·
657 4484 661 4491 .
843 4427 977 4521 Rtrg
1327 4422 1500 4529 Episcopi
