3609 5500
671 919 688 986 -’
774 915 1024 1013 ι’ἕῖιιιιΙ.ΙΙ.,
1084 980 1104 987 ..
1449 925 1533 1016 ‘505

289 1110 401 1187 tam„
415 1094 475 1173 sed
496 1115 665 1195 quatenus
681 1096 771 1177 nihil
797 1103 922 1177 contra
937 1093 1065 1173 Christi
1084 1095 1321 1189 voluntatem,
1345 1102 1405 1172 'aut
1422 1117 1523 1174 man·
1554 1108 1567 1156 ·'

293 1193 442 1284 datum,
464 1197 506 1267 ab
524 1195 703 1292 Episcopo
717 1198 957 1294 praecipitur:
982 1194 1034 1267 uti
1048 1192 1091 1266 ad
1108 1195 1225 1289 Polyc.
1244 1192 1277 1289 s.
1296 1217 1331 1282 4.
1356 1194 1436 1265 nibil
1444 1190 1519 1283 fine

211 1298 215 1303 ’
293 1305 365 1398 ‘raa
384 1290 550 1398 voluntale
574 1292 662 1387 fiat,
703 1314 760 1366 nec
784 1309 822 1365 tu
845 1298 1013 1387 quicquam
1037 1286 1110 1379 stne
1139 1290 1206 1361 Dei
1234 1290 1397 1395 voluntate
1422 1311 1519 1398 agos.

297 1385 430 1460 sicet
464 1388 594 1482 ubique
628 1381 768 1461 Christo
805 1388 909 1484 super
942 1406 1064 1460 omnes
1097 1383 1167 1476 elle
1200 1382 1435 1457 obediendum
1466 1406 1524 1466 tus

297 1480 510 1672 miiaiin.
535 1577 721 1666 Ceterum,
746 1594 786 1650 ut
804 1576 980 1675 originem
1000 1575 1102 1671 hujus
1119 1574 1298 1650 doslrinae
1314 1572 1520 1670 Ignatianae

325 1667 471 1758 andam,
496 1692 576 1743 curn
602 1695 647 1743 eo
673 1691 834 1767 tempore
850 1673 1009 1746 haereses
1032 1691 1070 1743 et
1087 1671 1267 1745 schismata
1291 1671 1520 1765 undequaque
1550 1736 1552 1739 ,

295 1787 340 1839 rn
365 1764 533 1836 Ecclesias
548 1764 716 1839 Asiaticas
739 1772 872 1842 irruere
891 1767 1119 1855 videbantur,
1143 1767 1324 1859 metusque
1339 1764 1446 1853 esset,
1471 1786 1519 1838 ne

287 1858 402 1934 multi
426 1858 653 1955 simpliciores
676 1862 947 1958 deciperentur,
981 1863 1117 1937 censuit
1142 1863 1317 1957 ignatius,
1349 1858 1519 1935 tutiorem

292 1952 459 2061 ati-illud
486 1956 613 2028 malurn
645 1958 943 2065 praeveniendum
974 1977 1046 2064 non
1078 1954 1148 2029 esse
1180 1958 1292 2047 viam,
1334 1980 1434 2051 quam
1452 1978 1519 2051 per

286 2047 844 2255 lrlldllblllllrlt,
858 2048 1519 2257 {strigilidiurnitatis:

298 2259 559 2408 mr,ffiquorum
591 2242 774 2352 docirmae
809 2262 845 2316 et
879 2244 999 2317 dusltu
1032 2261 1111 2316 tuto
1136 2245 1331 2351 adiraerere
1358 2242 1517 2337 possent:

189 2524 196 2532 ι
296 2353 465 2539 {xpp}
491 2356 679 2520 {ppppleap’
693 2336 1518 2542 sectrppatffltffi§.ppffippuppgpiaffefurrpemppppeaa
1549 2408 1552 2416 ¹

292 2546 446 2598 maximi
472 2521 562 2598 fecit
587 2528 743 2624 ignauus
768 2546 935 2605 externam
962 2526 1192 2601 Ecclcliarum
1223 2549 1412 2617 unionem,
1452 2550 1517 2625 qua

285 2620 381 2695 atilrt'l
402 2621 515 2693 melius
538 2620 597 2716 ff
621 2623 710 2697 dicit
734 2624 772 2696 in
795 2649 850 2721 ep.
878 2627 919 2697 ad
944 2625 1062 2717 Polyc.
1098 2622 1130 2721 s.
1169 2647 1199 2699 1.
1233 2622 1399 2718 simulque
1434 2647 1518 2698 cen·
1549 2628 1555 2634 ’

282 2713 390 2828 suit,
414 2736 491 2788 eam
516 2738 580 2811 per
596 2718 811 2827 Episcopos,
840 2718 979 2817 singulis
999 2718 1163 2793 Ecclesris
1186 2719 1421 2818 praepositos,
1447 2744 1515 2819 op·

294 2833 390 2888 time
414 2811 612 2887 conservari
638 2816 755 2910 polle,
797 2841 910 2912 eoque
934 2816 1042 2911 scopo
1076 2815 1313 2889 obedientiam
1335 2816 1365 2888 E
1392 2815 1515 2912 iscopo
1547 2892 1552 2903 ,

284 2904 536 3008 praestandam
562 2928 631 2982 tam
655 2911 885 2984 vehementer
911 2909 1011 2998 ursit,
1044 2910 1184 3007 ejusque
1208 2910 1333 2983 extulit
1362 2840 1515 3004 dignita·

276 3023 394 3112 tern:
435 3023 538 3110 quare
563 3005 681 3097 paffim
714 3006 925 3089 inculcavit,
944 3003 1151 3112 *Ecclesiam
1176 3005 1214 3075 in
1240 3002 1417 3096 Episcopo
1443 3001 1515 3110 else

298 3115 456 3203 tamtam,
476 3116 526 3169 utr
544 3099 584 3170 ad
598 3101 704 3173 Trall.
724 3101 755 3197 s.
780 3126 812 3194 3.
832 3123 863 3193 7.
888 3098 1040 3193 Philipp.
1062 3096 1102 3205 §3
1116 3121 1148 3191 3.
1163 3104 1195 3174 8.
1248 3098 1302 3169 Ex
1321 3118 1391 3202 quo
1407 3115 1516 3171 etiam

299 3192 487 3280 elucescit,
521 3217 642 3268 verum
668 3195 737 3269 elle
761 3221 806 3269 ex
829 3210 950 3267 mente
976 3196 1128 3288 lgnatrr,
1161 3191 1253 3286 quod
1278 3193 1428 3264 Hieron.
1455 3216 1515 3290 ep.

294 3290 347 3368 ad
367 3289 557 3381 Evagrium
583 3290 690 3380 dixit,
716 3291 974 3458 Episcoporum
996 3284 1238 3363 eminentiam
1260 3284 1434 3381 originem
1458 3286 1516 3365 su·

296 3409 357 3463 am
381 3381 619 3457 schismatibus
636 3384 735 3459 vitan
761 3386 789 3458 is
812 3386 952 3459 debere.
1005 3385 1148 3458 Interea
1173 3382 1262 3456 haec
1286 3383 1296 3454 i
1326 3383 1357 3454 sa
1379 3382 1515 3479 princi·

290 3483 360 3583 pia
385 3477 585 3572 Ignatiana,
611 3504 655 3553 eo
683 3502 843 3578 tempore
870 3479 1126 3570 tolerabiliora,
1154 3496 1193 3551 ut
1218 3502 1263 3552 ex
1288 3407 1391 3552 dietis
1409 3480 1514 3558 facile

297 3571 469 3677 patescit,
502 3572 591 3648 sacia
617 3577 695 3648 sunt
717 3575 897 3672 progressu
925 3577 1094 3665 temporis
1117 3575 1217 3651 valde
1244 3576 1368 3663 noxia,
1395 3596 1431 3648 et
1449 3600 1515 3651 ve·
1550 3662 1553 3667 ¹

294 3668 399 3747 ¹citati
424 3688 461 3740 et
484 3669 634 3743 libertati
661 3670 873 3746 Christianae
898 3670 1105 3767 perniciosa.
1156 3671 1256 3742 Hinc
1281 3669 1376 3741 enim
1393 3688 1512 3749 ortum

301 3763 374 3851 est,
396 3762 488 3859 quod
510 3766 700 3861 Episcopi,
725 3767 815 3862 quasi
840 3763 964 3839 vicarii
992 3762 1141 3850 Christi,
1171 3787 1201 3837 1.
1226 3761 1260 3834 se
1283 3784 1303 3834 a
1327 3765 1399 3835 solo
1424 3765 1509 3841 Deo

301 3877 344 3936 et
359 3855 494 3932 Christo
510 3861 666 3934 dixerint
681 3860 891 3953 dependere.
921 3883 953 3932 2.
981 3859 1116 3953 regulas
1130 3856 1214 3929 fidei
1231 3856 1511 3955 praescribendi,

300 3953 410 4033 etde
437 3956 683 4030 controversiis
712 3954 796 4032 fidei
823 3978 887 4048 pro
911 3953 1099 4026 autoritate
1123 3949 1332 4040 decidendi,
1356 3953 1511 4050 potesta·

296 4071 372 4130 tem
399 4047 462 4121 srbi
484 4052 698 4150 adrogarint.
735 4077 767 4148 3.
792 4048 980 4123 Ecclesiam
1009 4045 1190 4123 statuerint
1216 4046 1286 4120 elle
1311 4046 1348 4120 in
1376 4047 1511 4132 unione

294 4171 382 4226 cum
403 4143 580 4243 Episcopo
606 4147 712 4221 fitam.
743 4171 778 4238 4.
804 4144 997 4240 Episcopus
1023 4143 1092 4217 else
1121 4140 1237 4238 capita
1257 4143 1449 4232 Ecclesiae,
1473 4163 1513 4220 et

294 4247 393 4321 dona
415 4239 484 4315 Dei
506 4246 549 4315 ab
574 4241 655 4337 ipsis
678 4241 719 4315 ad
734 4240 884 4338 reliquos
901 4238 1085 4312 credentes
1099 4238 1229 4325 fluere,
1254 4237 1408 4310 Clericos
1423 4260 1511 4331 quo-

296 4359 371 4441 que
394 4358 415 4407 a
436 4328 513 4410 solis
528 4336 714 4438 Episcopis
729 4336 798 4417 effe
814 4334 1046 4431 ordinandos,
1068 4329 1220 4433 denique
1233 4331 1422 4413 Ecclesiam
1439 4331 1511 4426 effe.

354 4428 443 4508 Tm.
466 4433 539 4512 ΙΙΙ.
884 4428 961 4510 Sss
1376 4449 1517 4530 rempaq

1543 4542 1628 4798 l
