3609 5500
644 993 651 1013 ¹
707 1012 748 1026 ”
808 1009 988 1103 Secul.d·'
1033 1003 1071 1012 '¹
1436 1026 1521 1124 ab?

281 1222 417 1290 vorum·
436 1191 717 1296 coercitionem,
750 1205 789 1280 in
814 1230 857 1279 ea
880 1208 996 1281 loc'un'i
1020 1193 1195 1298 habuisse,
1228 1209 1392 1308 utrinque
1419 1233 1504 1286 coii-

285 1310 450 1398 cedatur,
517 1304 574 1378 uia
597 1303 729 1376 diserta
753 1304 828 1397 ejus
857 1302 1016 1399 prostant
1042 1304 1172 1379 indicia
1188 1309 1307 1380 -variis
1330 1330 1367 1380 in
1396 1307 1504 1396 locis,

285 1405 338 1478 uti
352 1407 479 1478 Mart·
533 1401 714 1492 Vllltis.
746 1400 853 1472 Rom.
878 1401 982 1473 XVl:
1004 1421 1060 1492 17.
1105 1403 1223 1477 icor.
1251 1404 1312 1476 V.
1337 1427 1357 1476 2
1380 1403 1501 1477 Thess.

287 1501 517 1589 lll:6,14.·
557 1496 636 1569 Tit.
671 1495 736 1567 Ill:
774 1517 850 1582 io.,
892 1509 939 1567 ile
971 1496 1090 1592 aJoli.
1129 1520 1185 1570 ιο,
1219 1516 1256 1570 et
1288 1497 1409 1594 3Joh.
1447 1521 1504 1571 ro.

285 1615 514 1682 memorem.
528 1614 617 1688 quae
641 1591 683 1663 ad
707 1591 920 1686 sequentem·
936 1591 1119 1688 periodum
1145 1592 1347 1690 pertinent,
1372 1612 1409 1667 et
1425 1594 1504 1690 pos·

287 1689 399 1766 terius
427 1687 585 1761 hominis
608 1685 782 1759 ambitiosi
803 1709 847 1758 ac-
872 1685 1085 1760 dominantis
1110 1688 1246 1762 fucinus
1270 1691 1503 1785 comprehen-

286 1787 400 1874 dunt,
433 1783 480 1856 de
504 1782 673 1856 modoet
701 1778 839 1854 ratione
863 1783 1080 1855 exercendae
1106 1784 1329 1881 disciplinae,
1364 1785 1505 1884 ejusque

286 1885 387 1980 jure,
429 1878 500 1951 cui-
515 1878 671 1964 innitur,
704 1875 892 1973 disputatio
918 1877 980 1950 sit:
1025 1877 1133 1974 ipsam
1165 1901 1338 1978 exponam
1362 1904 1505 1960 excom·

289 1973 591 2062 municationem,
616 1971 724 2067 qualis
746 1973 784 2044 iii
800 1972 953 2045 Ecclesia
974 1973 1097 2070 Apost.
1123 1975 1300 2066 obtinuit,
1325 1977 1415 2051 etin
1433 1979 1522 2077 ejus·

292 2071 560 2150 {undamentum
585 2068 755 2164 inquiram
766 2111 791 2155 ‚--
817 2065 1017 2165 postquam,
1054 2071 1097 2145 ad
1125 2071 1365 2145 confusionem
1389 2073 1517 2149 vitan-¹

294 2171 394 2258 datu,
419 2163 655 2264 praemisero,
680 2163 855 2261 duplicem
873 2163 1060 2239 obtinuisse
1081 2166 1520 2264 excommunicationem,-

293 2287 397 2340 unam
428 2266 628 2360 priuatum,
659 2260 798 2331 alteram
829 2262 1013 2354 publicam,
1054 2262 1145 2336 illam
1169 2266 1279 2338 relate
1303 2266 1344 2338 ad
1374 2265 1425 2338 ¹liii
1475 2268 1507 2342 la

295 2360 482 2445 membta‚-
506 2356 597 2429 hanc
620 2354 663 2427 ad
683 2352 872 2428 Ecclesiam
897 2374 1017 2431 totam.¹
1068 2357 1168 2431 Prior
1199 2359 1236 2434 iii
1260 2381 1305 2434 eo
1333 2359 1400 2433 fuit
1439 2381 1520 2455 ita,-

296 2454 388 2554 quod
420 2449 695 2560 aliquis-alium,
735 2474 755 2524 a
782 2474 851 2548 quo
882 2453 1044 2548 graviore
1078 2449 1232 2528 adsedlus
1259 2472 1334 2529 erat
1360 2454 1522 2558 injuria,·

296 2549 373 2649 post
396 2567 518 2622 omnia
542 2545 800 2641 refipiscentiae
834 2547 1028 2621 eliciendae
1059 2548 1174 2622 media
1210 2550 1418 2646 srustranea,
1449 2553 1520 2629 ad·¹

288 2667 409 2746 eoque
438 2641 671 2732 obstinatum,
704 2664 725 2714 e
749 2642 946 2738 particulari
971 2645 1029 2718 sua
1055 2645 1335 2737 communiones
1363 2667 1400 2721 et
1424 2669 1523 2742 cunf'

289 2740 518 2829 -versatione,
541 2757 731 2813 removet„
765 2738 864 2841 Quae
884 2741 1256 2839 prii’ata‘adpellatur3
1283 2741 1363 2841 quia
1387 2746 1524 2820 Eccle··

293 2839 339 2915 sie
363 2840 522 2912 talem-a
547 2834 649 2907 sacris
674 2834 712 2907 in
739 2836 859 2909 medio
885 2836 936 2909 sui
964 2858 1035 2909 non
1059 2859 1178 2928 arcet,
1204 2863 1250 2914 ne
1276 2840 1416 2937 quidem
1441 2843 1524 2915 lae·'

295 2937 350 3011 sut
373 2934 450 3009 sese
473 2932 511 3005 in
528 2930 674 3027 publico
701 2930 875 3004 sacrorum
892 2931 1067 3006 exercitio
1092 2936 1133 3007 ab
1159 2955 1202 3006 eo
1219 2934 1362 3034 separat.
1416 2936 1523 3042 Qua·-¹

293 3032 327 3106 l'e
359 3027 512 3103 in'uriae
547 3025 756 3121 reparandae
789 3028 982 3121 medium,·
1031 3029 1149 3102 tidaeis
1182 3053 1253 3121 non
1289 3031 1509 3118 inusitatum,

294 3128 474 3202 Dominus
495 3121 568 3218 ipse
596 3121 774 3217 discipulis
790 3121 859 3196 suis
887 3122 1045 3219 permisit
1075 3126 1183 3197 Matt.
1210 3124 1348 3199 XVlll.
1401 3127 1528 3199 Hunc'

292 3220 404 3295 enirn
434 3208 525 3291 iliius
553 3217 623 3289 loci
655 3218 725 3292 else
751 3239 874 3290 verum
904 3215 1143 3307 intelledlum,
1185 3214 1320 3290 Erallus
1360 3218 1396 3291 in
1422 3217 1509 3295 thes.

298 3315 349 3390 de
371 3313 776 3403 Excoinmunicatione,
822 3330 860 3386 et
883 3335 1002 3385 earum
1026 3311 1313 3404 confirmatione,
1347 3313 1448 3390 douc
1473 3334 1526 3391 et·

294 3409 374 3487 nise
396 3404 670 3497 demonstravit;
711 3409 807 3503 cujus
833 3407 980 3506 vestigia
1011 3407 1131 3506 postea
1166 3408 1363 3507 plesserunt
1389 3411 1509 3487 Selde·

295 3524 362 3583 iius
386 3506 434 3581 de
457 3505 604 3604 Synedr.
630 3506 704 3587 ii.
730 3528 760 3576 c.
786 3528 826 3594 9:
857 3524 894 3578 et
913 3506 1083 3602 Vitringa
1105 3507 1178 3604 syn.
1204 3508 1290 3582 Vet.
1316 3532 1351 3603 p.
1384 3510 1413 3581 l.
1448 3509 1527 3586 lib.·

297 3606 365 3678 Ill.
419 3602 456 3677 ui
489 3600 689 3674 uberiorem
721 3597 925 3674 infuderunt
957 3602 1099 3692 lucem,
1143 3620 1180 3674 et
1210 3602 1351 3701 aliquos
1374 3612 1531 3681 errorcai

300 3696 410 3773 Erash
460 3720 576 3792 uoque
602 3717 850 3770 correxerunt:
893 3697 986 3794 quod
1011 3717 1048 3772 et
1072 3722 1135 3773 nos
1160 3697 1198 3773 iii
1226 3698 1326 3774 serm.
1354 3701 1443 3798 belg.
1469 3702 1512 3776 ad

299 3795 409 3870 Mart.
436 3722 593 3869 lauimus.
643 3792 842 3889 cujusmodi
866 3792 1239 3869 excommunicationis
1270 3795 1361 3892 apud
1383 3798 1529 3893 Judae·'

299 3914 339 3965 us
361 3890 577 3965 documenta
600 3890 765 3987 produxit
791 3889 956 3963 Seldenus
981 3890 1064 3965 ibid.
1092 3914 1122 3964 c.
1139 3912 1182 4057 p.
1218 3909 1254 3964 et
1281 3891 1371 3989 apud
1396 3892 1530 3967 Chris·

296 3987 415 4061 tianos
439 3987 600 4083 priorum
624 3987 817 4060 seculorum
839 3985 998 4059 Valesius
1016 3985 1058 4059 ad
1082 3987 1161 4061 Eu.
1189 3987 1238 4061 H.
1262 3988 1303 4062 E.
1330 3987 1398 4060 Vl:
1413 3992 1511 4086 '43.,

299 4082 620 4177 exlrenaeoadv.
645 4082 775 4156 haeres.
808 4083 828 4154 l.
855 4083 884 4154 l.
919 4105 949 4155 c.
974 4105 1008 4173 9.
1043 4082 1092 4157 Cl.
1118 4081 1287 4181 Vitringn
1313 4084 1333 4158 l.
1361 4105 1391 4158 c.
1439 4086 1533 4158 Pri··

297 4200 403 4254 natae
447 4177 550 4274 hujus
584 4176 960 4251 excommunicationis
1000 4176 1218 4253 mentionem
1261 4180 1379 4268 obiter
1410 4180 1480 4251 feci
1499 4216 1532 4271 ,ε

298 4290 373 4349 uon
397 4292 534 4349 tantuin
557 4295 601 4345 eo
628 4275 754 4370 scopo,
779 4295 840 4366 ut,
870 4273 965 4346 hunc
990 4276 1104 4348 locum
1127 4272 1359 4373 disputationi·
1380 4272 1534 4346 diredle'

301 4388 374 4444 iton
395 4370 467 4445 ell'e
496 4369 773 4459 inmiscendum‚
799 4372 982 4466 adpareat,
1008 4370 1064 4444 sud
1088 4391 1124 4444 et
1145 4371 1223 4471 quia
1249 4391 1372 4468 typum
1399 4386 1435 4439 et
1452 4390 1533 4442 ex··

301 4464 795 4567 ndat-aliquodpraebere
815 4483 921 4564 queat
941 4471 1101 4559 publicae.
1513 4542 1523 4567 ⁴

363 4576 366 4581 ·
398 4616 403 4623 .
851 4562 970 4655 004.
1246 4556 1283 4658 s.
1306 4557 1538 4645 cunum·
