3609 5500
277 989 347 1084 398
663 969 810 1077 Historia
833 972 969 1077 Eccles.
989 972 1107 1076 cufi.

280 1154 427 1256 sitisse,
449 1175 486 1232 nt
510 1157 602 1249 Deo,
627 1182 756 1234 carmen
778 1159 896 1233 dicere.
948 1157 1015 1231 Cui
1042 1182 1076 1253 3.
1098 1154 1277 1249 concinit,
1304 1155 1400 1254 quod
1413 1155 1499 1232 Eus,

279 1256 397 1343 ltu.
424 1255 472 1329 V:
501 1265 556 1335 28.
582 1279 628 1328 ex
654 1254 792 1328 vetusto
816 1276 941 1328 autore
968 1274 1102 1342 narrat,
1132 1253 1273 1351 psalmos
1298 1270 1330 1327 et
1357 1258 1496 1327 canuto

270 1351 446 1447 fratrum,
470 1378 551 1445 quae
574 1356 608 1424 in
631 1356 722 1422 initio
737 1351 871 1445 scripta
886 1351 992 1445 sunt,
1019 1346 1178 1448 Clmstum
1202 1354 1335 1427 verbm
1354 1350 1424 1424 Do·
1441 1373 1498 1426 cr·

281 1446 438 1544 irbraffe,
470 1451 677 1521 divinitatem
701 1450 732 1520 ei
754 1450 978 1521 adtribuendo.

621 1637 816 1712 emus
836 1636 908 1710 ET
930 1636 1173 1715 REGIMEN

333 1830 365 1930 5.
392 1828 565 1905 cctxss.
597 1829 685 1900 Cum
705 1826 751 1899 de
776 1828 892 1916 cultu,
924 1828 1071 1904 secunda
1098 1845 1200 1926 parte
1224 1824 1417 1921 essentiari,
1442 1826 1502 1905 ni-

283 1927 335 2000 hil
360 1927 562 2022 suppeditet
587 1925 766 2019 peculiare
791 1923 863 1995 hoc
894 1923 1137 2015 intervallum,
1159 1923 1202 1998 ad
1215 1922 1397 2017 Regimen,
1424 1944 1501 1999 ter-

285 2025 372 2096 tiam
395 2035 552 2117 partem,
578 2043 714 2185 gorgo.
756 2016 946 2112 Apostolos
970 2017 1071 2093 fuisse
1096 2021 1274 2188 supremos
1299 2017 1504 2111 Restores„

285 2140 324 2194 et
348 2118 556 2192 univers-uer
593 2114 792 2208 ‘piscopo³‚
817 2136 964 2208 quorum
989 2116 1106 2189 locum
1146 2116 1379 2211 uppseverunt
1401 2116 1502 2211 ipso·-

285 2238 363 2287 rum
390 2211 562 2307 delegati,
602 2214 759 2303 suprema
788 2209 831 2279 ab
857 2209 901 2281 iis
935 2207 1091 2283 instruiii
1114 2209 1315 2310 potestate3‘
1350 2209 1503 2309 singulas

286 2333 376 2386 uero
396 2303 566 2381 Ecclesiae
589 2304 679 2376 solos
710 2301 865 2375 habuisse
890 2305 1138 2401 Presbyteros,
1180 2329 1246 2403 per
1270 2326 1357 2401 quos
1382 2307 1498 2381 admi·

286 2403 541 2491 uishabantur,
557 2397 699 2487 officio,
722 2395 917 2493 dignitate..
934 2418 975 2472 et
988 2399 1165 2495 potestate
1181 2405 1356 2497 aequales,
1379 2401 1432 2477 ita
1447 2422 1508 2478 ta-

287 2523 370 2576 men
395 2518 434 2571 ut
458 2518 543 2568 unus
564 2493 672 2566 suerit
696 2490 801 2564 status
827 2493 988 2585 praeses„
1006 2496 1114 2569 ordine
1139 2515 1294 2586 tantum,
1329 2518 1423 2572 voce
1439 2498 1510 2576 illm

285 2592 385 2668 sensu
413 2590 580 2686 proprio,
604 2610 677 2660 non
698 2583 961 2678 Ecclesiastico,
986 2587 1118 2681 sumto,
1151 2591 1293 2689 reliquii
1314 2592 1352 2664 su
1421 2591 1508 2685 ‘or,.

286 2691 328 2765 ur?
349 2685 564 2780 superiorem
578 2681 767 2777 periodum
782 2680 1030 2761 demonstravi.
1077 2686 1164 2761 Hoc
1178 2710 1267 2761 vero
1282 2685 1322 2762 iu
1388 2707 1429 2764 tu
1444 2713 1507 2777 rer⁸

285 2780 409 2858 mansit
432 2779 536 2872 usque
562 2776 606 2850 od
630 2775 738 2852 finem
762 2777 925 2870 periodi,
967 2782 1028 2854 seu
1060 2782 1335 2876 Apostolorum,
1366 2806 1507 2883 excep·-

288 2900 327 2951 to
352 2875 536 2969 Johanne,
573 2871 762 2978 excessum.
814 2871 921 2970 Quod
954 2877 1052 2950 enim
1082 2877 1242 2952 Pearson.
1276 2879 1321 2952 de
1354 2877 1508 2963 success'..

287 2970 390 3070 prim.
416 2969 519 3073 Potit.
541 2965 650 3073 Rom3
672 2965 747 3039 diss.
773 2968 801 3040 1.
827 2991 859 3042 c.
883 2991 921 3059 9.
968 2973 1108 3046 Paulum
1133 2975 1172 3047 in
1194 2975 1316 3049 ultima
1339 2980 1505 3073 peregri·

288 3067 452 3149 natione,
476 3080 570 3132 inter
620 3083 711 3134 rtora
730 3082 768 3134 et
786 3061 979 3159 posteriora
996 3069 1159 3157 vincula,
1181 3068 1376 3159 existimat,
1400 3096 1500 3167 pres·

287 3160 420 3258 hyterii
437 3084 640 3250 praefeciie
665 3156 763 3232 viros
787 3160 992 3256 fingusares‚
1017 3185 1097 3236 cum
1114 3165 1304 3237 autoritate
1319 3188 1361 3238 ac
1379 3167 1500 3261 potes·

288 3276 386 3344 tute,
408 3274 509 3357 quam
532 3251 700 3347 Episcopi
726 3252 787 3327 fibi
811 3256 1012 3344 vindicant,
1045 3259 1128 3331 illud
1150 3260 1234 3334 huic
1259 3257 1406 3333 subsesto
1424 3282 1500 3339 tan·

288 3373 365 3428 tum
390 3346 553 3419 innititur
580 3346 836 3437 fundamento,
870 3352 1123 3441 Timotheum,
1166 3374 1204 3427 et
1233 3358 1378 3445 Titum,
1415 3361 1512 3436 teser

287 3443 409 3523 fuiffe:
433 3464 495 3515 eos
519 3442 639 3530 enim,
662 3461 700 3513 et
717 3465 836 3515 eorum
865 3443 1007 3533 smiles,
1032 3466 1101 3518 non
1125 3447 1338 3544 Ep1sc0p0s,
1364 3449 1425 3526 sed
1449 3456 1509 3528 A·-

305 3536 501 3644 .ostosorum
525 3534 721 3630 delegatos,
747 3558 814 3611 nec
837 3536 943 3612 statos
966 3561 1003 3612 et
1019 3541 1229 3632 ordinarios,
1255 3545 1313 3618 sed
1340 3569 1510 3623 extraor··

287 3566 424 3713 iiituuie
444 3628 579 3719 nuffos,
606 3654 677 3703 non
704 3631 802 3705 unius
820 3634 1015 3726 Ecclesiae,
1042 3635 1101 3712 sed
1125 3641 1304 3733 plurium,
1324 3643 1504 3721 Reetores

288 3730 414 3819 fuisse,
438 3748 508 3801 non
527 3727 612 3815 suo,
632 3726 689 3799 sed
708 3726 955 3821 Apostolorum
980 3732 1146 3822 nomine,
1174 3737 1291 3809 omnia
1309 3739 1503 3833 ordinasse,

290 3830 329 3911 su
355 3852 390 3901 m
415 3821 605 3899 adfirmavi.
654 3821 832 3918 Apostolis
857 3845 976 3902 autem
1011 3851 1031 3900 e
1056 3831 1171 3903 medio
1195 3833 1314 3927 passim
1337 3836 1510 3928 sublatiss

290 3855 354 4025 ipit
379 3919 426 3997 illi
453 3917 603 4013 delegati
630 3918 799 4013 primurn,
834 3920 938 4015 dein,
965 3925 1007 3998 ad
1033 3946 1153 3999 eorum
1177 3930 1393 4022 exemplum,
1428 3933 1508 4029 pri·

291 4019 391 4097 tou-'ti
427 4036 464 4089 et
501 4013 670 4122 praesides
701 4019 1003 4114 presbyterorum,
1043 4019 1236 4114 supremam
1272 4027 1310 4096 in
1334 4026 1505 4101 Ecclesris

293 4113 431 4211 siturulis
455 4134 570 4183 curam
606 4133 644 4183 tn
673 4111 708 4184 se
738 4112 978 4205 susceperunt,
1022 4133 1059 4185 ut
1087 4117 1233 4211 opinor,
1266 4121 1324 4192 sed
1356 4122 1425 4212 ita,
1461 4143 1507 4197 ut

206 4262 214 4283 .
290 4216 360 4291 hoc
386 4207 569 4283 intervallo
595 4229 650 4278 res
675 4207 766 4280 intra
790 4213 958 4285 terminos
982 4208 1089 4282 hosce
1111 4213 1284 4303 manserit,
1311 4235 1349 4288 ut
1372 4218 1511 4311 praefi·-

292 4304 427 4387 desilii
452 4301 657 4389 autoritate,
692 4300 884 4400 dignitate,
915 4325 951 4378 et
968 4303 1088 4378 officio
1122 4311 1261 4403 quidem
1280 4312 1505 4405 superiores,¹

291 4405 344 4489 nil
370 4400 435 4487 uisi
465 4397 705 4478 communibus
748 4401 896 4495 egerint.
922 4400 1018 4476 votis
1058 4425 1140 4478 cum
1167 4406 1382 4502 Presbyteris
1415 4411 1496 4516 reli-
