3609 5500
675 939 698 1010 2'
823 969 993 1055 amr.
1096 959 1103 984 '
1461 970 1541 1087 ἠ

289 1149 335 1232 'ad
365 1151 442 1230 hoe
474 1163 617 1252 tempas
656 1149 762 1254 usque
794 1152 842 1230 in
886 1152 1038 1231 Galilaea
1078 1147 1278 1270 versantem
1317 1143 1523 1260 repraesem

289 1269 379 1423 ml
390 1345 493 1419 LIII.
516 1344 586 1420 Sed
610 1343 790 1421 mittamur
814 1343 906 1421 hane
929 1339 1228 1442 disquisitionem,
1252 1348 1522 1445 quae-nonest

287 1442 393 1540 hujus
416 1437 490 1514 fori
502 1445 527 1529 ,'
537 1461 575 1514 et
599 1442 638 1517 in
662 1441 867 1540 praecipuis
883 1442 1012 1516 Christi
1040 1442 1149 1541 gestis
1167 1443 1320 1536 ordine,
1366 1467 1518 1540 uantum

286 1539 366 1614 lieri
392 1534 538 1636 potest,
579 1538 802 1612 recensendis
822 1560 1033 1635 pergamus,
1079 1537 1142 1611 Est
1165 1538 1263 1614 enim
1291 1537 1437 1620 difficile
1459 1547 1516 1621 ni«

286 1635 373 1725 mis,
399 1631 523 1706 omnia
541 1633 664 1707 exalte
681 1632 864 1724 ordinare,
888 1657 957 1708 nee
982 1634 1089 1706 etiam
1106 1633 1244 1709 necesse
1270 1633 1334 1710 est.
1381 1643 1513 1735 caper·

285 1727 408 1806 naumi
433 1749 516 1802 cum
543 1728 641 1802 domi
663 1728 877 1817 versaretur,
910 1752 957 1802 eo
980 1731 1023 1802 ab
1046 1729 1197 1817 itinere,
1231 1741 1302 1827 per
1318 1738 1519 1824 remotior!

286 1826 468 1901 Galilaeae
493 1825 572 1897 loca
598 1823 789 1915 instituto,
812 1824 944 1916 redux,
966 1825 1012 1899 ab
1029 1822 1232 1920 rapodone,
1255 1825 1374 1921 quiin
1399 1830 1509 1922 ltine&

284 1945 328 1997 re
348 1921 395 1995 de
416 1918 574 2018 primatu
593 1921 630 1995 in
656 1940 767 2020 regno
783 1921 986 2010 coelorum,
1012 1923 1151 1993 cuinam
1168 1941 1290 1992 eoram
1307 1927 1514 2023 competat,

286 2021 406 2096 secum
428 2015 707 2106 contenderant,
732 2016 777 2089 de
799 2039 842 2090 ea
865 2014 1070 2112 quaestione
1087 2017 1256 2128 'rogatum
1283 2019 1449 2118 ,elegante
1469 2031 1514 2098 et·

285 2112 484 2216 prolixiore
508 2111 668 2187 sermone
692 2111 901 2212 respondet,
924 2111 1115 2210 primatum
1143 2130 1239 2186 mter
1254 2110 1510 2212 ipsos-ordinm

287 2207 378 2298 elle,
403 2230 488 2282 eum
511 2229 635 2284 omnes
659 2205 791 2282 sintae
816 2207 932 2298 ualet,
956 2228 1014 2300 et,
1041 2206 1146 2282 insta'r
1193 2231 1357 2284 neronum
1380 2219 1401 2287 e
1425 2199 1513 2288 hsta

285 2303 419 2404 gillro,
461 2301 527 2416 ipsi
551 2327 573 2378 a
596 2302 735 2377 Christo
760 2304 798 2378 so
862 2305 908 2379 de
956 2305 1107 2395 ndeant,
1127 2329 1171 2390 a¹
1196 2329 1289 2403 oque
1315 2301 1534 2405 ipsoa'-tan··''

310 2423 392 2476 uam
426 2399 615 2498 primarios
649 2398 778 2475 Christi
813 2398 899 2473 mini
933 2424 991 2474 ros
1020 2400 1265 2497 aequalitatem
1291 2422 1346 2476 ¹'et
1372 2425 1507 2500 pacem

301 2521 404 2572 ecum
420 2497 609 2571 observare
628 2494 768 2572 debere.
800 2495 916 2598 Quam
933 2495 1158 2586 concionem,
1182 2496 1224 2569 a'd
1246 2497 1383 2576 soloall
1431 2583 1437 2592 ,
1465 2525 1507 2575 oe

285 2595 339 2669 lor
366 2591 506 2678 diredle
530 2591 795 2689 pertinentem,
830 2593 935 2667 rufius
959 2592 998 2666 in
1024 2590 1242 2667 sermonibut
1268 2595 1421 2689 Belglera
1442 2622 1509 2674 ex·-

336 2687 410 2779 sui,
449 2690 563 2764 Mart.
593 2686 734 2764 XVlll.
783 2689 903 2764 Mare,
937 2688 1000 2764 lX.
1050 2688 1221 2780 Deinde,
1263 2713 1343 2767 cum
1379 2689 1511 2771 sellum

285 2713 613 2859 &mutulorum
631 2805 712 2859 ante
730 2784 824 2859 lorea
846 2784 955 2875 esset,
978 2784 1259 2882 Hierosolymam
1328 2787 1408 2879 tiit,
1432 2814 1510 2866 non-

281 2884 393 2973 mox,
436 2903 518 2956 cum
550 2879 715 2955 fratribus
750 2900 788 2954 et
819 2880 990 2955 comitatu
1020 2882 1168 2956 aliorum·
1190 2884 1233 2957 ad
1283 2883 1396 2957 ellum
1418 2911 1504 2961 enn-

287 2978 397 3069 lium,
439 2999 509 3050 nee
534 2995 575 3051 ut
598 2976 633 3050 se
686 3000 724 3049 er
750 2978 913 3051 miracula
940 2976 1153 3066 ostentaret,
1191 2982 1286 3075 quod
1312 2981 1435 3054 fratres
1459 2986 1507 3056 ab·

283 3074 298 3149 i
326 3072 367 3147 so
394 3074 580 3163 volebant,
607 3074 642 3146 se
689 3072 782 3169 quast
804 3073 843 3146 in
868 3075 1031 3159 occulto,
1057 3070 1197 3167 seseque
1224 3076 1382 3171 primunt
1404 3084 1508 3150 medin

308 3166 389 3240 esto
420 3167 557 3239 demum
578 3166 835 3255 manifestavit,
877 3192 918 3238 ac
945 3168 1051 3238 variis
1078 3167 1193 3237 modis
1226 3192 1413 3263 procerum
1442 3175 1503 3262 Ju-

285 3264 464 3341 daeorum
496 3263 671 3339 confilium
696 3265 741 3337 de
769 3260 804 3334 se
837 3261 997 3333 necando
1019 3258 1204 3353 exposuit,
1235 3281 1273 3332 et
1299 3259 1509 3357 calligavit,

283 3360 390 3437 fimul
415 3357 453 3432 se
477 3381 598 3434 verum
620 3360 690 3434 else
721 3359 831 3431 silium
855 3357 927 3430 Dei
954 3353 1229 3444 demonstravit,
1268 3356 1351 3429 dein
1375 3360 1506 3437 ultimo

284 3454 366 3533 sesti
395 3456 478 3545 die,
501 3452 696 3552 praeclaros
722 3473 759 3526 et
785 3452 946 3526 salutares
970 3451 1101 3524 frutlus
1125 3475 1145 3523 a
1170 3450 1203 3522 se
1228 3452 1505 3550 exspedhmdos,

286 3572 323 3629 et
345 3553 384 3626 in
410 3573 497 3640 eos,
532 3552 655 3648 quiin
680 3547 714 3622 fe
742 3548 977 3638 crediderint,
1019 3546 1273 3638 conferendos,
1314 3551 1507 3647 exposuit,

283 3651 492 3725 emblemate
580 3671 620 3721 ae
643 3648 738 3735 usus,
773 3669 875 3742 quarn
901 3644 979 3739 qui,
1014 3643 1093 3714 ase
1119 3642 1252 3732 datam,
1284 3646 1436 3739 biberit,
1463 3652 1508 3725 in

282 3747 319 3822 se
342 3745 513 3831 credens,
538 3768 577 3817 1n
601 3741 802 3817 ventriculo
825 3743 906 3828 suo,
933 3739 991 3810 seu
1019 3738 1131 3811 eorde
1152 3756 1191 3810 et
1217 3740 1356 3830 animo,
1380 3744 1419 3817 stt
1442 3746 1503 3820 ha·

282 3836 418 3919 bitume
443 3841 584 3914 fontem
617 3838 796 3913 salientem
822 3836 858 3909 in
884 3834 1000 3908 vitam
1028 3853 1232 3922 aeternam,
1254 3839 1424 3934 Spiritum
1448 3844 1503 3915 ine

284 3939 449 4013 &cansa
480 3938 516 4010 se
544 3935 794 4009 effundendum
825 3931 903 4029 post
936 3929 1228 4036 glorificationem
1259 3933 1371 4031 suam,
1403 3940 1510 4032 puisse

284 4059 370 4109 ones
388 4034 611 4122 secuturam,
636 4030 733 4105 etad
758 4054 886 4125 aquae,
916 4048 960 4100 er
986 4026 1085 4098 sonte
1109 4026 1238 4098 Siloam
1265 4028 1427 4122 haustae,
1450 4037 1510 4107 es·-

278 4126 477 4221 'lulionem,
511 4129 572 4201 die
599 4132 706 4203 ollam
729 4125 808 4200 festi
833 4124 911 4197 fieri
944 4119 1074 4194 solenni
1108 4121 1181 4194 ritu
1208 4123 1364 4210 solitam,
1407 4131 1508 4203 aller·

288 4229 388 4319 dens,
434 4244 474 4299 et
505 4223 689 4323 phrasibus
726 4244 771 4296 ex
813 4217 882 4318 Jes.
915 4216 1006 4307 ΧΗ,
1059 4213 1180 4290 illu
1212 4241 1249 4291 et
1291 4220 1371 4294 LV.
1415 4225 1510 4297 nl'ns..

291 4322 364 4419 Joh.
391 4324 480 4400 Vll.
514 4322 689 4417 sequente
712 4319 793 4408 die,
852 4317 943 4387 rimo
967 4338 1090 4401 mane,
1129 4313 1175 4384 de
1198 4338 1318 4387 monte
1344 4315 1509 4407 {lli-etri,

289 4419 348 4497 uhi
372 4419 677 4521 peruastauerat,
712 4341 1200 4581 reverllrsGHierosolymanr,
1240 4412 1410 4506 populum
1442 4412 1514 4518 doe

1414 4529 1516 4610 nrm,
