3609 5500
561 1033 570 1040 ,
669 919 711 996 f*
751 951 778 994 ·'
824 937 991 1018 seculi.
1038 935 1041 942 ’
1097 939 1101 948 ’
1162 931 1179 972 *
1452 965 1528 1048 293

333 1117 372 1288 ἓ.
396 1115 587 1196 CCXLlX.
609 1121 742 1197 ‘Unum
762 1121 916 1218 superest
930 1139 1198 1197 monumentum
1217 1119 1527 1221 Ecclclrasticum„

287 1227 308 1294 'a
352 1221 496 1291 'lementa
522 1218 688 1292 Romano
716 1220 922 1309 conditum,
966 1219 1003 1293 in
1031 1222 1105 1317 ejus
1128 1218 1288 1317 Epistola
1312 1221 1355 1295 ad
1386 1225 1515 1300 Corin·

288 1314 395 1390 thius.
441 1315 500 1388 De
526 1337 598 1411 qno
630 1316 863 1391 differendum
897 1315 968 1405 est,
1006 1317 1187 1413 postquam
1217 1316 1409 1392 Clementis
1436 1322 1517 1396 bre·

288 1431 371 1486 vem
398 1410 558 1484 dederim
581 1412 770 1487 notitiam:
804 1435 871 1487 nec
894 1414 1003 1486 multa
1028 1415 1073 1488 de
1099 1436 1144 1486 eo
1171 1413 1326 1510 proferri
1350 1412 1514 1509 poliunt,

289 1509 352 1584 nisi
375 1507 455 1618 quis
477 1508 538 1582 vel
563 1507 730 1599 incertis,
756 1512 813 1583 vel
838 1508 1018 1598 fabulosis,
1053 1510 1270 1599 deledletur,
1295 1533 1387 1607 quae
1411 1534 1456 1586 ex
1473 1513 1515 1588 li·

285 1603 359 1681 bris
380 1601 527 1702 lpariis,
561 1624 620 1678 aut
646 1607 857 1679 recentioris
885 1606 1011 1680 aetatis
1039 1607 1289 1703 scriptoribus,
1331 1608 1409 1702 peti
1433 1608 1515 1704 pos-

290 1701 377 1778 sunt.
429 1700 600 1774 Fueritne
627 1701 733 1776 idern·
748 1727 789 1777 ac
814 1705 975 1778 Clemens
1003 1703 1090 1779 Phil.
1118 1704 1188 1778 lV:
1218 1727 1254 1798 3.
1276 1727 1296 1777 a
1318 1704 1424 1777 Paulo
1442 1707 1519 1779 lau«

291 1797 383 1872 datus
406 1815 571 1894 tanquam
589 1801 835 1894 cooperarius,
861 1799 913 1873 uti
938 1802 1045 1896 vulgo
1063 1817 1228 1896 putatur,
1255 1797 1416 1873 adserere
1435 1822 1510 1876 non

290 1894 413 1984 ausim,
447 1915 529 1968 cnm
555 1893 651 1968 inter
677 1894 768 1968 Phili
794 1897 919 1991 penses
942 1898 1126 1986 laborasse,
1160 1915 1199 1968 et
1224 1896 1320 1970 inter
1345 1921 1407 1970 eos
1431 1922 1513 1970 ver·

289 1988 370 2080 sari,
401 1989 558 2065 dicatur-z
591 1991 703 2064 multo
734 2013 869 2080 minus,
903 2016 1027 2088 cuma
1054 1993 1208 2066 Barnaba
1234 1991 1335 2067 inille
1373 1994 1513 2068 Romae

292 2085 524 2177 conversum,
563 2088 616 2159 uti
651 2086 687 2161 in
719 2088 778 2162 lib.
805 2087 1112 2184 Recognitionum
1137 2088 1297 2163 Clemens
1336 2087 1410 2184 ipse
1433 2112 1511 2164 nar·

294 2203 368 2272 rat,
386 2183 409 2256 l.
432 2185 502 2273 l.,·
523 2181 660 2256 constat
692 2185 788 2258 enim
816 2183 969 2280 spurium
1004 2185 1075 2259 elle
1105 2185 1254 2275 librum,
1296 2205 1333 2258 et
1354 2181 1510 2260 nostrum

296 2299 374 2351 tum
399 2279 515 2355 Plrvio
548 2280 733 2353 Clemente
768 2280 871 2355 Cons.
896 2282 1004 2356 Rom·
1038 2281 1232 2368 conlundi3
1275 2282 1367 2355 unde
1402 2280 1509 2356 etiam

298 2372 373 2448 fieta
389 2395 468 2452 ,orta
488 2373 541 2449 est
565 2376 729 2466 traditio,
756 2376 840 2452 ibid.
865 2377 886 2450 l.
914 2378 1000 2452 Vll.
1026 2375 1182 2465 exstans,
1216 2375 1327 2473 ipsum
1351 2375 1453 2451 fuiffe
1477 2399 1501 2452 e

290 2469 443 2641 didm
471 2468 644 2561 Caesaris,
685 2491 802 2549 natum
839 2496 884 2546 ex
909 2474 1012 2547 Patre
1045 2471 1288 2565 Faustiniano,
1328 2497 1370 2547 ac
1397 2492 1513 2548 matre
1577 2477 1581 2485 '

336 2567 500 2656 atrlridia,
530 2568 671 2644 Flavius
696 2569 791 2643 enim
816 2572 997 2659 Clemens,
1021 2590 1060 2643 et
1086 2593 1174 2644 uxor
1192 2571 1265 2664 ejus
1289 2570 1406 2644 flavia
1430 2572 1508 2645 Do·

294 2662 426 2757 mitilla,
455 2663 709 2762 cognationem
733 2689 813 2739 cum
840 2666 1048 2739 Domitiano
1072 2666 1294 2757 habuerunt,
1333 2666 1508 2766 denique,
1591 2704 1593 2709 ·

297 2770 334 2835 rie
353 2762 445 2859 plura
469 2760 669 2860 proferam,
703 2786 784 2837 eum
805 2764 1047 2850 Chersonam,
1080 2763 1271 2859 ignobilem
1296 2766 1338 2838 ad
1356 2767 1510 2839 Pontum

298 2856 461 2933 Euxinum
483 2856 692 2948 civitatem,
744 2860 950 2935 inexilium
974 2859 1132 2949 millum,
1174 2881 1212 2934 er
1236 2860 1320 2935 dein
1346 2860 1384 2933 in
1409 2884 1506 2935 mare

300 2952 572 3052 praecipitatum,
604 2956 761 3051 adeoque
785 2976 978 3055 martyrem
1012 2956 1137 3030 fuiffes
1175 2955 1231 3031 uti·
1254 2955 1325 3030 fule
1348 2976 1510 3030 narratur

298 3050 371 3147 apud
385 3052 585 3127 Simeonem
603 3051 879 3147 Metaphrastcn.
928 3054 1050 3125 Nemo
1070 3053 1265 3141 Veterum,
1291 3051 1343 3126 uti
1360 3054 1501 3125 Irenae-

298 3146 554 3239 ssu-Eusebius,
582 3149 841 3244 Hieronymus,
881 3146 1041 3244 martyrii
1075 3148 1149 3241 ejus
1176 3147 1360 3234 meminit,
1396 3171 1506 3223 nemo

295 3242 406 3341 ‚elogio
429 3245 595 3341 martyris
614 3268 693 3317 cum
717 3245 858 3317 ornavit
893 3259 976 3316 ante
994 3240 1195 3334 lluffinum,
1221 3264 1259 3317 et
1286 3243 1501 3338 Gregorium

296 3336 542 3430 Turonensem,
573 3362 640 3414 nec
658 3340 800 3414 dubium
817 3338 888 3428 est,
930 3339 1014 3437 quin
1040 3338 1163 3414 eudem
1188 3364 1271 3416 cum
1293 3341 1477 3414 Clemente

295 3436 383 3513 Cuns.
406 3438 572 3513 Romano
599 3436 756 3511 consufio
782 3436 991 3534 martyrium
1021 3433 1097 3529 ejus
1122 3434 1321 3532 pepon-rit.-
1371 3436 1500 3513 Tradi-

293 3541 343 3604 tur
363 3533 502 3631 quidem
527 3552 686 3606 mortuus
714 3557 793 3607 ann.
821 3531 965 3627 Traiani
993 3536 1081 3628 3tr'o,
1118 3552 1156 3603 ur
1185 3533 1268 3607 Eas,
1290 3533 1339 3605 ll.
1366 3532 1407 3607 E.
1433 3533 1496 3610 lib.

292 3626 347 3703 ill.
375 3625 502 3719 refert,
545 3630 606 3703 scd
637 3630 707 3703 fine
733 3628 983 3716 fundamenm,
1023 3628 1111 3700 solet
1134 3651 1274 3725 quoquc
1298 3626 1363 3700 iste
1390 3652 1506 3704 annus*

290 3726 326 3798 lb
347 3726 536 3802 Historicis
558 3725 693 3820 adripi,
721 3728 780 3800 ubi
806 3750 929 3811 verum
948 3748 1075 3797 annum
1109 3723 1299 3821 ignorant:
1339 3724 1390 3797 uti
1409 3729 1495 3799 mul·

290 3814 330 3895 'tis
360 3822 514 3898 ostendit
546 3823 746 3896 Dodurcllus
781 3822 822 3892 ad
854 3823 1014 3893 Pcarson.
1049 3822 1165 3915 Opem
1194 3819 1311 3893 Postu.
1363 3823 1496 3896 Verius

289 3916 352 4011 est,
391 3922 485 4018 quod
518 3920 732 4029 Eutychius,
765 3915 969 3989 Patriarclra
990 3916 1114 4005 Alern,
1145 3915 1261 3988 tradit
1301 3916 1339 3989 in
1366 3916 1498 3992 Annal..

287 4012 358 4091 'enm
384 4040 465 4090 ann.
492 4015 689 4090 Domitiani
721 4019 781 4088 odo
807 4013 875 4084 elle
902 4029 1096 4099 mortuum,
1139 4030 1322 4105 praeterea
1349 4014 1494 4087 tertium

285 4108 378 4190 fuine
394 4112 610 4211 Episcopum
627 4113 844 4197 Romanum,
870 4128 907 4181 er
925 4107 1045 4182 sedille
1061 4110 1103 4179 ab
1121 4110 1199 4180 ann.
1227 4133 1294 4184 aer.
1323 4110 1370 4182 V.
1397 4131 1497 4199 pono

285 4212 323 4285 ad
362 4204 506 4302 85tum,
550 4208 613 4280 seu·
652 4206 849 4281 Domitiani
894 4209 1001 4277 adum.
1060 4203 1144 4276 Vid.
1189 4204 1346 4277 Pearl'on.
1385 4205 1501 4308 Qper..

282 4306 414 4396 Posth.,
450 4326 488 4379 et
514 4304 717 4379 Dodwelus
740 4306 781 4378 atl
808 4326 899 4376 eum.
950 4302 1006 4374 Dc
1033 4299 1242 4375 succcffionu
1266 4298 1499 4391 illu.Ep1lco·

283 4425 405 4503 porum
429 4405 538 4481 Rom.
561 4399 683 4499 postea
704 4419 861 4480 recurret
888 4394 1024 4473 occalio'
1049 4396 1194 4496 agendi„

280 4524 288 4549 ··
431 4538 452 4571 .·
836 4495 951 4591 003
1332 4482 1365 4587 l.
1392 4483 1500 4567 CCL*
1557 4508 1559 4515 '
