3609 5500
396 698 473 769 rae
785 676 934 785 Historia
954 678 1085 780 arelefi
1112 676 1230 781 Cirris.

397 890 477 964 rem
498 862 640 943 Eusebii
658 858 924 952 testimonium
949 883 1055 959 qnare
1076 861 1154 957 ejus
1168 859 1356 938 autoritate
1372 862 1458 944 illud
1474 888 1617 967 quoqne

395 964 550 1041 adseruit
572 962 824 1035 Theodoretus
846 962 896 1035 H.
920 960 942 1032 l.
968 960 997 1032 1.
1023 980 1055 1031 c.
1084 982 1143 1053 13.
1191 960 1261 1032 Sed
1291 984 1405 1055 aquo
1432 982 1609 1061 tempore,

222 1106 237 1123 κ
395 1062 567 1161 ctquibus
582 1056 780 1145 autoribus,
799 1054 970 1151 invulgus
986 1055 1222 1145 emanaverit,
1239 1054 1419 1129 difficilior
1434 1059 1610 1155 estquael·

395 1158 464 1235 tio.
515 1156 698 1230 Probabile
723 1149 813 1226 milti
839 1152 986 1223 omuino
1005 1148 1169 1241 videtur,
1193 1174 1321 1225 vocem
1345 1155 1440 1226 illam
1458 1156 1543 1228 bruc
1557 1157 1614 1229 se·

394 1256 477 1330 culo
492 1253 570 1327 suot
596 1250 724 1325 debere
741 1246 872 1321 natales
893 1245 988 1319 inter
1007 1244 1247 1335 orthodoxos,
1270 1268 1352 1320 cum
1375 1268 1480 1322 antea
1496 1252 1611 1323 Gnos-

396 1350 480 1426 ticir
529 1346 675 1434 rimam,
701 1342 783 1416 dein
808 1340 1028 1430 sabellianis,
1052 1340 1111 1413 sed
1135 1343 1204 1416 alio
1228 1343 1289 1415 lon
1313 1367 1337 1415 e
1357 1341 1475 1433 sensu,
1502 1344 1614 1419 fuerit

396 1444 436 1522 in
462 1468 532 1517 uu.
583 1465 614 1515 r.
638 1436 829 1535 Dionysius
843 1437 949 1512 Alea.
971 1436 1009 1509 in
1026 1458 1083 1531 ep.
1107 1439 1151 1511 ad
1164 1364 1313 1532 Dionys.
1338 1441 1491 1513 Roman.
1517 1442 1611 1537 apud

395 1536 560 1617 Athenas.
587 1537 608 1611 l
633 1558 666 1609 c.
692 1532 798 1607 etde
822 1531 958 1630 synodis
983 1531 1114 1607 Armin.
1144 1558 1185 1607 ac
1207 1534 1331 1606 Seleuc.
1352 1532 1405 1630 se
1419 1536 1477 1607 stoc
1499 1558 1609 1609 nomen

251 1634 257 1643 '
393 1660 453 1713 nec
479 1628 648 1729 iuveniffe,
683 1626 817 1705 scilicet
841 1628 947 1720 alibi,
978 1649 1037 1703 nec
1066 1624 1176 1723 legiffe
1199 1632 1233 1701 in
1249 1628 1361 1726 sacris
1387 1634 1530 1722 litteris,
1566 1652 1603 1705 et

393 1756 464 1831 pro
491 1748 589 1803 terea
612 1752 685 1803 non
698 1724 917 1814 adhibuisse,
936 1722 1064 1799 diserte
1091 1724 1246 1799 testatur.
1295 1747 1330 1800 2.
1354 1728 1517 1822 synodus
1533 1730 1609 1802 An

394 1824 469 1903 tioc
518 1848 583 1913 na,
623 1848 654 1899 a.
682 1828 764 1911 265.
788 1819 929 1910 habita,
967 1818 1059 1893 hanc
1081 1843 1209 1894 vocem
1233 1820 1461 1918 repudiavita
1497 1842 1537 1896 ut
1560 1846 1607 1899 ex

392 1923 527 2001 Athen.
544 1922 565 1993 l
583 1939 615 1990 c.
639 1915 763 1989 Basilio
779 1916 836 1989 M.
862 1938 925 2011 ep.
940 1936 1000 2003 52.
1023 1915 1066 1987 ad
1084 1915 1297 2007 canonicas,
1320 1917 1462 1991 Hilario
1477 1918 1524 1991 de
1539 1922 1603 2017 Sy·

392 2015 513 2102 nodis,
547 2010 700 2107 Eulogio
724 2009 795 2083 sec.
821 2008 870 2081 V.
896 2008 993 2105 apud
1012 2010 1117 2084 Phor.
1142 2010 1181 2085 in
1204 2011 1293 2086 Bibl.
1316 2013 1397 2087 cod.
1423 2034 1507 2108 230.
1532 2038 1603 2088 ma·

392 2106 560 2193 uifestum
591 2104 665 2197 est,
707 2104 800 2179 claro
830 2102 989 2193 indicio,
1029 2128 1108 2179 eam
1132 2128 1204 2181 non
1232 2106 1334 2182 fuisse
1359 2125 1445 2181 tunc
1466 2110 1603 2207 recepti

391 2209 492 2298 usus,
516 2226 594 2281 cum
610 2198 820 2297 ceteroquin
838 2222 910 2274 non
935 2217 1071 2273 tantum
1089 2224 1162 2275 non
1185 2202 1383 2298 rejeciss'et,
1407 2202 1466 2276 sed
1484 2204 1602 2278 desen·

391 2304 495 2377 diffet
510 2301 630 2399 potius
648 2314 769 2371 contra
793 2296 932 2369 Paulum
950 2295 1138 2387 Samosaa,
1161 2314 1199 2370 et
1223 2296 1462 2373 orthodoxum
1484 2299 1598 2374 vindi·

390 2394 499 2475 caffet
521 2392 665 2469 sensum.
715 2392 771 2464 Ex
795 2412 887 2485 quo,
927 2406 968 2462 ut
1001 2389 1083 2466 illud
1116 2389 1236 2465 obiter
1260 2394 1467 2485 observem,
1508 2394 1597 2468 inter

389 2492 457 2571 alia
482 2508 606 2588 patet„
639 2484 788 2583 quidde
811 2484 1047 2577 confeffione',
1087 2510 1174 2583 quae
1210 2490 1270 2563 sub
1296 2489 1435 2562 Parrum
1466 2488 1596 2585 Synodi

388 2584 637 2667 Antiochenae
673 2576 817 2654 nomine
854 2580 892 2654 in
924 2578 1026 2653 Attis
1056 2581 1130 2678 syn.
1162 2582 1356 2678 Ephesrnae
1383 2608 1420 2681 p.
1446 2586 1511 2659 ΙΙΙ.
1533 2608 1592 2659 ex·

388 2681 476 2776 stat,
513 2674 740 2780 judicandum
762 2672 823 2766 fit,
863 2698 947 2752 cum.
969 2674 1019 2750 ibi
1052 2700 1126 2750 vor
1149 2679 1278 2772 lirosa«
1299 2700 1439 2777 proram
1464 2680 1538 2755 lere
1559 2697 1599 2754 et

362 2777 539 2962 Ἐιρρίιιι
563 2773 685 2851 saciat.
724 2793 764 2942 ff.
789 2773 829 2846 ln
859 2773 950 2846 nulla
971 2770 1061 2845 fidei
1090 2776 1330 2865 confeffione,
1362 2775 1449 2850 licet
1485 2778 1595 2873 plures

418 2900 461 2951 oc
485 2873 576 2962 sec.,
603 2889 642 2946 ut
661 2891 706 2943 ex
739 2866 959 2964 operioribus
982 2867 1111 2962 liquet,
1135 2867 1290 2962 fuerint,
1315 2891 1388 2945 voa
1414 2873 1597 2971 reperitur.

387 2973 451 3052 Ne
474 2988 592 3044 autem
617 2967 660 3041 ad
684 2963 724 3039 id
744 2962 968 3039 obhaerescat
992 2961 1088 3059 quir,
1113 2966 1214 3060 quod·
1230 2966 1381 3062 Dionys.
1403 2966 1506 3042 Alex.
1529 2965 1599 3042 sele

391 3064 532 3142 necesse
549 3061 711 3135 babuerit
727 3057 911 3150 excusare,
939 3056 1033 3154 quod
1049 3057 1430 3158 hancpraetermiserit
1447 3086 1596 3152 vocem,

415 3162 503 3230 robe
536 3155 673 3230 adverti
707 3153 833 3243 velim,
873 3151 1126 3228 accusationem
1161 3159 1336 3254 originem
1369 3155 1463 3232 fitam
1492 3157 1596 3234 debu·-

386 3249 451 3328 1sse
483 3249 712 3336 sabellianis,
760 3264 882 3320 contra
915 3271 1002 3346 quoa
1039 3247 1221 3345 scripserat
1253 3252 1455 3350 Dionysius.
1501 3253 1587 3353 Qui,

384 3363 426 3420 ut
449 3341 484 3414 se
510 3339 778 3429 ulciscerentur,
803 3364 884 3414 eum
911 3342 1057 3416 reddere
1084 3345 1273 3422 voluerunt
1296 3349 1484 3456 suspecltun
1504 3347 1586 3418 bac·

380 3437 514 3532 resros,
540 3455 627 3534 quae
655 3433 890 3510 Divinitatem
913 3437 1041 3512 Christi
1065 3459 1195 3550 negat3
1226 3462 1369 3541 pepertt
1393 3445 1505 3540 ntique
1530 3442 1591 3516 Sa·

387 3533 615 3616 bellianorum
648 3531 816 3606 refutatio
849 3531 942 3606 hanc
975 3531 1242 3613 accusationem.
1297 3539 1454 3614 thetur
1481 3557 1599 3614 autem

381 3627 593 3726 ⁸Sabellianis
620 3651 661 3703 eu
677 3649 749 3704 vox
776 3625 919 3717 usitata,
943 3648 1001 3702 tan
1028 3651 1105 3702 uam
1123 3653 1230 3726 quae,
1254 3633 1451 3708 sectmdum
1473 3633 1598 3731 agniti:

382 3726 605 3904 {stlat
612 3721 969 3892 lllltllttllt
971 3749 994 3795 ⁰
1016 3723 1290 3896 titul?
1288 3726 1430 3897 bril
1432 3733 1595 3900 ...3332

384 3931 569 4008 receptum
593 3911 667 4005 ejus
693 3841 793 3985 ruiise
818 3872 1069 4010 significa’tum,
1093 3936 1171 4007 quo
1188 3850 1264 4007 rga,
1285 3939 1376 4083 puae
1395 3848 1596 4013 diuisioni:

380 4009 554 4108 deistunt,
587 4021 645 4078 cut
662 4001 843 4101 cmiffione,
875 4009 935 4082 seu
959 4006 1112 4095 effluxu,
1141 4012 1268 4086 exalia
1295 4031 1362 4086 unt
1386 4035 1508 4108 ortae,
1538 4017 1598 4088 de·

380 4125 495 4206 notat
546 4101 661 4208 Quam
685 4103 731 4180 ob
757 4101 935 4180 rationem
960 4100 1140 4181 Gnosticia
1170 4106 1322 4188 mame
1355 4106 1398 4186 in
1422 4111 1490 4188 usu
1508 4108 1597 4200 suit,
