3609 5500
277 977 326 1065 62
681 968 828 1074 ssstoria
851 966 984 1075 Eccles.
1013 968 1128 1075 sitisti

281 1163 348 1244 nlsl
373 1155 597 1258 resipiscant,
638 1171 801 1255 tanquam
828 1156 999 1233 seditiosu
1020 1180 1041 1231 a
1065 1150 1238 1232 Romanis
1266 1152 1511 1248 trucidandis,

280 1281 425 1340 manere
455 1252 666 1345 declaravit,
709 1256 807 1330 simul
842 1253 1004 1353 singulari
1034 1254 1198 1351 parabola
1233 1250 1323 1325 ficus
1348 1277 1413 1353 per
1437 1272 1512 1328 tres

280 1381 411 1446 annos,
444 1371 532 1452 quot
565 1352 641 1450 ipse
661 1352 735 1449 jam
760 1353 855 1425 inter
891 1376 953 1427 eos
980 1350 1150 1443 triverat,
1185 1348 1435 1446 infrugiferae,
1470 1366 1513 1423 et

280 1456 326 1532 ad
350 1475 473 1552 preces
499 1449 679 1523 hortulani
705 1472 813 1523 unum
841 1469 969 1523 annum
995 1449 1215 1537 tolerandae,
1247 1468 1288 1519 ac
1315 1446 1512 1536 curandae,

281 1552 462 1638 sedtum,
489 1543 662 1620 fifruttus
686 1567 759 1620 nou
788 1544 900 1638 ferat,
925 1543 1202 1635 exscindendae,
1228 1542 1396 1637 illustrat,
1420 1544 1513 1619 Lue-

286 1649 389 1726 Xlss:
420 1668 530 1720 1-.

332 1743 364 1842 q.
390 1664 620 1815 LIX.9Cum
643 1736 731 1813 Luc.
768 1737 956 1814 x111210.
990 1736 1087 1812 hisce
1121 1734 1268 1812 narratis
1300 1732 1511 1835 subjungat,

281 1834 460 1917 Christum
478 1833 614 1932 docussr
640 1840 674 1909 in
690 1838 799 1931 aliqua
812 1832 986 1933 synagoga
1002 1832 1169 1931 sabbato,
1194 1834 1321 1929 absque
1337 1852 1377 1907 ut
1391 1835 1514 1910 locum

282 1954 347 2012 aut
375 1952 517 2029 tempus
543 1930 721 2029 designet,
746 1929 875 2005 deinde
901 1955 938 2006 v.
959 1952 1021 2008 22.
1046 1953 1127 2005 eum
1146 1937 1242 2005 urbes
1268 1952 1308 2002 ac
1332 1934 1513 2028 tricorpor„

282 2026 455 2128 tranfiiffe
479 2030 636 2118 docendo,
681 2051 726 2101 eo
750 2025 881 2126 scopo,
912 2026 1259 2125 utHierosolymam
1292 2049 1334 2099 ea
1367 2025 1514 2105 ratione

282 2127 495 2245 perveniat,
526 2124 678 2199 statuere
703 2120 799 2198 forte
821 2124 950 2213 liceat,
983 2121 1160 2199 Christum
1183 2125 1226 2198 ab
1252 2123 1323 2196 hoc
1348 2141 1516 2220 tempure

278 2244 353 2305 ster
379 2221 493 2297 rursus
518 2219 557 2295 in
586 2218 775 2297 Galilaeam
800 2219 1004 2317 suscepisse,
1044 2238 1083 2294 et
1107 2218 1229 2318 postea
1251 2243 1317 2317 per
1342 2220 1446 2293 urbes
1473 2238 1517 2297 et
1564 2276 1566 2280 -

281 2320 385 2399 vicos
410 2315 576 2394 docendo
604 2315 798 2413 perrexisse
823 2316 1128 2413 Hierosolymam,
1164 2317 1259 2393 circa
1282 2334 1422 2411 tempus
1445 2340 1509 2413 pa·

281 2414 424 2496 s'chatis.
474 2409 582 2515 Quod
599 2429 787 2509 antequam
803 2410 978 2508 adgressus
1003 2411 1055 2486 est
1072 2414 1267 2502 Dominus,
1292 2413 1438 2486 brevem
1455 2412 1514 2489 vi·

282 2514 389 2589 detur
415 2507 704 2607 Hierosolymam
734 2506 857 2583 fecisse
889 2508 1074 2582 excursum
1105 2508 1196 2583 festo
1223 2505 1509 2600 Encaeniorum,

282 2610 345 2685 seu
379 2630 486 2704 repur
532 2604 641 2679 tionis
665 2602 812 2715 Teinpli
844 2628 909 2703 per
940 2604 1064 2703 Judam
1095 2606 1371 2695 Maccabaeum,
1411 2605 1509 2697 quod

283 2703 324 2782 ln
348 2702 467 2778 Mens.
529 2701 707 2792 ecembr.,
746 2722 842 2776 cuca
864 2701 948 2792 fin,
980 2698 1128 2792 incidit,
1169 2702 1269 2799 cujus
1293 2698 1510 2798 mentiolest

285 2802 446 2878 IMacc.
473 2799 542 2873 IV.
589 2795 705 2871 Fuisse
741 2799 793 2871 uti

283 2896 371 2986 mis,
396 2916 441 2969 ex
464 2892 545 2990 Joh.
572 2894 617 2967 X:
645 2914 702 2967 22.
729 2822 886 2981 conllat3
912 2916 979 2967 nec
997 2891 1090 2965 aliud
1115 2893 1258 2967 videtur
1284 2893 1509 2969 commodius

281 3010 445 3090 tempus,
469 3012 572 3088 quam
588 2988 660 3063 hoc
684 2987 816 3085 ipsum,
840 3011 911 3084 quo
936 2989 974 3062 in
998 2988 1131 3063 uicinia
1150 2990 1421 3087 Hierosolymae
1437 2989 1512 3064 fuit

281 3091 461 3176 versatus,
501 3104 539 3159 et
573 3107 668 3159 nunc
700 3086 851 3172 reditum
878 3083 918 3159 in
952 3084 1140 3158 Galilaeam
1172 3086 1403 3160 moliebatur:
1441 3084 1509 3161 nit

309 3187 362 3263 uis
378 3183 487 3275 velit,
512 3204 615 3274 eum,
635 3183 707 3256 hoc
724 3183 853 3257 itinere
869 3179 1057 3271 confesso,
1080 3181 1232 3278 primum
1242 3182 1511 3279 Hierosolymas

281 3212 376 3360 {sto
412 3280 670 3353 Encaeniotum
704 3280 853 3366 adiisse,
895 3296 934 3348 et
968 3278 1053 3349 dein
1091 3278 1129 3350 in
1161 3277 1273 3350 trasiu
1304 3277 1510 3374 Jordanenli

285 3376 444 3453 mansisse
470 3374 576 3468 usque
606 3375 647 3445 ad
671 3372 797 3444 festum
822 3370 1014 3446 Paschatis:
1055 3370 1149 3466 quod
1173 3393 1218 3446 ex
1248 3374 1329 3470 Joh.
1354 3378 1398 3449 X:
1422 3397 1509 3467 40.,

282 3469 421 3568 aliquid
445 3469 582 3542 roboris
617 3467 777 3563 acquirit.
826 3467 883 3539 De
910 3490 979 3561 quo
1011 3467 1177 3565 quicquid
1202 3467 1264 3560 sit,
1304 3469 1512 3547 alterutrum

281 3568 382 3642 enirn
412 3561 555 3638 videtur
581 3562 857 3652 admittendum,
898 3562 1076 3655 Christus,
1111 3565 1290 3640 referente
1317 3568 1398 3666 Joh.
1424 3569 1445 3642 l.
1473 3592 1508 3646 c.

285 3658 548 3756 Hierosolymis
583 3658 661 3732 festi
687 3661 786 3733 causa
817 3658 991 3751 versatus,
1033 3680 1072 3734 ut
1097 3661 1168 3735 sese
1193 3687 1316 3738 verum
1351 3665 1420 3739 esse
1445 3663 1512 3737 do·

281 3782 360 3836 mus
387 3757 459 3831 Dei
485 3774 732 3828 renovatorem
757 3779 897 3854 quoque
923 3756 1195 3848 demonstraret,
1231 3779 1375 3858 rogatus
1399 3782 1419 3832 a
1444 3761 1507 3854 Ju-

211 3897 214 3903 ·
282 3855 404 3945 dacis,
429 3870 468 3926 ut
484 3852 597 3947 palam
622 3869 659 3924 ct
675 3871 797 3946 aperte
823 3853 858 3926 se
884 3853 1113 3949 profiteretur
1132 3853 1306 3948 Christum,
1332 3857 1391 3931 seu
1407 3855 1509 3930 Mes·

278 3951 387 4039 siam,
404 3946 604 4045 respondit,
631 3951 665 4021 se
683 3946 834 4040 idfatis,
859 3948 918 4023 sed
935 3949 1078 4042 frustra,
1106 3947 1249 4042 fecisse,
1276 3973 1314 4026 et
1332 3952 1373 4027 ad
1394 3975 1505 4049 opera

276 4048 343 4125 sua
368 4067 588 4142 provocare3
612 4043 670 4118 sed
688 4068 750 4118 eos
774 4070 847 4120 non
876 4045 946 4119 esse
970 4048 1015 4120 de
1037 4069 1186 4121 numero
1211 4048 1331 4123 ovium
1347 4051 1506 4138 suarum,

283 4143 459 4245 quianon
487 4139 659 4228 credunt3
684 4140 742 4214 sed
759 4165 842 4216 cum
868 4141 1073 4232 addidisset,
1100 4165 1186 4218 oves
1211 4146 1285 4220 suas
1310 4165 1410 4219 certo
1436 4148 1509 4218 ser·

282 4239 434 4326 vandas,
459 4235 553 4333 quod
578 4235 616 4310 in
640 4260 745 4310 manu
769 4239 845 4327 sua,
879 4258 917 4312 et
940 4237 1050 4313 Patris
1065 4238 1149 4331 -sui,
1178 4239 1264 4330 sint,
1301 4241 1440 4335 seseque
1464 4263 1509 4315 ac

281 4339 422 4414 Patrem
448 4333 518 4409 esse
540 4355 668 4423 unum,
701 4331 824 4429 Judaei
848 4357 929 4408 eum
953 4331 1107 4430 lapidare
1131 4339 1323 4411 voluerunt
1349 4340 1394 4408 ob
1423 4337 1510 4411 blas·
1559 4411 1566 4423 ,

274 4431 482 4540 phemiam:
524 4453 627 4532 quam
650 4451 731 4507 cum
754 4453 775 4508 a
796 4432 832 4508 se
857 4433 950 4510 clare
971 4432 1199 4529 remorasset,
1239 4452 1278 4514 et
1301 4433 1437 4514 dislrun
1463 4435 1511 4606 dfe

820 2820 864 2870 ue
889 2797 1000 2894 ipsum
1036 2819 1080 2869 eo
1106 2817 1269 2894 tempore
1296 2797 1508 2895 Hierosoly-
