3609 5500
285 915 358 992 soa
613 875 616 880 ¹
667 888 819 990 Historia
844 885 973 994 Eccirs.
1001 889 1117 993 Christ.
1526 873 1532 880 ⁵

85 1153 89 1166 1
280 1065 464 1179 Episcopi·
477 1067 573 1144 enim
597 1091 664 1181 pro
681 1070 817 1148 diversa
832 1073 952 1158 indole
972 1093 1011 1149 et
1025 1070 1261 1174 opinionibus
1282 1069 1517 1148 autoritatem

245 1177 250 1182 “
279 1191 337 1250 mn
364 1166 392 1240 is
416 1163 581 1241 minusve
605 1191 646 1242 in
667 1171 774 1244 altum
800 1172 1006 1246 extulerunt
1049 1233 1051 1240 .

327 1191 362 1362 ξ.
385 1263 599 1339 cxxxvl-
623 1266 666 1340 ln
688 1265 843 1342 Ecclesia
866 1267 1102 1345 Alexandrina
1129 1291 1205 1348 reni
1228 1264 1267 1341 in
1293 1263 1424 1340 eodem
1447 1261 1511 1340 sta·

281 1379 343 1453 tu,
367 1384 438 1457 quo
455 1360 522 1437 sec.
539 1361 775 1458 praecedente
791 1363 924 1455 fuerat,
941 1363 1115 1455 manfisse,
1133 1365 1221 1440 duae
1236 1360 1328 1436 mihi
1343 1361 1518 1438 videntur

281 1458 516 1554 comprobare
532 1458 698 1533 rationes.
747 1459 903 1558 Qiurum
924 1483 1026 1536 unani
1041 1453 1243 1560 suppeditat
1261 1457 1517 1556 Hieronymo·

283 1556 324 1634 iu
348 1552 459 1651 Epist.
488 1555 543 1629 illa
567 1553 739 1629 notiffiina
759 1559 803 1630 ad
826 1557 1040 1654 Evagriuin,
1086 1558 1141 1632 hin
1179 1550 1310 1631 verbis.
1354 1555 1515 1629 'Alexan-

281 1653 418 1729 drioeo
445 1651 564 1726 Marco
587 1648 804 1748 Euangelista
840 1649 935 1748 usque
964 1654 1009 1726 od
1043 1654 1220 1728 Heracloiii
1249 1668 1283 1724 et
1317 1647 1516 1750 hioppen

285 1747 483 1848 Episcopos,
510 1747 698 1845 Presbyteri
706 1745 836 1845 semper
850 1773 947 1822 uriom
973 1772 1015 1822 ex
1031 1746 1072 1844 se
1097 1753 1250 1840 cleliam,
1280 1747 1317 1818 iii
1343 1743 1515 1842 encelfiori

281 1847 389 1948 grado
415 1843 624 1933 collocutum,
658 1843 857 1946 Episcopum
882 1848 1108 1937 nominarunt,
1134 1866 1193 1940 prio
1215 1839 1355 1935 modost
1388 1845 1515 1920 exerti·

288 1961 342 2019 tos
359 1943 576 2036 inperatorem
592 1937 734 2035 sociat,
759 1959 819 2018 out
834 1941 978 2017 Diocoiii
995 1942 1122 2038 eligant
1135 1942 1174 2014 de
1184 1937 1227 2038 se
1242 1962 1334 2047 pueep
1359 1937 1516 2040 industri·

285 2049 343 2118 iim
365 2040 528 2127 nornine,
554 2051 587 2110 et
611 2039 883 2116 Arililloconoiii
907 2054 1030 2114 vocent.
1064 2036 1253 2113 'Concinit
1275 2036 1318 2124 ali
1343 2059 1397 2110 ua·
1413 2057 1517 2135 parte

239 2161 242 2166 ·
284 2137 356 2216 Eut
382 2133 483 2210 chius
513 2132 551 2206 in
575 2132 639 2208 Ori
666 2132 714 2209 in.
740 2132 1006 2226 Alexandrinis,
1032 2131 1090 2208 sed
1108 2129 1296 2208 admiscuit
1346 2129 1356 2146 '
1439 2151 1516 2224 ,et

284 2160 381 2341 illiti
394 2225 549 2304 mansisse
575 2155 802 2338 traditusque
829 2231 876 2341 pil
893 2229 1151 2341 Alexandrum,
1190 2228 1250 2338 seu
1276 2225 1345 2303 sec.
1372 2229 1514 2306 IVtuin.

287 2327 430 2410 Hieron
457 2347 552 2416 mus,
576 2345 636 2402 cui
653 2341 762 2402 tutius
777 2325 918 2419 fiditur,
944 2344 983 2400 ut
999 2324 1096 2400 necie
1120 2325 1233 2400 intelli
1280 2342 1359 2414 tut,
1387 2343 1515 2400 notan·

285 2425 375 2506 duni
399 2350 471 2515 eli,
496 2421 708 2533 Heracleon,
730 2445 838 2498 unuin
855 2443 900 2498 eu
917 2421 1085 2519 Origenis
1098 2418 1239 2532 discipu
1253 2417 1450 2531 insedem
1464 2420 1518 2496 ibi

280 2519 463 2616 ,accepisse
478 2516 723 2614 Episcopaleni
737 2537 902 2616 tempore
919 2515 1108 2592 Alexandri
1123 2520 1340 2616 lnpepatorir
1355 2539 1391 2592 a.
1411 2537 1431 2592 a
1457 2541 1517 2609 o..

280 2612 1332 2787 ⁴¹⁰lpll¹lzl¹¹lllllilldlllllltludlssll
1366 2611 1517 2787 ”iii

279 2733 547 2902 {ieronimus}
573 2731 827 2881 observindum
853 2804 926 2897 est,
950 2764 1091 2881 alterani
1106 2805 1149 2880 ad
1164 2728 1511 2903 Episcopffite

284 2905 330 2986 od
348 2901 556 2991 Ecclesiam,
582 2900 724 2975 alteram
741 2904 847 2977 relute
863 2902 906 2976 ad
921 2902 1165 2998 Presbyteros,
1209 2902 1377 2977 ertinete.
1417 2904 1513 2976 cnm

281 2998 384 3079 enini
409 2996 570 3086 dixisset,
604 2997 819 3096 Episcopum
842 3023 888 3074 ex
910 2995 1129 3107 Epetbyteris
1154 2926 1260 3107 eiigi,
1277 3014 1333 3107 ἐς
1357 2996 1404 3073 ab
1429 2994 1514 3098 ipsit

278 3097 453 3196 adpellari
477 3094 594 3192 Episco
616 3119 691 3184 um,·
717 3093 800 3172 illud
824 3094 1012 3193 dupliciter
1034 3091 1151 3189 potest
1175 3093 1351 3203 intelligi,
1380 3092 1441 3169 vel
1466 3097 1513 3191 ab

286 3193 442 3271 Ecclesii
468 3216 549 3267 euni
580 3115 683 3266 insse
700 3193 873 3281 eledlurn,
898 3192 993 3264 vela
1016 3190 1254 3288 Presbyteris;
1285 3211 1411 3300 priore
1434 3191 1516 3267 casu

199 3376 202 3383 ,
282 3310 387 3376 erat,
419 3285 486 3361 acsi
512 3285 687 3361 exercitus
711 3288 860 3381 eligeret
884 3289 1145 3380 lnpemtorem,
1176 3284 1375 3384 posteriore
1400 3308 1513 3379 vero,

283 3384 355 3463 acsi
380 3382 522 3457 diaconi
548 3381 719 3476 eligerent
746 3381 1067 3454 Archidiaconum:
1109 3376 1263 3456 habuisse
1293 3401 1412 3457 autem
1458 3382 1510 3457 le·

282 3482 366 3557 beni
395 3477 548 3573 insignes
573 3474 609 3547 in
626 3473 799 3582 eledliune
821 3476 878 3549 illa
899 3494 1038 3644 paries,
1062 3497 1200 3552 certum
1223 3474 1293 3566 est,
1320 3496 1360 3552 et
1385 3502 1434 3579 po

279 3570 435 3676 patebit.
485 3570 726 3671 Qua-ratione
751 3570 877 3666 cuniia
915 3572 1019 3645 aciles
1047 3572 1178 3648 habent
1205 3574 1425 3670 explicatus,
1448 3572 1512 3651 ali·

281 3664 729 3856 tlllltll’ssslll
747 3665 964 3843 {Sillii
983 3667 1118 3838 ‘llll
1134 3669 1402 3864 illeille
1429 3670 1513 3847 {hii

281 3865 513 3959 -Presbyteros
533 3856 657 3932 relatio
685 3856 747 3947 lit,
771 3878 811 3934 ut
838 3858 1095 3935 Archidinconi
1118 3860 1160 3936 ad
1184 3861 1386 3954 Diaconos,
1402 3793 1511 3941 1ie'iis·

280 3960 371 4044 dein
401 3973 546 4053 oportet
576 3953 641 4029 sint
677 3953 807 4030 ordinis
838 3977 875 4032 et
910 3955 1070 4053 collegii,
1110 3957 1168 4032 sed
1200 3956 1326 4033 diversi
1359 3983 1406 4058 gr.
1450 3986 1510 4051 us,

281 4074 455 4155 quatenus
488 4052 525 4124 in
556 4048 746 4124 excelfiore
771 4053 879 4220 prado
906 4076 982 4128 erat
1014 4050 1226 4158 Episcopus,
1266 4078 1355 4130 unus
1389 4056 1508 4154 itaque

280 4150 598 4253 presbyterorum,
626 4145 662 4220 in
688 4147 878 4222 excesiore
902 4149 1008 4245 gradu
1042 4150 1242 4225 collocatus.

335 4245 368 4347 i.
392 4243 613 4321 CXXXVII.
639 4240 852 4342 Hieronymi
863 4243 1073 4333 narrationi,
1092 4263 1130 4319 et
1145 4245 1233 4325 thesi
1244 4239 1401 4341 nostrae,
1419 4270 1509 4349 pon·

277 4342 351 4430 „dtis
372 4338 490 4435 addit,
523 4364 610 4442 quae
640 4340 747 4419 alteru
773 4341 890 4422 nostra
923 4338 974 4421 est
998 4343 1125 4439 tutio,
1145 4340 1296 4441 collatio.
1310 4342 1406 4446 iuter
1428 4346 1508 4455 Cle-

432 4504 441 4519 .
875 4474 878 4478 ·
1338 4486 1340 4490 -
1375 4458 1512 4517 mentis
