3609 5500
297 882 369 985 638
698 881 843 982 &floria
866 817 1009 985 [αἶψ’
1026 873 1142 983 Clnssi
1228 827 1230 836 Ι
1458 817 1464 828 ¹

301 1088 388 1163 prae
413 1062 489 1138 aliis
509 1063 635 1138 multas
652 1060 784 1139 habent
810 1065 1093 1164 praerogativae,
1130 1065 1214 1140 duni
1240 1073 1328 1136 mox
1352 1053 1396 1134 ad
1419 1058 1533 1158 glor?

302 1187 358 1236 am
384 1161 677 1249 admittebantur,
720 1182 758 1234 et
782 1185 801 1234 a
824 1168 980 1258 peccatis
1004 1188 1071 1260 per
1088 1159 1302 1259 ¹martyrium
1329 1153 1521 1235 liberaban-

303 1276 371 1332 tur.
419 1258 650 1331 Poenitentes
674 1255 715 1328 ad
741 1262 867 1336 ueniam
888 1258 1044 1348 stabam,
1070 1282 1146 1333 eam
1170 1263 1213 1330 ab
1229 1250 1387 1329 Ecclefia
1410 1254 1521 1351 inplo-

304 1373 441 1441 rantes,
474 1354 532 1427 sed
555 1354 587 1425 iti
615 1351 686 1424 srne
712 1353 767 1425 illa
791 1356 936 1448 gloriam
961 1355 1280 1450 consequebantur:
1314 1349 1365 1422 illi
1390 1348 1521 1446 gravis·

303 1448 396 1522 srmis
429 1449 529 1540 saepe
564 1449 660 1520 malis
692 1449 923 1548 castigatoriis
955 1450 992 1522 in
1035 1450 1103 1524 hac
1133 1448 1209 1524 vita
1241 1445 1519 1543 adfligebautur,

305 1567 375 1642 quo
402 1542 532 1617 ditium
559 1542 685 1615 Christi
711 1545 819 1617 Matt.
846 1546 893 1618 V.
920 1543 1063 1635 retulit,
1087 1562 1125 1618 ut
1150 1544 1258 1618 modo
1282 1539 1430 1632 notavi,
1455 1544 1521 1640 ey·

306 1640 469 1741 priauus,
512 1638 570 1712 sed
599 1638 637 1710 hi
663 1640 706 1711 ab
730 1639 796 1712 illis
821 1662 894 1713 nou
926 1660 1060 1714 tautum
1091 1638 1195 1716 liberi
1230 1656 1356 1728 erant,
1395 1660 1529 1732 verunt¹

305 1739 413 1809 etiam
435 1732 513 1830 post
538 1753 689 1806 mortem
715 1757 799 1809 mox
825 1735 909 1807 fidei
933 1735 1097 1808 mercede
1118 1734 1345 1810 fruebantur:
1372 1733 1424 1806 illi
1444 1730 1514 1808 diu·

204 1833 209 1844 '
306 1850 447 1904 turnum
469 1833 686 1926 poenitentiae
703 1831 860 1904 dolorem
878 1831 953 1927 pati
969 1832 1163 1920 debebant,
1188 1831 1247 1903 [εά
1262 1829 1296 1901 lu·
1315 1826 1393 1902 'sola
1407 1847 1515 1902 morte

306 1924 429 2003 omnia
446 1926 694 2022 expiaverant:
717 1928 820 2000 dolore
836 1929 1052 2001 cruciatuum
1066 1925 1269 2016 emundari,
1294 1943 1336 1998 et
1351 1928 1429 2019 igne
1444 1947 1521 2020 pur·

306 2023 402 2122 gari,
438 2024 480 2097 ad
506 2022 644 2095 dolores
667 2024 910 2116 poenitentiae
937 2021 1112 2118 spedtare,
1147 2020 1244 2096 redte
1266 2044 1287 2093 a
1310 2021 1459 2094 Dallaeo
1482 2037 1521 2095 et

235 2162 240 2168 ·
305 2119 382 2199 aliis
397 2120 582 2214 probatum
602 2114 664 2189 est.
706 2118 870 2214 Denique
893 2120 943 2190 illi
959 2120 1003 2192 de
1023 2116 1160 2214 judicio
1183 2115 1308 2190 divino
1328 2114 1452 2188 futuro
1468 2113 1519 2189 iu·

303 2212 395 2291 certi
410 2231 528 2301 emnt,
552 2212 591 2285 hi
614 2229 737 2285 contra
761 2236 844 2285 mox
861 2213 1032 2297 coronati.
1078 2211 1152 2286 Etsi
1168 2214 1266 2286 enim
1288 2209 1334 2283 ad
1343 2209 1521 2284 Ecclesiae

302 2308 592 2385 communionem
616 2301 726 2378 essem
749 2308 879 2382 admilli
902 2314 1120 2404 poenitentes,
1142 2308 1317 2404 judicium
1343 2304 1518 2379 Ecclefiae

302 2406 440 2502 semper
457 2426 530 2476 uon
555 2421 630 2475 erat
652 2420 764 2477 ratum
788 2405 878 2500 apud
905 2406 1120 2495 Dominum,
1145 2404 1202 2478 sed
1226 2401 1355 2476 ultimo
1379 2401 1444 2475 illo
1458 2399 1518 2474 die

301 2504 532 2582 emendabatur
549 2497 712 2587 subinde,
733 2516 777 2571 ,ut
796 2502 959 2597 Cypriam
984 2497 1090 2589 ibid,
1115 2498 1196 2595 qui,
1222 2499 1234 2571 i
1262 2497 1311 2570 sas
1326 2517 1522 2594 martynum

302 2596 580 2769 intelrpesgonpsa
590 2591 671 2782 ipsis
700 2594 825 2671 ultimo
855 2596 914 2670 die
941 2596 1015 2670 usui
1040 2594 1190 2687 suturas,
1230 2524 1365 2668 riiserte
1390 2589 1517 2683 tradit,

305 2717 344 2774 tn
384 2718 430 2766 1.
481 2714 501 2763 e
617 2713 657 2763 rs.

348 2788 382 2886 ᾗ.
408 2708 617 2860 XXXVllpl.
653 2784 810 2859 Gratiam
824 2785 1108 2885 santiificanttnt,
1133 2784 1178 2858 de
1194 2807 1261 2884 qua
1279 2782 1518 2861 differendum

304 2909 350 2960 ex
375 2898 497 2956 mente
515 2881 689 2952 Veterum
706 2881 827 2971 restat,
854 2886 966 2978 probe
983 2883 1122 2978 quidem
1139 2901 1383 2976 agnoverunt,
1410 2880 1444 2954 ei
1469 2901 1510 2952 ue

304 2985 398 3059 bona
427 2999 533 3074 opera
552 2975 825 3072 adscripserunt,
869 2997 1031 3074 tanquam
1054 2977 1173 3051 causae
1204 2974 1384 3070 supremae
1467 2972 1520 3047 ci·

306 3079 405 3167 enti,
431 3094 490 3163 ut,
521 3071 731 3146 testimoniis
754 3097 799 3148 err
827 3077 1003 3171 Cypriano
1029 3071 1188 3170 prolatis,
1213 3073 1352 3146 abunde
1376 3070 1524 3146 demon·

307 3174 429 3250 stravit
456 3171 596 3244 Voffius
620 3168 698 3242 hist.
727 3171 839 3266 Pelag.
864 3174 885 3246 l.
913 3173 977 3246 lll.
1002 3195 1035 3265 p.
1061 3171 1089 3244 1.
1122 3169 1287 3241 nonnulla
1311 3166 1422 3240 etiarn
1444 3189 1523 3241 mo·

307 3272 355 3345 do
381 3266 552 3364 produxi3
586 3266 709 3362 quibus
734 3265 823 3338 addo
851 3268 999 3363 Gregor.
1024 3261 1260 3339 Neo-Caesar.
1284 3262 1323 3336 in
1352 3266 1454 3337 Orat.
1478 3261 1526 3335 ad

308 3366 455 3455 Origen.
482 3386 516 3455 p.
543 3369 601 3438 68.
627 3360 685 3455 qui
712 3360 790 3452 ipsis
815 3362 931 3434 verbis
956 3363 1127 3448 declarat,
1151 3358 1258 3430 Deum
1280 3361 1399 3431 lumini
1420 3354 1526 3450 inspi-

305 3481 381 3531 rare
404 3460 580 3543 uirtutem,
621 3478 692 3524 cum
707 3454 756 3545 stt
779 3460 904 3547 ineptus
930 3475 961 3527 et
986 3459 1157 3549 indignus,
1198 3451 1261 3525 etli
1285 3476 1391 3528 amate
1409 3451 1519 3544 poffit

306 3552 488 3625 virtutem.
541 3547 710 3619 Admittit
735 3573 872 3644 quoque
889 3549 1060 3645 Origenes
1083 3549 1119 3621 in
1143 3548 1295 3623 hominia
1315 3542 1517 3620 couverfio·

307 3671 354 3723 ne
380 3642 523 3739 gratiam
547 3641 722 3715 internam
748 3645 965 3732 auxiliarem,
992 3646 1047 3718 sed
1073 3645 1168 3718 salva·
1184 3645 1358 3729 libertate,
1391 3658 1523 3716 contra

308 3742 395 3819 Cels.
423 3740 443 3813 l.
468 3740 535 3813 Vl.
561 3764 595 3835 p.
624 3745 704 3832 276.
730 3738 878 3840 requirit
916 3737 952 3811 in
979 3740 1143 3828 homine,
1186 3739 1210 3813 sr
1235 3737 1380 3814 suasoria
1408 3734 1528 3832 gratia

310 3838 442 3918 effetlu
465 3859 536 3910 non
563 3835 604 3910 srt
629 3857 782 3928 cartura,
817 3856 855 3910 ut
882 3834 916 3909 se
941 3834 1095 3910 suadenti
1119 3835 1333 3932 morigerum
1358 3836 1530 3931 praebeat

308 3937 395 4019 ibid.
420 3958 455 4029 p.
485 3957 566 4028 315.
600 3935 661 4007 Sic
685 3954 722 4007 et
740 3938 760 4008 l.
784 3936 871 4009 Vll.
898 3959 932 4029 p.
955 3956 1035 4028 355.
1061 3931 1210 4021 adserit,
1236 3929 1415 4005 Christum
1434 3930 1532 4004 iuter

308 4030 472 4113 homines
494 4031 690 4102 versantem
718 4029 902 4103 adtraxisse
927 4029 982 4103 sua
1008 4028 1045 4102 vi
1069 4027 1204 4117 divina,
1231 4045 1377 4123 quotquot
1401 4029 1531 4101 invene·

308 4138 356 4212 rit
371 4123 444 4239 sese
470 4128 514 4198 ud
537 4130 613 4197 bene
638 4127 804 4197 vivendum
827 4127 1032 4200 inclinantes.
1081 4127 1196 4219 Urget
1214 4148 1355 4222 quoque
1383 4123 1533 4199 liberum

309 4222 488 4305 arbitrium
520 4220 652 4290 causam
688 4219 770 4290 boni
808 4221 845 4293 in
882 4245 1010 4294 comm.
1043 4219 1084 4292 ad
1117 4221 1249 4294 Mattlr.
1285 4247 1321 4318 p.
1359 4243 1442 4312 214.
1474 4215 1535 4291 sed

304 4315 472 4436 ,opposite
490 4313 532 4391 ad
553 4317 600 4402 lm
622 4329 716 4429 puro
740 4332 921 4397 naturam.
957 4317 1039 4430 Quo
1064 4314 1163 4393 sensu
1187 4316 1294 4393 etiam
1318 4316 1540 4423 negando·

299 4442 311 4474 a
331 4470 341 4480 .
366 4432 384 4507 j
860 4486 870 4495 .
976 4476 984 4481 ··
1414 4430 1548 4489 mmem
