<?xml version="1.0" encoding="UTF-8"?>
<!DOCTYPE html PUBLIC "-//W3C//DTD XHTML 1.0 Transitional//EN"
    "http://www.w3.org/TR/xhtml1/DTD/xhtml1-transitional.dtd">
<html xmlns="http://www.w3.org/1999/xhtml" xml:lang="en" lang="en">
 <head>
  <title>
</title>
<meta http-equiv="Content-Type" content="text/html;charset=utf-8" />
  <meta name='ocr-system' content='tesseract 3.04.00' />
  <meta name='ocr-capabilities' content='ocr_page ocr_carea ocr_par ocr_line ocrx_word'/>
</head>
<body>
  <div class='ocr_page' id='page_1' title='image "./hermannivenemai05venegoog_0253.png"; bbox 0 0 3609 5500; ppageno 0'>
   <div class='ocr_carea' id='block_1_1' title="bbox 223 424 1642 1036">
    <p class='ocr_par' dir='ltr' id='par_1_1' title="bbox 223 424 1642 1036">
     <span class='ocr_line' id='line_1_1' title="bbox 223 424 1642 722; baseline -0.001 -4"><span class='ocrx_word' id='word_1_1' title='bbox 223 424 1642 722; x_wconf 80' lang='grc'>.-</span> 
     </span>
     <span class='ocr_line' id='line_1_2' title="bbox 1418 925 1508 1036; baseline -0.022 0"><span class='ocrx_word' id='word_1_2' title='bbox 1418 925 1508 1036; x_wconf 52' lang='lat'>5247</span> 
     </span>
    </p>
   </div>
   <div class='ocr_carea' id='block_1_2' title="bbox 283 1107 1532 4564">
    <p class='ocr_par' dir='ltr' id='par_1_2' title="bbox 283 1107 1532 2827">
     <span class='ocr_line' id='line_1_3' title="bbox 287 1107 1502 1208; baseline 0.003 -20"><span class='ocrx_word' id='word_1_3' title='bbox 287 1110 366 1201; x_wconf 74' lang='lat' dir='ltr'>dat,</span> <span class='ocrx_word' id='word_1_4' title='bbox 395 1107 448 1185; x_wconf 80' lang='lat' dir='ltr'>ri&#39;d</span> <span class='ocrx_word' id='word_1_5' title='bbox 467 1110 625 1190; x_wconf 79' lang='lat' dir='ltr'>animum</span> <span class='ocrx_word' id='word_1_6' title='bbox 654 1135 829 1188; x_wconf 82' lang='lat' dir='ltr'>revocans</span> <span class='ocrx_word' id='word_1_7' title='bbox 852 1112 1035 1202; x_wconf 86' lang='lat' dir='ltr'>miracula,</span> <span class='ocrx_word' id='word_1_8' title='bbox 1076 1130 1114 1184; x_wconf 87' lang='lat' dir='ltr'>et</span> <span class='ocrx_word' id='word_1_9' title='bbox 1135 1108 1307 1208; x_wconf 81' lang='lat' dir='ltr'>baptismo</span> <span class='ocrx_word' id='word_1_10' title='bbox 1343 1107 1452 1200; x_wconf 79' lang='lat' dir='ltr'>fuer-&#39;it</span> <span class='ocrx_word' id='word_1_11' title='bbox 1477 1142 1502 1193; x_wconf 85' lang='lat' dir='ltr'>a</span> 
     </span>
     <span class='ocr_line' id='line_1_4' title="bbox 288 1207 1514 1305; baseline 0.006 -24"><span class='ocrx_word' id='word_1_12' title='bbox 288 1207 447 1304; x_wconf 81' lang='lat' dir='ltr'>Philippo</span> <span class='ocrx_word' id='word_1_13' title='bbox 469 1211 645 1286; x_wconf 80' lang='lat' dir='ltr'>Ecclesiae</span> <span class='ocrx_word' id='word_1_14' title='bbox 677 1209 846 1299; x_wconf 82' lang='lat' dir='ltr'>insertus,</span> <span class='ocrx_word' id='word_1_15' title='bbox 887 1208 930 1281; x_wconf 92' lang='lat' dir='ltr'>ad</span> <span class='ocrx_word' id='word_1_16' title='bbox 955 1209 1080 1280; x_wconf 86' lang='lat' dir='ltr'>nudam</span> <span class='ocrx_word' id='word_1_17' title='bbox 1114 1208 1198 1282; x_wconf 87' lang='lat' dir='ltr'>fidei</span> <span class='ocrx_word' id='word_1_18' title='bbox 1225 1211 1514 1305; x_wconf 67' lang='lat' dir='ltr'>profusionem,¹</span> 
     </span>
     <span class='ocr_line' id='line_1_5' title="bbox 287 1301 1499 1398; baseline 0.005 -22"><span class='ocrx_word' id='word_1_19' title='bbox 287 1301 354 1376; x_wconf 85' lang='lat' dir='ltr'>sine</span> <span class='ocrx_word' id='word_1_20' title='bbox 374 1304 542 1380; x_wconf 78' lang='lat' dir='ltr'>uioenore</span> <span class='ocrx_word' id='word_1_21' title='bbox 567 1303 676 1381; x_wconf 90' lang='lat' dir='ltr'>animi</span> <span class='ocrx_word' id='word_1_22' title='bbox 699 1306 883 1393; x_wconf 84' lang='lat' dir='ltr'>examine,</span> <span class='ocrx_word' id='word_1_23' title='bbox 916 1305 1000 1376; x_wconf 89' lang='lat' dir='ltr'>licet</span> <span class='ocrx_word' id='word_1_24' title='bbox 1028 1327 1081 1376; x_wconf 81' lang='lat' dir='ltr'>cor</span> <span class='ocrx_word' id='word_1_25' title='bbox 1106 1304 1181 1398; x_wconf 85' lang='lat' dir='ltr'>ejus</span> <span class='ocrx_word' id='word_1_26' title='bbox 1212 1328 1282 1378; x_wconf 91' lang='lat' dir='ltr'>non</span> <span class='ocrx_word' id='word_1_27' title='bbox 1308 1306 1417 1380; x_wconf 86' lang='lat' dir='ltr'>fuerit</span> <span class='ocrx_word' id='word_1_28' title='bbox 1441 1311 1499 1382; x_wconf 49' lang='lat' dir='ltr'>mn</span> 
     </span>
     <span class='ocr_line' id='line_1_6' title="bbox 289 1398 1500 1497; baseline 0.006 -26"><span class='ocrx_word' id='word_1_29' title='bbox 289 1415 323 1471; x_wconf 89' lang='lat' dir='ltr'>te</span> <span class='ocrx_word' id='word_1_30' title='bbox 366 1419 448 1489; x_wconf 92' lang='lat' dir='ltr'>um,</span> <span class='ocrx_word' id='word_1_31' title='bbox 488 1401 544 1475; x_wconf 88' lang='lat' dir='ltr'>uti</span> <span class='ocrx_word' id='word_1_32' title='bbox 572 1403 698 1475; x_wconf 86' lang='lat' dir='ltr'>Petrus</span> <span class='ocrx_word' id='word_1_33' title='bbox 729 1399 816 1474; x_wconf 90' lang='lat' dir='ltr'><strong>ibid.</strong></span> <span class='ocrx_word' id='word_1_34' title='bbox 852 1421 916 1482; x_wconf 73' lang='lat'>21,¹</span> <span class='ocrx_word' id='word_1_35' title='bbox 951 1398 1151 1474; x_wconf 84' lang='lat' dir='ltr'>declaravit.</span> <span class='ocrx_word' id='word_1_36' title='bbox 1210 1401 1315 1495; x_wconf 84' lang='lat' dir='ltr'>Cujus</span> <span class='ocrx_word' id='word_1_37' title='bbox 1345 1404 1500 1497; x_wconf 75' lang='lat' dir='ltr'>pervers}</span> 
     </span>
     <span class='ocr_line' id='line_1_7' title="bbox 285 1493 1492 1596; baseline 0.005 -30"><span class='ocrx_word' id='word_1_38' title='bbox 285 1493 390 1566; x_wconf 86' lang='lat' dir='ltr'>animi</span> <span class='ocrx_word' id='word_1_39' title='bbox 414 1516 503 1571; x_wconf 81' lang='lat' dir='ltr'>mox</span> <span class='ocrx_word' id='word_1_40' title='bbox 524 1497 659 1596; x_wconf 81' lang='lat' dir='ltr'>fignum</span> <span class='ocrx_word' id='word_1_41' title='bbox 684 1496 804 1586; x_wconf 83' lang='lat' dir='ltr'>dedit,</span> <span class='ocrx_word' id='word_1_42' title='bbox 836 1518 942 1591; x_wconf 85' lang='lat' dir='ltr'>quum</span> <span class='ocrx_word' id='word_1_43' title='bbox 965 1518 985 1567; x_wconf 90' lang='lat' dir='ltr'>a</span> <span class='ocrx_word' id='word_1_44' title='bbox 1009 1496 1115 1567; x_wconf 89' lang='lat' dir='ltr'>Petro</span> <span class='ocrx_word' id='word_1_45' title='bbox 1142 1494 1351 1590; x_wconf 89' lang='lat' dir='ltr'>potestatem</span> <span class='ocrx_word' id='word_1_46' title='bbox 1378 1497 1492 1593; x_wconf 86' lang='lat' dir='ltr'>Spiri-</span> 
     </span>
     <span class='ocr_line' id='line_1_8' title="bbox 286 1590 1498 1689; baseline 0.004 -27"><span class='ocrx_word' id='word_1_47' title='bbox 286 1607 356 1662; x_wconf 89' lang='lat' dir='ltr'>tum</span> <span class='ocrx_word' id='word_1_48' title='bbox 388 1591 425 1665; x_wconf 86' lang='lat' dir='ltr'>S.</span> <span class='ocrx_word' id='word_1_49' title='bbox 466 1616 532 1689; x_wconf 90' lang='lat' dir='ltr'>per</span> <span class='ocrx_word' id='word_1_50' title='bbox 564 1590 817 1689; x_wconf 86' lang='lat' dir='ltr'>inpositionem</span> <span class='ocrx_word' id='word_1_51' title='bbox 849 1613 1012 1663; x_wconf 87' lang='lat' dir='ltr'>manuum</span> <span class='ocrx_word' id='word_1_52' title='bbox 1052 1590 1156 1663; x_wconf 86' lang='lat' dir='ltr'>dandi</span> <span class='ocrx_word' id='word_1_53' title='bbox 1190 1592 1342 1685; x_wconf 87' lang='lat' dir='ltr'>pecunia</span> <span class='ocrx_word' id='word_1_54' title='bbox 1382 1593 1498 1667; x_wconf 88' lang='lat' dir='ltr'>voluit</span> 
     </span>
     <span class='ocr_line' id='line_1_9' title="bbox 283 1684 1499 1786; baseline 0.005 -28"><span class='ocrx_word' id='word_1_55' title='bbox 283 1706 423 1774; x_wconf 80' lang='lat' dir='ltr'>emere3</span> <span class='ocrx_word' id='word_1_56' title='bbox 447 1687 541 1761; x_wconf 87' lang='lat' dir='ltr'>unde</span> <span class='ocrx_word' id='word_1_57' title='bbox 565 1685 706 1786; x_wconf 87' lang='lat' dir='ltr'>postea,</span> <span class='ocrx_word' id='word_1_58' title='bbox 733 1687 816 1761; x_wconf 87' lang='lat' dir='ltr'>licet</span> <span class='ocrx_word' id='word_1_59' title='bbox 842 1686 1026 1782; x_wconf 89' lang='lat' dir='ltr'>perverse,</span> <span class='ocrx_word' id='word_1_60' title='bbox 1050 1684 1109 1758; x_wconf 90' lang='lat' dir='ltr'>seu</span> <span class='ocrx_word' id='word_1_61' title='bbox 1132 1706 1179 1759; x_wconf 82' lang='lat' dir='ltr'>eit</span> <span class='ocrx_word' id='word_1_62' title='bbox 1203 1686 1283 1761; x_wconf 83' lang='lat' dir='ltr'>salsa</span> <span class='ocrx_word' id='word_1_63' title='bbox 1308 1688 1499 1785; x_wconf 87' lang='lat' dir='ltr'>hypothesi</span> 
     </span>
     <span class='ocr_line' id='line_1_10' title="bbox 284 1778 1497 1880; baseline 0.005 -26"><span class='ocrx_word' id='word_1_64' title='bbox 284 1778 325 1854; x_wconf 84' lang='lat' dir='ltr'>de</span> <span class='ocrx_word' id='word_1_65' title='bbox 347 1781 487 1880; x_wconf 83' lang='lat' dir='ltr'>Spiritu</span> <span class='ocrx_word' id='word_1_66' title='bbox 512 1805 594 1856; x_wconf 91' lang='lat' dir='ltr'>cum</span> <span class='ocrx_word' id='word_1_67' title='bbox 619 1805 763 1856; x_wconf 87' lang='lat' dir='ltr'>munere</span> <span class='ocrx_word' id='word_1_68' title='bbox 789 1780 1034 1855; x_wconf 71' lang='lat' dir='ltr'>Ecclefiastico</span> <span class='ocrx_word' id='word_1_69' title='bbox 1050 1804 1244 1871; x_wconf 81' lang='lat' dir='ltr'>connexe,</span> <span class='ocrx_word' id='word_1_70' title='bbox 1268 1782 1417 1858; x_wconf 86' lang='lat' dir='ltr'>haeresis</span> <span class='ocrx_word' id='word_1_71' title='bbox 1438 1786 1497 1861; x_wconf 88' lang='lat' dir='ltr'>ad·</span> 
     </span>
     <span class='ocr_line' id='line_1_11' title="bbox 284 1874 1498 1974; baseline 0.005 -24"><span class='ocrx_word' id='word_1_72' title='bbox 284 1877 408 1974; x_wconf 82' lang='lat' dir='ltr'>pellata</span> <span class='ocrx_word' id='word_1_73' title='bbox 430 1876 484 1950; x_wconf 89' lang='lat' dir='ltr'>est</span> <span class='ocrx_word' id='word_1_74' title='bbox 508 1880 717 1969; x_wconf 80' lang='lat' dir='ltr'>Siinom&#39;aca,</span> <span class='ocrx_word' id='word_1_75' title='bbox 741 1902 830 1973; x_wconf 87' lang='lat' dir='ltr'>quae</span> <span class='ocrx_word' id='word_1_76' title='bbox 854 1876 974 1950; x_wconf 88' lang='lat' dir='ltr'>munia</span> <span class='ocrx_word' id='word_1_77' title='bbox 990 1874 1230 1949; x_wconf 81' lang='lat' dir='ltr'>EcclesiastIca</span> <span class='ocrx_word' id='word_1_78' title='bbox 1255 1876 1374 1953; x_wconf 87' lang='lat' dir='ltr'>statuit</span> <span class='ocrx_word' id='word_1_79' title='bbox 1396 1903 1498 1958; x_wconf 91' lang='lat' dir='ltr'>num·</span> 
     </span>
     <span class='ocr_line' id='line_1_12' title="bbox 284 1970 1492 2075; baseline 0.007 -32"><span class='ocrx_word' id='word_1_80' title='bbox 284 1972 349 2045; x_wconf 81' lang='lat' dir='ltr'>inii</span> <span class='ocrx_word' id='word_1_81' title='bbox 371 1971 588 2069; x_wconf 84' lang='lat' dir='ltr'>acquirenda</span> <span class='ocrx_word' id='word_1_82' title='bbox 610 1974 692 2048; x_wconf 86' lang='lat' dir='ltr'>else.</span> <span class='ocrx_word' id='word_1_83' title='bbox 739 1974 796 2046; x_wconf 89' lang='lat' dir='ltr'>De</span> <span class='ocrx_word' id='word_1_84' title='bbox 825 1996 895 2070; x_wconf 88' lang='lat' dir='ltr'>quo</span> <span class='ocrx_word' id='word_1_85' title='bbox 918 1970 1036 2068; x_wconf 89' lang='lat' dir='ltr'>postea</span> <span class='ocrx_word' id='word_1_86' title='bbox 1061 1971 1122 2044; x_wconf 92' lang='lat' dir='ltr'>suo</span> <span class='ocrx_word' id='word_1_87' title='bbox 1145 1972 1239 2044; x_wconf 83' lang='lat' dir='ltr'>loco.</span> <span class='ocrx_word' id='word_1_88' title='bbox 1289 1974 1367 2075; x_wconf 76' lang='lat' dir='ltr'>Qua</span> <span class='ocrx_word' id='word_1_89' title='bbox 1392 1999 1492 2052; x_wconf 87' lang='lat' dir='ltr'>occa-</span> 
     </span>
     <span class='ocr_line' id='line_1_13' title="bbox 284 2065 1496 2168; baseline 0.006 -28"><span class='ocrx_word' id='word_1_90' title='bbox 284 2065 376 2142; x_wconf 86' lang='lat' dir='ltr'>sione</span> <span class='ocrx_word' id='word_1_91' title='bbox 391 2071 534 2159; x_wconf 75' lang='lat' dir='ltr'>Petrus,</span> <span class='ocrx_word' id='word_1_92' title='bbox 560 2070 694 2166; x_wconf 85' lang='lat' dir='ltr'>Spiritu</span> <span class='ocrx_word' id='word_1_93' title='bbox 717 2070 751 2144; x_wconf 87' lang='lat' dir='ltr'>S.</span> <span class='ocrx_word' id='word_1_94' title='bbox 776 2067 1005 2156; x_wconf 87' lang='lat' dir='ltr'>illuminatus,</span> <span class='ocrx_word' id='word_1_95' title='bbox 1029 2066 1094 2165; x_wconf 91' lang='lat' dir='ltr'>ipsi</span> <span class='ocrx_word' id='word_1_96' title='bbox 1111 2066 1306 2163; x_wconf 81' lang='lat' dir='ltr'>praedixit,</span> <span class='ocrx_word' id='word_1_97' title='bbox 1332 2072 1370 2143; x_wconf 92' lang='lat' dir='ltr'>in</span> <span class='ocrx_word' id='word_1_98' title='bbox 1389 2095 1496 2168; x_wconf 90' lang='lat' dir='ltr'>quan·</span> 
     </span>
     <span class='ocr_line' id='line_1_14' title="bbox 284 2162 1532 2262; baseline 0.001 -23"><span class='ocrx_word' id='word_1_99' title='bbox 284 2183 351 2239; x_wconf 85' lang='lat' dir='ltr'>tarn</span> <span class='ocrx_word' id='word_1_100' title='bbox 373 2163 551 2239; x_wconf 85' lang='lat' dir='ltr'>incideret</span> <span class='ocrx_word' id='word_1_101' title='bbox 574 2162 854 2261; x_wconf 77' lang='lat' dir='ltr'>inprobitatem,</span> <span class='ocrx_word' id='word_1_102' title='bbox 880 2182 919 2236; x_wconf 90' lang='lat' dir='ltr'>et</span> <span class='ocrx_word' id='word_1_103' title='bbox 935 2163 1128 2250; x_wconf 88' lang='lat' dir='ltr'>miseriam,</span> <span class='ocrx_word' id='word_1_104' title='bbox 1152 2162 1218 2236; x_wconf 88' lang='lat' dir='ltr'>nist</span> <span class='ocrx_word' id='word_1_105' title='bbox 1232 2164 1431 2262; x_wconf 82' lang='lat' dir='ltr'>resipiscat,</span> <span class='ocrx_word' id='word_1_106' title='bbox 1454 2192 1493 2244; x_wconf 82' lang='lat' dir='ltr'>v.-</span> <span class='ocrx_word' id='word_1_107' title='bbox 1526 2232 1532 2252; x_wconf 87' lang='grc'>,</span> 
     </span>
     <span class='ocr_line' id='line_1_15' title="bbox 290 2256 1502 2355; baseline 0.002 -19"><span class='ocrx_word' id='word_1_108' title='bbox 290 2281 345 2354; x_wconf 75' lang='lat'>23.</span> <span class='ocrx_word' id='word_1_109' title='bbox 365 2259 423 2334; x_wconf 80' lang='lat' dir='ltr'>liis</span> <span class='ocrx_word' id='word_1_110' title='bbox 445 2260 585 2336; x_wconf 80' lang='lat' dir='ltr'>verbis:</span> <span class='ocrx_word' id='word_1_111' title='bbox 628 2262 716 2335; x_wconf 78' lang='lat' dir='ltr'>video</span> <span class='ocrx_word' id='word_1_112' title='bbox 739 2263 822 2333; x_wconf 78' lang='lat' dir='ltr'>enim</span> <span class='ocrx_word' id='word_1_113' title='bbox 844 2275 877 2332; x_wconf 79' lang='lat' dir='ltr'>te</span> <span class='ocrx_word' id='word_1_114' title='bbox 900 2263 933 2331; x_wconf 81' lang='lat' dir='ltr'>iti</span> <span class='ocrx_word' id='word_1_115' title='bbox 953 2257 1015 2351; x_wconf 84' lang='lat' dir='ltr'>fel</span> <span class='ocrx_word' id='word_1_116' title='bbox 1036 2256 1289 2355; x_wconf 81' lang='lat' dir='ltr'>ainariffimum,</span> <span class='ocrx_word' id='word_1_117' title='bbox 1326 2278 1502 2339; x_wconf 72' lang='lat' dir='ltr'>ernanum</span> 
     </span>
     <span class='ocr_line' id='line_1_16' title="bbox 290 2349 1498 2453; baseline 0.005 -24"><span class='ocrx_word' id='word_1_118' title='bbox 290 2349 463 2450; x_wconf 60' lang='lat' dir='ltr'>inlustratae</span> <span class='ocrx_word' id='word_1_119' title='bbox 493 2373 609 2429; x_wconf 90' lang='lat' dir='ltr'>totuin</span> <span class='ocrx_word' id='word_1_120' title='bbox 643 2354 911 2452; x_wconf 85' lang='lat' dir='ltr'>inmergendum</span> <span class='ocrx_word' id='word_1_121' title='bbox 936 2354 1028 2427; x_wconf 88' lang='lat' dir='ltr'>elle:</span> <span class='ocrx_word' id='word_1_122' title='bbox 1068 2354 1121 2427; x_wconf 88' lang='lat' dir='ltr'>uti</span> <span class='ocrx_word' id='word_1_123' title='bbox 1154 2357 1382 2453; x_wconf 86' lang='lat' dir='ltr'>intelligenda</span> <span class='ocrx_word' id='word_1_124' title='bbox 1406 2358 1498 2435; x_wconf 58' lang='lat' dir='ltr'>sunt,</span> 
     </span>
     <span class='ocr_line' id='line_1_17' title="bbox 288 2446 1498 2549; baseline 0.002 -23"><span class='ocrx_word' id='word_1_125' title='bbox 288 2451 370 2526; x_wconf 87' lang='lat' dir='ltr'>Non</span> <span class='ocrx_word' id='word_1_126' title='bbox 403 2451 501 2526; x_wconf 86' lang='lat' dir='ltr'>enini</span> <span class='ocrx_word' id='word_1_127' title='bbox 528 2450 699 2549; x_wconf 83' lang='lat' dir='ltr'>exponit,</span> <span class='ocrx_word' id='word_1_128' title='bbox 740 2449 831 2545; x_wconf 64' lang='lat' dir='ltr'>quis,</span> <span class='ocrx_word' id='word_1_129' title='bbox 849 2446 1001 2546; x_wconf 87' lang='lat' dir='ltr'>qualisve</span> <span class='ocrx_word' id='word_1_130' title='bbox 1027 2446 1069 2521; x_wconf 90' lang='lat' dir='ltr'>sit</span> <span class='ocrx_word' id='word_1_131' title='bbox 1095 2447 1237 2539; x_wconf 88' lang='lat' dir='ltr'>Simon,</span> <span class='ocrx_word' id='word_1_132' title='bbox 1277 2452 1336 2524; x_wconf 88' lang='lat' dir='ltr'>sed</span> <span class='ocrx_word' id='word_1_133' title='bbox 1361 2454 1498 2548; x_wconf 84' lang='lat' dir='ltr'>qualem</span> 
     </span>
     <span class='ocr_line' id='line_1_18' title="bbox 285 2542 1499 2643; baseline 0.001 -23"><span class='ocrx_word' id='word_1_134' title='bbox 285 2546 438 2622; x_wconf 86' lang='lat' dir='ltr'>sutorum</span> <span class='ocrx_word' id='word_1_135' title='bbox 479 2545 550 2622; x_wconf 85' lang='lat' dir='ltr'>esse</span> <span class='ocrx_word' id='word_1_136' title='bbox 581 2544 760 2643; x_wconf 84' lang='lat' dir='ltr'>praevidit</span> <span class='ocrx_word' id='word_1_137' title='bbox 795 2547 949 2631; x_wconf 88' lang='lat' dir='ltr'>Petrus,</span> <span class='ocrx_word' id='word_1_138' title='bbox 984 2543 1046 2616; x_wconf 95' lang='lat' dir='ltr'>nisi</span> <span class='ocrx_word' id='word_1_139' title='bbox 1077 2542 1144 2617; x_wconf 88' lang='lat' dir='ltr'>resi</span> <span class='ocrx_word' id='word_1_140' title='bbox 1170 2544 1323 2635; x_wconf 89' lang='lat' dir='ltr'>isceret,</span> <span class='ocrx_word' id='word_1_141' title='bbox 1363 2547 1417 2621; x_wconf 91' lang='lat' dir='ltr'>uti</span> <span class='ocrx_word' id='word_1_142' title='bbox 1449 2571 1499 2628; x_wconf 74' lang='lat' dir='ltr'>ex</span> 
     </span>
     <span class='ocr_line' id='line_1_19' title="bbox 285 2637 1496 2740; baseline 0.002 -22"><span class='ocrx_word' id='word_1_143' title='bbox 285 2641 367 2720; x_wconf 77' lang='lat' dir='ltr'>vers.</span> <span class='ocrx_word' id='word_1_144' title='bbox 391 2643 561 2740; x_wconf 81' lang='lat' dir='ltr'>sequente</span> <span class='ocrx_word' id='word_1_145' title='bbox 587 2664 633 2733; x_wconf 78' lang='lat'>²4</span> <span class='ocrx_word' id='word_1_146' title='bbox 648 2638 870 2715; x_wconf 85' lang='lat' dir='ltr'>manifestum</span> <span class='ocrx_word' id='word_1_147' title='bbox 892 2637 958 2714; x_wconf 89' lang='lat' dir='ltr'>est.</span> <span class='ocrx_word' id='word_1_148' title='bbox 1001 2640 1101 2714; x_wconf 87' lang='lat' dir='ltr'>Plura</span> <span class='ocrx_word' id='word_1_149' title='bbox 1186 2640 1332 2717; x_wconf 83' lang='lat' dir='ltr'>Simone</span> <span class='ocrx_word' id='word_1_150' title='bbox 1349 2643 1496 2740; x_wconf 84' lang='lat' dir='ltr'>postea,</span> 
     </span>
     <span class='ocr_line' id='line_1_20' title="bbox 286 2733 824 2827; baseline -0.007 -12"><span class='ocrx_word' id='word_1_151' title='bbox 286 2737 338 2815; x_wconf 82' lang='lat' dir='ltr'>ibi</span> <span class='ocrx_word' id='word_1_152' title='bbox 363 2735 671 2827; x_wconf 86' lang='lat' dir='ltr'>de·Simonianis,</span> <span class='ocrx_word' id='word_1_153' title='bbox 699 2733 824 2811; x_wconf 88' lang='lat' dir='ltr'>dicam.</span> 
     </span>
    </p>

    <p class='ocr_par' dir='ltr' id='par_1_3' title="bbox 287 2829 1502 3600">
     <span class='ocr_line' id='line_1_21' title="bbox 327 2829 1496 2934; baseline 0.003 -23"><span class='ocrx_word' id='word_1_154' title='bbox 327 2834 359 2934; x_wconf 78' lang='lat'>§.</span> <span class='ocrx_word' id='word_1_155' title='bbox 386 2834 534 2910; x_wconf 80' lang='lat' dir='ltr'><strong>CCXV.</strong></span> <span class='ocrx_word' id='word_1_156' title='bbox 559 2834 738 2908; x_wconf 81' lang='lat' dir='ltr'>Secundum</span> <span class='ocrx_word' id='word_1_157' title='bbox 756 2832 793 2907; x_wconf 88' lang='lat' dir='ltr'>in</span> <span class='ocrx_word' id='word_1_158' title='bbox 807 2829 969 2906; x_wconf 82' lang='lat' dir='ltr'>Eunuchi</span> <span class='ocrx_word' id='word_1_159' title='bbox 986 2829 1210 2928; x_wconf 71' lang='lat' dir='ltr'>Asstniopis,</span> <span class='ocrx_word' id='word_1_160' title='bbox 1232 2831 1496 2931; x_wconf 77' lang='lat' dir='ltr'>dynastaeCan·</span> 
     </span>
     <span class='ocr_line' id='line_1_22' title="bbox 292 2924 1501 3029; baseline 0.002 -23"><span class='ocrx_word' id='word_1_161' title='bbox 292 2928 404 3021; x_wconf 78' lang='lat' dir='ltr'>duces,</span> <span class='ocrx_word' id='word_1_162' title='bbox 436 2928 581 3028; x_wconf 85' lang='lat' dir='ltr'>reginae</span> <span class='ocrx_word' id='word_1_163' title='bbox 608 2928 754 3003; x_wconf 85' lang='lat' dir='ltr'>AEthio</span> <span class='ocrx_word' id='word_1_164' title='bbox 781 2924 1137 3029; x_wconf 34' lang='lat' dir='ltr'>um,·instrudlione,</span> <span class='ocrx_word' id='word_1_165' title='bbox 1170 2930 1422 3021; x_wconf 86' lang='lat' dir='ltr'>conversione,</span> <span class='ocrx_word' id='word_1_166' title='bbox 1455 2955 1501 3008; x_wconf 82' lang='lat' dir='ltr'>ac</span> 
     </span>
     <span class='ocr_line' id='line_1_23' title="bbox 291 3021 1497 3125; baseline 0.002 -25"><span class='ocrx_word' id='word_1_167' title='bbox 291 3024 475 3125; x_wconf 84' lang='lat' dir='ltr'>baptismo,</span> <span class='ocrx_word' id='word_1_168' title='bbox 502 3048 567 3119; x_wconf 91' lang='lat' dir='ltr'>per</span> <span class='ocrx_word' id='word_1_169' title='bbox 590 3025 739 3099; x_wconf 82' lang='lat' dir='ltr'>eundem</span> <span class='ocrx_word' id='word_1_170' title='bbox 810 3025 957 3119; x_wconf 91' lang='lat' dir='ltr'>ilippum</span> <span class='ocrx_word' id='word_1_171' title='bbox 983 3023 1020 3096; x_wconf 91' lang='lat' dir='ltr'>iii</span> <span class='ocrx_word' id='word_1_172' title='bbox 1046 3021 1121 3112; x_wconf 88' lang='lat' dir='ltr'>via,</span> <span class='ocrx_word' id='word_1_173' title='bbox 1147 3048 1233 3119; x_wconf 84' lang='lat' dir='ltr'>quae</span> <span class='ocrx_word' id='word_1_174' title='bbox 1251 3023 1411 3099; x_wconf 91' lang='lat' dir='ltr'>Hierosol</span> <span class='ocrx_word' id='word_1_175' title='bbox 1439 3053 1497 3103; x_wconf 90' lang='lat' dir='ltr'>ma</span> 
     </span>
     <span class='ocr_line' id='line_1_24' title="bbox 290 3116 1502 3216; baseline 0.002 -20"><span class='ocrx_word' id='word_1_176' title='bbox 290 3120 636 3208; x_wconf 72' lang='lat' dir='ltr'>uescendituazam,</span> <span class='ocrx_word' id='word_1_177' title='bbox 678 3121 779 3194; x_wconf 76' lang='lat' dir='ltr'>ntum</span> <span class='ocrx_word' id='word_1_178' title='bbox 802 3118 854 3192; x_wconf 85' lang='lat' dir='ltr'>est</span> <span class='ocrx_word' id='word_1_179' title='bbox 878 3116 959 3189; x_wconf 76' lang='lat' dir='ltr'>An.</span> <span class='ocrx_word' id='word_1_180' title='bbox 984 3116 1090 3190; x_wconf 84' lang='lat' dir='ltr'>VIII:</span> <span class='ocrx_word' id='word_1_181' title='bbox 1116 3127 1175 3191; x_wconf 75' lang='lat'>26,</span> <span class='ocrx_word' id='word_1_182' title='bbox 1221 3118 1321 3216; x_wconf 77' lang='lat' dir='ltr'>Quae</span> <span class='ocrx_word' id='word_1_183' title='bbox 1352 3119 1388 3194; x_wconf 94' lang='lat' dir='ltr'>hi</span> <span class='ocrx_word' id='word_1_184' title='bbox 1423 3123 1502 3198; x_wconf 76' lang='lat' dir='ltr'>oriri</span> 
     </span>
     <span class='ocr_line' id='line_1_25' title="bbox 289 3209 1497 3304; baseline 0.002 -14"><span class='ocrx_word' id='word_1_185' title='bbox 289 3212 373 3290; x_wconf 87' lang='lat' dir='ltr'>lnud</span> <span class='ocrx_word' id='word_1_186' title='bbox 393 3226 468 3292; x_wconf 86' lang='lat' dir='ltr'>i&#39;ino</span> <span class='ocrx_word' id='word_1_187' title='bbox 493 3216 638 3304; x_wconf 86' lang='lat' dir='ltr'>nomine</span> <span class='ocrx_word' id='word_1_188' title='bbox 665 3210 900 3289; x_wconf 86' lang='lat' dir='ltr'>memorabilis</span> <span class='ocrx_word' id='word_1_189' title='bbox 925 3210 995 3300; x_wconf 90' lang='lat' dir='ltr'>est,</span> <span class='ocrx_word' id='word_1_190' title='bbox 1019 3209 1079 3283; x_wconf 90' lang='lat' dir='ltr'>sed</span> <span class='ocrx_word' id='word_1_191' title='bbox 1103 3210 1165 3282; x_wconf 89' lang='lat' dir='ltr'>hic</span> <span class='ocrx_word' id='word_1_192' title='bbox 1191 3233 1262 3284; x_wconf 93' lang='lat' dir='ltr'>non</span> <span class='ocrx_word' id='word_1_193' title='bbox 1286 3212 1497 3295; x_wconf 80' lang='lat' dir='ltr'>illustranda.</span> 
     </span>
     <span class='ocr_line' id='line_1_26' title="bbox 292 3304 1498 3408; baseline 0.003 -23"><span class='ocrx_word' id='word_1_194' title='bbox 292 3308 437 3405; x_wconf 78' lang='lat' dir='ltr'>santum</span> <span class='ocrx_word' id='word_1_195' title='bbox 460 3313 579 3393; x_wconf 77' lang='lat' dir='ltr'>obiter</span> <span class='ocrx_word' id='word_1_196' title='bbox 602 3310 777 3387; x_wconf 86' lang='lat' dir='ltr'>observari</span> <span class='ocrx_word' id='word_1_197' title='bbox 801 3309 908 3384; x_wconf 86' lang='lat' dir='ltr'>velim</span> <span class='ocrx_word' id='word_1_198' title='bbox 924 3304 1128 3404; x_wconf 79' lang='lat' dir='ltr'>singularem</span> <span class='ocrx_word' id='word_1_199' title='bbox 1147 3304 1217 3379; x_wconf 90' lang='lat' dir='ltr'>Dei</span> <span class='ocrx_word' id='word_1_200' title='bbox 1240 3305 1498 3408; x_wconf 61' lang='lat' dir='ltr'>directionem,</span> 
     </span>
     <span class='ocr_line' id='line_1_27' title="bbox 287 3400 1496 3509; baseline -0.002 -23"><span class='ocrx_word' id='word_1_201' title='bbox 287 3429 367 3505; x_wconf 84' lang='lat' dir='ltr'>quae</span> <span class='ocrx_word' id='word_1_202' title='bbox 389 3408 454 3483; x_wconf 86' lang='lat' dir='ltr'>liic</span> <span class='ocrx_word' id='word_1_203' title='bbox 477 3407 667 3497; x_wconf 88' lang='lat' dir='ltr'>elucescit,</span> <span class='ocrx_word' id='word_1_204' title='bbox 691 3408 832 3503; x_wconf 84' lang='lat' dir='ltr'>ejusque</span> <span class='ocrx_word' id='word_1_205' title='bbox 855 3405 1042 3478; x_wconf 88' lang='lat' dir='ltr'>rationem.</span> <span class='ocrx_word' id='word_1_206' title='bbox 1091 3400 1310 3476; x_wconf 76' lang='lat' dir='ltr'>Diredlionis</span> <span class='ocrx_word' id='word_1_207' title='bbox 1334 3407 1405 3481; x_wconf 91' lang='lat' dir='ltr'>Dei</span> <span class='ocrx_word' id='word_1_208' title='bbox 1426 3410 1496 3509; x_wconf 86' lang='lat' dir='ltr'>sig·</span> 
     </span>
     <span class='ocr_line' id='line_1_28' title="bbox 289 3497 1499 3600; baseline -0.003 -20"><span class='ocrx_word' id='word_1_209' title='bbox 289 3524 344 3597; x_wconf 85' lang='lat' dir='ltr'>ra,</span> <span class='ocrx_word' id='word_1_210' title='bbox 407 3529 475 3580; x_wconf 87' lang='lat' dir='ltr'>uae</span> <span class='ocrx_word' id='word_1_211' title='bbox 508 3502 611 3578; x_wconf 80' lang='lat' dir='ltr'>facile</span> <span class='ocrx_word' id='word_1_212' title='bbox 639 3502 675 3575; x_wconf 92' lang='lat' dir='ltr'>in</span> <span class='ocrx_word' id='word_1_213' title='bbox 702 3504 823 3576; x_wconf 83' lang='lat' dir='ltr'>oculos</span> <span class='ocrx_word' id='word_1_214' title='bbox 846 3500 1052 3588; x_wconf 79' lang='lat' dir='ltr'>incurrunt,</span> <span class='ocrx_word' id='word_1_215' title='bbox 1088 3497 1160 3570; x_wconf 86' lang='lat' dir='ltr'>sese</span> <span class='ocrx_word' id='word_1_216' title='bbox 1185 3498 1339 3573; x_wconf 87' lang='lat' dir='ltr'>offerunt</span> <span class='ocrx_word' id='word_1_217' title='bbox 1363 3502 1399 3576; x_wconf 87' lang='lat' dir='ltr'>ln</span> <span class='ocrx_word' id='word_1_218' title='bbox 1424 3531 1499 3600; x_wconf 85' lang='lat' dir='ltr'>eo,</span> 
     </span>
    </p>

    <p class='ocr_par' dir='ltr' id='par_1_4' title="bbox 289 3590 1499 4465">
     <span class='ocr_line' id='line_1_29' title="bbox 329 3590 1497 3698; baseline 0.003 -23"><span class='ocrx_word' id='word_1_219' title='bbox 329 3600 374 3675; x_wconf 93' lang='lat' dir='ltr'>od</span> <span class='ocrx_word' id='word_1_220' title='bbox 424 3599 586 3698; x_wconf 87' lang='lat' dir='ltr'>hilippns</span> <span class='ocrx_word' id='word_1_221' title='bbox 618 3597 728 3671; x_wconf 86' lang='lat' dir='ltr'>suerit</span> <span class='ocrx_word' id='word_1_222' title='bbox 758 3620 823 3695; x_wconf 91' lang='lat' dir='ltr'>per</span> <span class='ocrx_word' id='word_1_223' title='bbox 848 3594 1023 3692; x_wconf 84' lang='lat' dir='ltr'>Angelum</span> <span class='ocrx_word' id='word_1_224' title='bbox 1051 3590 1268 3684; x_wconf 85' lang='lat' dir='ltr'>admonitus,</span> <span class='ocrx_word' id='word_1_225' title='bbox 1312 3615 1352 3670; x_wconf 90' lang='lat' dir='ltr'>ut</span> <span class='ocrx_word' id='word_1_226' title='bbox 1376 3601 1497 3696; x_wconf 89' lang='lat' dir='ltr'>viam,</span> 
     </span>
     <span class='ocr_line' id='line_1_30' title="bbox 291 3622 1496 3794; baseline 0.002 -23"><span class='ocrx_word' id='word_1_227' title='bbox 291 3622 531 3794; x_wconf 46' lang='lat' dir='ltr'>{ierosolyma</span> <span class='ocrx_word' id='word_1_228' title='bbox 547 3695 677 3768; x_wconf 88' lang='lat' dir='ltr'>Gazam</span> <span class='ocrx_word' id='word_1_229' title='bbox 703 3694 928 3781; x_wconf 87' lang='lat' dir='ltr'>tendentem,</span> <span class='ocrx_word' id='word_1_230' title='bbox 954 3706 1112 3785; x_wconf 87' lang='lat' dir='ltr'>peteret,</span> <span class='ocrx_word' id='word_1_231' title='bbox 1138 3712 1201 3784; x_wconf 89' lang='lat' dir='ltr'>per</span> <span class='ocrx_word' id='word_1_232' title='bbox 1224 3687 1392 3785; x_wconf 87' lang='lat' dir='ltr'>Spiritum</span> <span class='ocrx_word' id='word_1_233' title='bbox 1410 3699 1496 3774; x_wconf 84' lang='lat' dir='ltr'>dein</span> 
     </span>
     <span class='ocr_line' id='line_1_31' title="bbox 290 3784 1495 3885; baseline -0.001 -17"><span class='ocrx_word' id='word_1_234' title='bbox 290 3791 477 3882; x_wconf 82' lang='lat' dir='ltr'>excitatus,</span> <span class='ocrx_word' id='word_1_235' title='bbox 500 3809 540 3867; x_wconf 88' lang='lat' dir='ltr'>ut</span> <span class='ocrx_word' id='word_1_236' title='bbox 564 3790 597 3862; x_wconf 91' lang='lat' dir='ltr'>se</span> <span class='ocrx_word' id='word_1_237' title='bbox 621 3787 707 3885; x_wconf 88' lang='lat' dir='ltr'>ipfi,</span> <span class='ocrx_word' id='word_1_238' title='bbox 739 3789 777 3862; x_wconf 91' lang='lat' dir='ltr'>in</span> <span class='ocrx_word' id='word_1_239' title='bbox 800 3810 903 3861; x_wconf 88' lang='lat' dir='ltr'>curru</span> <span class='ocrx_word' id='word_1_240' title='bbox 928 3784 1083 3872; x_wconf 87' lang='lat' dir='ltr'>sedenti,</span> <span class='ocrx_word' id='word_1_241' title='bbox 1116 3785 1342 3881; x_wconf 86' lang='lat' dir='ltr'>adjungeret,</span> <span class='ocrx_word' id='word_1_242' title='bbox 1374 3793 1407 3864; x_wconf 91' lang='lat' dir='ltr'>le</span> <span class='ocrx_word' id='word_1_243' title='bbox 1433 3818 1495 3867; x_wconf 88' lang='lat' dir='ltr'>en·</span> 
     </span>
     <span class='ocr_line' id='line_1_32' title="bbox 289 3880 1496 3986; baseline 0.002 -27"><span class='ocrx_word' id='word_1_244' title='bbox 289 3902 354 3977; x_wconf 84' lang='lat' dir='ltr'>tem</span> <span class='ocrx_word' id='word_1_245' title='bbox 377 3886 572 3961; x_wconf 86' lang='lat' dir='ltr'>offenderit</span> <span class='ocrx_word' id='word_1_246' title='bbox 596 3885 800 3977; x_wconf 78' lang='lat' dir='ltr'>singularem</span> <span class='ocrx_word' id='word_1_247' title='bbox 825 3882 893 3977; x_wconf 89' lang='lat' dir='ltr'>Jes.</span> <span class='ocrx_word' id='word_1_248' title='bbox 920 3880 1016 3952; x_wconf 90' lang='lat' dir='ltr'>LIII.</span> <span class='ocrx_word' id='word_1_249' title='bbox 1043 3881 1177 3972; x_wconf 91' lang='lat' dir='ltr'>locum,</span> <span class='ocrx_word' id='word_1_250' title='bbox 1203 3883 1248 3955; x_wconf 89' lang='lat' dir='ltr'>de</span> <span class='ocrx_word' id='word_1_251' title='bbox 1273 3882 1401 3960; x_wconf 87' lang='lat' dir='ltr'>Christi</span> <span class='ocrx_word' id='word_1_252' title='bbox 1417 3889 1496 3986; x_wconf 89' lang='lat' dir='ltr'>pas·</span> 
     </span>
     <span class='ocr_line' id='line_1_33' title="bbox 292 3975 1499 4081; baseline 0.004 -24"><span class='ocrx_word' id='word_1_253' title='bbox 292 3981 378 4058; x_wconf 79' lang='lat' dir='ltr'>Ione</span> <span class='ocrx_word' id='word_1_254' title='bbox 403 4001 593 4081; x_wconf 85' lang='lat' dir='ltr'>agentem,</span> <span class='ocrx_word' id='word_1_255' title='bbox 624 3978 765 4077; x_wconf 85' lang='lat' dir='ltr'>ejusque</span> <span class='ocrx_word' id='word_1_256' title='bbox 789 3975 970 4050; x_wconf 87' lang='lat' dir='ltr'>occasione</span> <span class='ocrx_word' id='word_1_257' title='bbox 995 3975 1032 4047; x_wconf 94' lang='lat' dir='ltr'>in</span> <span class='ocrx_word' id='word_1_258' title='bbox 1048 3976 1299 4052; x_wconf 85' lang='lat' dir='ltr'>commercium</span> <span class='ocrx_word' id='word_1_259' title='bbox 1325 3980 1499 4061; x_wconf 70' lang='lat' dir='ltr'>sermoni&#39;r</span> 
     </span>
     <span class='ocr_line' id='line_1_34' title="bbox 291 4070 1499 4177; baseline 0.002 -26"><span class='ocrx_word' id='word_1_260' title='bbox 291 4072 327 4152; x_wconf 79' lang='lat' dir='ltr'>Ie</span> <span class='ocrx_word' id='word_1_261' title='bbox 350 4079 425 4177; x_wconf 79' lang='lat' dir='ltr'>ejus</span> <span class='ocrx_word' id='word_1_262' title='bbox 449 4078 547 4152; x_wconf 86' lang='lat' dir='ltr'>sensu</span> <span class='ocrx_word' id='word_1_263' title='bbox 570 4076 731 4168; x_wconf 85' lang='lat' dir='ltr'>venerit,</span> <span class='ocrx_word' id='word_1_264' title='bbox 774 4095 812 4148; x_wconf 89' lang='lat' dir='ltr'>et</span> <span class='ocrx_word' id='word_1_265' title='bbox 837 4070 1015 4145; x_wconf 90' lang='lat' dir='ltr'>Christum·</span> <span class='ocrx_word' id='word_1_266' title='bbox 1037 4070 1100 4167; x_wconf 90' lang='lat' dir='ltr'>ipsi</span> <span class='ocrx_word' id='word_1_267' title='bbox 1125 4073 1414 4168; x_wconf 88' lang='lat' dir='ltr'>adnunciaverit,</span> <span class='ocrx_word' id='word_1_268' title='bbox 1449 4106 1499 4154; x_wconf 90' lang='lat' dir='ltr'>eo</span> 
     </span>
     <span class='ocr_line' id='line_1_35' title="bbox 290 4168 1498 4263; baseline -0.002 -15"><span class='ocrx_word' id='word_1_269' title='bbox 290 4172 360 4248; x_wconf 87' lang='lat' dir='ltr'>tnm</span> <span class='ocrx_word' id='word_1_270' title='bbox 384 4172 559 4261; x_wconf 80' lang='lat' dir='ltr'>successu,</span> <span class='ocrx_word' id='word_1_271' title='bbox 585 4191 625 4244; x_wconf 90' lang='lat' dir='ltr'>ut</span> <span class='ocrx_word' id='word_1_272' title='bbox 649 4172 752 4245; x_wconf 84' lang='lat' dir='ltr'>fidem</span> <span class='ocrx_word' id='word_1_273' title='bbox 802 4168 968 4253; x_wconf 81' lang='lat' dir='ltr'>rosellus,</span> <span class='ocrx_word' id='word_1_274' title='bbox 994 4186 1032 4240; x_wconf 91' lang='lat' dir='ltr'>et</span> <span class='ocrx_word' id='word_1_275' title='bbox 1056 4169 1250 4263; x_wconf 86' lang='lat' dir='ltr'>baptizatus</span> <span class='ocrx_word' id='word_1_276' title='bbox 1274 4170 1399 4256; x_wconf 78' lang='lat' dir='ltr'>suerit,</span> <span class='ocrx_word' id='word_1_277' title='bbox 1425 4176 1498 4246; x_wconf 87' lang='lat' dir='ltr'>lae·</span> 
     </span>
     <span class='ocr_line' id='line_1_36' title="bbox 292 4196 1496 4367; baseline 0 -27"><span class='ocrx_word' id='word_1_278' title='bbox 292 4270 465 4367; x_wconf 80' lang='lat' dir='ltr'>usquein</span> <span class='ocrx_word' id='word_1_279' title='bbox 490 4267 637 4366; x_wconf 89' lang='lat' dir='ltr'>patriam</span> <span class='ocrx_word' id='word_1_280' title='bbox 664 4196 863 4362; x_wconf 51' lang='lat' dir='ltr'>prosedas,</span> <span class='ocrx_word' id='word_1_281' title='bbox 896 4264 1061 4361; x_wconf 91' lang='lat' dir='ltr'>Philippo</span> <span class='ocrx_word' id='word_1_282' title='bbox 1086 4267 1197 4339; x_wconf 86' lang='lat' dir='ltr'>oculis</span> <span class='ocrx_word' id='word_1_283' title='bbox 1220 4265 1334 4339; x_wconf 89' lang='lat' dir='ltr'>subito</span> <span class='ocrx_word' id='word_1_284' title='bbox 1358 4289 1496 4363; x_wconf 84' lang='lat' dir='ltr'>erepto.</span> 
     </span>
     <span class='ocr_line' id='line_1_37' title="bbox 291 4360 1494 4465; baseline 0.001 -30"><span class='ocrx_word' id='word_1_285' title='bbox 291 4363 500 4465; x_wconf 66' lang='lat' dir='ltr'>singularem</span> <span class='ocrx_word' id='word_1_286' title='bbox 524 4365 620 4450; x_wconf 80' lang='lat' dir='ltr'>hanc</span> <span class='ocrx_word' id='word_1_287' title='bbox 644 4365 795 4446; x_wconf 79' lang='lat' dir='ltr'>eunuchi</span> <span class='ocrx_word' id='word_1_288' title='bbox 818 4360 1086 4438; x_wconf 85' lang='lat' dir='ltr'>conversionem</span> <span class='ocrx_word' id='word_1_289' title='bbox 1111 4365 1171 4463; x_wconf 81' lang='lat' dir='ltr'>qui</span> <span class='ocrx_word' id='word_1_290' title='bbox 1195 4362 1237 4437; x_wconf 89' lang='lat' dir='ltr'>ad</span> <span class='ocrx_word' id='word_1_291' title='bbox 1261 4362 1413 4435; x_wconf 86' lang='lat' dir='ltr'>animum</span> <span class='ocrx_word' id='word_1_292' title='bbox 1438 4388 1494 4436; x_wconf 88' lang='lat' dir='ltr'>re·</span> 
     </span>
    </p>

    <p class='ocr_par' dir='ltr' id='par_1_5' title="bbox 589 4455 1497 4564">
     <span class='ocr_line' id='line_1_38' title="bbox 589 4455 1497 4564; baseline -0.007 -24"><span class='ocrx_word' id='word_1_293' title='bbox 589 4456 595 4466; x_wconf 78' lang='grc'>’</span> <span class='ocrx_word' id='word_1_294' title='bbox 831 4455 950 4550; x_wconf 69' lang='lat' dir='ltr'>Hlu4</span> <span class='ocrx_word' id='word_1_295' title='bbox 1292 4458 1497 4564; x_wconf 73' lang='lat' dir='ltr'>vocaverit,</span> 
     </span>
    </p>
   </div>
   <div class='ocr_carea' id='block_1_3' title="bbox 0 0 1810 5500">
    <p class='ocr_par' dir='ltr' id='par_1_6' title="bbox 0 0 1810 5500">
     <span class='ocr_line' id='line_1_39' title="bbox 0 0 1810 5500; baseline 0 2"><span class='ocrx_word' id='word_1_296' title='bbox 0 0 1810 5500; x_wconf 95' lang='lat' dir='ltr'> </span> 
     </span>
    </p>
   </div>
  </div>
 </body>
</html>
