3609 5500
809 923 912 1000 secar.
937 924 1014 1000 ut·
1439 929 1513 1023 767

284 1105 427 1185 causam
452 1101 703 1201 persecutionis
726 1101 955 1200 inpellentem
980 1106 1072 1180 hanc
1094 1104 1207 1179 refert
1232 1101 1379 1206 Dionys.
1403 1106 1508 1184 Alex.

288 1230 347 1301 ep.
377 1202 418 1277 ad
450 1203 740 1276 Hermannonern
772 1202 864 1297 apud
897 1201 975 1277 Eus.
1010 1204 1061 1277 H.
1097 1203 1186 1277 Vll:
1216 1224 1273 1276 10.
1321 1206 1508 1301 lnperatot

291 1318 397 1376 antea
422 1299 645 1394 summopere
668 1297 785 1386 mitis,
814 1318 850 1370 et
867 1298 1041 1395 benignus
1056 1321 1139 1395 erga
1156 1296 1389 1392 Christianos,
1420 1301 1513 1374 adeo

293 1415 334 1469 ut
360 1418 419 1467 eos
442 1395 646 1487 complexus
678 1393 806 1481 fuerit,
841 1414 879 1467 et
911 1394 1034 1467 domus
1060 1393 1134 1489 ejus
1167 1392 1367 1467 Christianis
1396 1398 1509 1492 reple·

277 1510 349 1579 ta,
376 1488 488 1561 subito
513 1508 685 1579 mutatus,
710 1508 747 1562 et
772 1490 810 1561 in
834 1512 896 1562 eos
920 1489 1115 1563 concitatus
1138 1488 1207 1579 est,
1231 1512 1297 1583 per
1319 1491 1511 1585 Magorum

289 1586 461 1662 summum
480 1583 653 1658 fautorem
677 1602 713 1657 et
733 1603 939 1679 patronum,
965 1587 1186 1659 Macrianum
1204 1584 1370 1673 nurnine,
1396 1582 1511 1684 (illurn

294 1679 392 1755 enim
418 1679 488 1753 elle
509 1681 798 1777 intelligendum,
825 1704 871 1753 ex
895 1680 992 1776 epist.
1019 1680 1178 1778 Dionysii
1200 1678 1421 1754 manifestum
1439 1681 1514 1774 est,

294 1795 335 1851 ut
366 1777 437 1873 jam
480 1778 630 1850 aduertit
668 1772 803 1872 Valcl.)
836 1774 893 1872 qui
934 1775 1055 1873 postea
1089 1776 1280 1869 occupavit
1316 1776 1515 1873 inperium,

297 1871 595 1968 Arcisisynagagum
619 1895 739 1945 eorum
773 1871 970 1962 l'arcastice,
1012 1892 1050 1946 ut
1076 1873 1237 1962 videtur,
1276 1892 1467 1969 propterea
1493 1899 1516 1949 a

300 1967 480 2065 Dionysio
503 1969 732 2066 adpellatum:
759 1969 873 2041 virum
898 1968 1050 2041 summae
1073 1964 1272 2041 autoritatis
1295 1968 1386 2065 apud
1406 1970 1514 2044 Vale·

296 2064 452 2152 rituum,
477 2064 527 2139 ita
552 2064 681 2153 etiarn,
708 2083 764 2153 ut,
791 2065 906 2138 bellurn
922 2062 1086 2156 Perstcum
1107 2087 1244 2160 gerens,
1268 2064 1449 2139 Macriano
1466 2081 1515 2139 ta·

296 2178 365 2235 tarn
390 2179 489 2328 rerrlp.
514 2162 704 2250 tradiderit,
739 2159 917 2233 referente
936 2160 1104 2235 Pollione.
1132 2158 1217 2258 lpse
1244 2176 1405 2234 autema
1431 2162 1515 2235 Ma·

299 2257 356 2353 gis
378 2253 415 2327 in
454 2279 536 2351 pem
561 2254 690 2353 inperii
724 2255 889 2346 ereans,
916 2254 1009 2330 hanc
1043 2254 1088 2330 iis
1120 2252 1240 2329 retulit
1263 2256 1434 2353 gratiam,
1475 2277 1523 2332 ut·

299 2357 538 2447 hrperatotem
562 2354 596 2423 in
614 2350 856 2444 Christianos,
897 2351 1019 2449 Magis
1052 2369 1090 2424 et
1123 2374 1246 2425 eorum
1278 2350 1518 2449 superstitioni

303 2447 491 2536 inimicos,
519 2465 556 2520 et
582 2445 663 2543 ipsis
684 2448 839 2530 maxime
864 2446 1026 2536 odiosos,
1051 2446 1266 2522 accenderit.

351 2542 382 2640 s.
408 2544 556 2619 CLVII.
590 2543 692 2635 Fuit,
718 2563 758 2619 nt
785 2546 909 2617 turdum
932 2543 1006 2641 ejus
1032 2540 1219 2633 illustrem,
1250 2542 1453 2639 persecutio
1478 2564 1518 2621 et

298 2643 452 2738 publica,
484 2658 520 2728 et
540 2637 744 2736 grarifflma.
793 2637 956 2732 Duplicis
979 2637 1107 2728 edicti,
1144 2639 1200 2711 vel
1223 2638 1385 2736 rescripti
1412 2642 1453 2714 ln
1482 2664 1519 2715 e·

299 2736 448 2825 tatoris,
473 2733 585 2808 exstat
610 2736 766 2820 mentio,
788 2737 909 2830 prioris
938 2733 976 2808 in
1002 2732 1089 2808 attis
1112 2733 1422 2812 Proconsularibus
1446 2665 1518 2836 gy·

299 2833 435 2931 priani,
476 2852 564 2925 quae
595 2831 762 2924 operibus
794 2830 870 2928 ejus
900 2831 938 2903 in
963 2829 1050 2906 edit.
1077 2830 1196 2905 Oxon.
1230 2849 1268 2906 et
1290 2833 1392 2907 Paris.
1416 2856 1520 2930 prae·

300 2926 398 3005 rnilla
421 2924 516 3015 sunt,
557 2949 577 3000 a
604 2927 767 3002 Ruinart.
794 2947 934 3024 quoque
957 2925 1054 3000 edita
1084 2925 1121 2998 in
1147 2927 1220 2999 Au.
1240 2925 1359 3019 fincer.
1385 2929 1519 3013 Mart..
1605 2942 1607 2945 ’

298 3024 359 3101 sed
373 3020 557 3119 posterioris
584 3021 621 3095 in
647 3023 715 3119 Ep.
742 3031 799 3103 80.
826 3018 991 3120 Cypriani
1022 3023 1064 3097 ad
1086 3018 1279 3118 Succeffirm.
1325 3023 1425 3099 Prius
1447 3025 1523 3100 fuit'

299 3145 331 3196 a.
362 3141 443 3212 257.
470 3118 671 3213 vulgatum,
696 3137 733 3191 et
757 3117 991 3208 moderatius,
1016 3117 1160 3193 exilium
1187 3136 1321 3192 tantum
1342 3117 1523 3198 intentans

297 3217 362 3304 iis,
398 3213 457 3311 qui
482 3213 650 3287 Romanas
675 3217 868 3287 ceremonias
892 3212 1115 3309 reiagncscere
1138 3210 1325 3304 noluerunt,
1357 3234 1396 3290 et
1418 3217 1518 3314 Epis·

300 3332 411 3404 copos
433 3331 474 3382 ac
500 3311 726 3407 Presbyteros
750 3307 940 3408 praecipue
970 3309 1142 3401 feriebat,
1175 3310 1235 3385 sed
1259 3309 1376 3401 addit,
1411 3316 1528 3407 capite.

302 3405 373 3480 esse
392 3407 592 3501 pellendas,
626 3410 680 3500 pai
700 3407 916 3482 conciliabula
930 3402 1090 3500 saciant,
1115 3423 1174 3480 aut
1196 3412 1386 3482 caemeteria
1409 3411 1519 3506 ingre·

299 3505 444 3577 riantur.
492 3499 567 3574 Sed·
586 3499 760 3597 posterius
781 3503 887 3598 longe
921 3500 990 3576 suit
1012 3500 1189 3578 severius:
1229 3525 1346 3579 narrat
1370 3506 1518 3604 Cypria·

300 3624 365 3675 nus
389 3598 410 3671 l.
436 3621 468 3672 c.
493 3595 720 3685 Valerianum
745 3595 955 3696 rescripfille⁴
976 3598 1020 3672 ad
1045 3601 1232 3690 Senatum,
1257 3616 1295 3676 ut
1312 3601 1470 3697 Episcopi
1483 3618 1528 3676 et·

300 3695 488 3789 P'r'esd'yteri
506 3701 550 3765 'ae
575 3693 740 3771 Diaconos
769 3698 1006 3770 incontinenti
1027 3697 1349 3769 anirnadrcrtantur:
1384 3696 1522 3770 Senato-

301 3813 355 3864 m
381 3811 477 3874 tera,
503 3805 533 3859 et
547 3790 613 3861 riri
634 3795 782 3882 egregii,
810 3807 842 3861 et
864 3793 985 3883 equites
1001 3788 1167 3874 Rotnani,
1202 3790 1366 3884 dignitate
1381 3790 1519 3888 aruffa,

297 3887 397 3959 etiam
414 3883 505 3955 bonit
513 3878 717 3978 spolientur,
743 3899 776 3957 et
783 3879 837 3974 st,
862 3885 999 3957 ademtis
1004 3881 1235 3975 facultatibus
1248 3883 1441 3981 ,Christiani
1455 3887 1520 3985 gffe

294 3977 590 4080 perseuerauerint,
614 3983 847 4074 capitequaque
863 3979 1073 4052 inridentur:
1097 3982 1277 4057 Matronae
1303 3984 1442 4058 ademtis
1461 3990 1517 4059 ba·

297 4082 350 4153 nit
391 4078 425 4148 in
451 4071 598 4167 enfilium
630 4076 832 4172 relegentur:
875 4071 1086 4172 Caesariani,
1134 4080 1307 4177 quicunque
1347 4082 1401 4155 rel
1425 4084 1524 4174 print

299 4169 601 4270 cirrsefflsuerant,
626 4173 679 4246 rel
694 4169 1085 4272 nunccarsrfflfuerr'nt,
1109 4174 1342 4272 confiscentur,
1373 4193 1407 4249 et
1422 4181 1525 4252 uirili
1531 4236 1533 4242 .

269 4271 273 4278 ’
298 4274 335 4347 ir'r
347 4266 562 4368 Caesarianas
578 4265 780 4366 poseffianer
793 4268 953 4385 descripti
963 4267 1111 4371 (reilius
1128 4269 1302 4370 adscripti,
1320 4270 1537 4371 nelinserip·¹

295 4369 332 4472 tl
351 4361 516 4467 frontes)-
530 4369 716 4447 mittuntur
765 4369 890 4548 Cujlggi
897 4367 1047 4543 ¹(gndasjoris
1062 4366 1263 4451 severitatis
1284 4367 1377 4467 ratio
1392 4387 1526 4560 pmii}
1536 4419 1553 4472 .·
