3609 5500
296 970 368 1060 318
676 964 823 1062 lastaria
850 963 974 1064 Eccles.
1002 962 1115 1063 christ

465 1140 656 1235 PARTES
679 1145 941 1220 ECCLESIAE
963 1139 1348 1221 ACCIDENTALES

345 1336 377 1436 h.
403 1337 593 1411 CCLXXI.
621 1339 707 1410 Cum
734 1332 929 1426 Ecclesrae,
956 1336 998 1409 ad
1018 1338 1052 1410 se
1070 1337 1217 1427 relatae,
1240 1337 1372 1412 florens
1386 1337 1510 1428 condi·

295 1431 348 1505 tio
375 1432 411 1506 in
431 1434 644 1507 Ductoribus
669 1430 939 1505 echonomum
957 1431 1219 1522 illustrioribus,
1244 1431 1416 1530 donisque
1432 1435 1506 1509 Dei

294 1529 596 1617 extraordinariis,
622 1528 774 1625 denique
798 1528 835 1599 in
859 1544 947 1622 pace
970 1528 1229 1616 Ecclesmstica,
1262 1542 1327 1624 p‘er
1349 1530 1510 1604 haereses

295 1647 332 1698 et
360 1626 537 1699 schismata
571 1647 643 1697 non
672 1629 827 1711 turbata,
871 1624 1053 1712 consistat,
1095 1624 1223 1697 faciem
1237 1625 1415 1700 Ecclesiae
1440 1627 1508 1699 hac

292 1746 434 1822 qnoque
467 1739 566 1816 parte
596 1719 710 1792 minus
735 1718 883 1793 lucidam
916 1719 1018 1806 soille
1048 1738 1085 1793 et
1117 1720 1341 1816 prosperam,
1384 1719 1507 1817 negari

293 1823 434 1912 nequit,
462 1817 542 1913 quia
567 1816 723 1888 virorum
749 1816 878 1887 talium¹
893 1835 931 1885 et
956 1819 1129 1889 donorum
1144 1815 1317 1889 laboravit
1333 1821 1505 1913 penuria,

294 1932 331 1985 et
356 1937 419 2009 per
435 1910 593 1986 haereses
617 1934 658 1984 ac
681 1909 863 1985 schismata
888 1908 956 1983 fuit
986 1910 1159 1984 conculsa.
1211 1911 1317 2011 Quod
1345 1912 1389 1985 ad
1410 1919 1511 2007 prins·¹

292 2009 449 2098 adtinet3
488 2026 729 2104 praeterquam
756 2006 848 2104 quod
874 2003 1034 2102 Apostoli
1069 2025 1106 2078 et
1138 2005 1242 2103 primi
1267 2008 1503 2104 euangelistae

271 2103 425 2186 luerint
449 2128 469 2176 e
494 2103 587 2176 vivis
612 2102 752 2189 sublati,
795 2103 851 2175 vel
875 2104 977 2197 paulo
1004 2121 1126 2191 antea,
1169 2104 1225 2176 vel
1247 2104 1284 2183 in
1315 2105 1503 2201 principio

290 2198 449 2300 periodi,
482 2200 658 2294 Johannes
679 2197 828 2294 primum
856 2200 892 2269 in
917 2197 1044 2286 exilio,
1078 2198 1180 2288 dein,
1216 2221 1298 2296 prae
1317 2198 1430 2273 nimia
1455 2199 1506 2275 se·

293 2298 456 2384 nestore,
484 2295 659 2370 infirmior
675 2317 745 2365 non
764 2292 891 2380 solum,
926 2291 984 2365 sed
1007 2313 1045 2367 et
1070 2294 1185 2367 minus
1206 2291 1297 2391 apud
1315 2299 1506 2371 nonnullos

290 2393 482 2468 honoratus
504 2412 565 2469 aut
598 2388 827 2475 reverendus,
876 2388 926 2461 ita
959 2406 995 2461 ut
1021 2388 1240 2486 Diotrephes
1265 2390 1339 2485 ejus
1365 2396 1506 2471 monita

290 2486 483 2585 spreverit,
512 2513 531 2582 3
549 2485 629 2583 Joh.
656 2508 715 2575 9.,
741 2485 898 2556 virorum
916 2485 1265 2560 excellentiumnon
1279 2484 1422 2581 quidem
1442 2489 1505 2563 de·

289 2585 442 2670 fedlurn,
467 2601 618 2654 attamen
635 2579 815 2676 penuriam
838 2578 940 2654 sensit
957 2578 1129 2669 Ecclesia,
1153 2580 1240 2654 adeo
1258 2599 1296 2654 ut
1312 2582 1512 2665 multorum·

287 2678 457 2755 memoria
484 2700 556 2752 non
580 2675 686 2750 fuerit
710 2676 932 2750 conservata:
974 2674 1025 2748 uti
1054 2674 1356 2773 exsuperioribus
1388 2697 1503 2779 patet,

286 2779 392 2852 Dona
419 2772 565 2868 Spiritus
590 2774 624 2844 S.
651 2771 925 2845 extraordinaria
959 2794 1030 2844 non
1055 2772 1196 2868 quidem
1230 2771 1372 2870 penitus
1387 2774 1500 2851 eell'a·

286 2890 388 2958 runt,
412 2889 567 2944 attamen
587 2865 700 2940 minus
726 2867 866 2940 fuerunt
890 2866 1110 2964 frequentia,
1142 2888 1221 2939 cum
1246 2890 1366 2965 parurn
1392 2870 1439 2946 de
1455 2869 1500 2947 iis

286 2966 434 3047 constet.
483 2964 584 3040 Novi
613 2963 794 3058 equidem,
820 2961 1079 3054 Midletonem,
1099 2982 1137 3036 et
1154 2964 1257 3054 alios,
1283 2984 1428 3040 conatos
1445 2969 1504 3044 fu·

285 3066 349 3140 ille
373 3060 630 3147 demonstrare,
656 3061 747 3135 dona
774 3058 829 3132 illa
851 3057 932 3154 post
956 3059 1139 3154 periodum
1164 3059 1404 3157 apostolicam
1421 3067 1504 3140 nul·

285 3165 319 3239 la
345 3162 490 3256 amplius
524 3155 624 3230 fuisse
651 3155 829 3242 concella,
870 3155 928 3228 sed
954 3155 996 3229 iis
1023 3157 1198 3230 adsensum
1231 3159 1400 3254 praebere
1425 3182 1501 3238 non

192 3286 222 3307 ··
284 3258 413 3342 ausim,
439 3275 562 3328 contra
585 3254 759 3325 Veterum
783 3251 908 3324 diserta
930 3251 1137 3328 testimonia.
1246 3275 1344 3326 orum
1363 3278 1502 3350 unum,

284 3353 328 3428 ad
354 3350 507 3425 nostrum
535 3346 716 3442 pertinens
748 3347 987 3436 intervallum,
1018 3348 1079 3420 hic
1105 3366 1208 3442 proto
1221 3349 1283 3422 isse
1316 3349 1502 3428 suffecerit

283 3471 329 3522 ex
359 3447 540 3518 Clemente
556 3444 718 3514 Romano
741 3440 783 3513 ad
809 3443 888 3513 Cor.
913 3441 945 3539 q.
972 3449 1031 3526 48.
1055 3463 1160 3539 quern
1178 3444 1295 3517 locum
1318 3445 1426 3520 etiam
1443 3445 1500 3523 ei·

281 3544 373 3616 tavit
397 3543 556 3613 Clemens
581 3535 749 3611 Alexand.
775 3535 903 3608 Strom.
929 3537 951 3626 l.
977 3539 1005 3611 1.
1032 3560 1063 3612 c.
1091 3560 1125 3632 7.
1149 3561 1196 3611 ex
1220 3540 1423 3636 quoleslio
1439 3542 1498 3631 vi.-

169 3710 175 3717 ,
281 3638 369 3711 tiata
391 3631 605 3708 emendanda
630 3629 691 3705 est.
741 3633 792 3702 Sit
811 3634 951 3726 aliquis,
978 3631 1092 3729 inquit
1111 3633 1272 3708 Clemens
1290 3639 1493 3730 Romanus,

274 3735 405 3834 fidelis,
439 3727 487 3820 stt
511 3743 622 3823 polens
645 3732 677 3799 in
700 3728 891 3822 explicanda
912 3733 1128 3823 ,cogniuones
1148 3727 1349 3898 sttsapiens
1372 3739 1405 3808 in
1431 3735 1500 3834 dis·

282 3833 420 3908 cretione
451 3824 633 3920 sermonum
668 3821 871 3922 (spirituum
906 3817 1155 3899 discretionem
1180 3828 1366 3922 apellavit
1405 3830 1497 3907 Pau·

278 3929 331 4001 lus
366 3925 473 4021 tCor.
498 3916 597 4029 Xll.)
622 3917 664 4007 fit
680 3918 855 4030 stupendus
881 3924 914 3995 in
947 3925 1110 4030 operibus·
1126 3941 1193 3996 etc.
1243 3924 1342 4026 Quae
1367 3928 1499 4019 verba,

278 4021 372 4120 qnod
399 4017 500 4124 nobis
526 4016 586 4124 luc
614 4017 760 4127 sufficit,
803 4017 894 4091 haud
923 4020 1067 4129 obscure
1100 4017 1279 4109 rndicant,
1320 4020 1412 4095 dona
1439 4023 1502 4100 ila

278 4111 1499 4381 hlllhllllllh”tallsrlldlllllsa,hhdlllasfll

277 4305 422 4403 vilegii,
447 4301 626 4390 adstrisla,
660 4307 748 4379 adeo
765 4324 804 4379 ut
826 4307 906 4405 post
921 4305 1032 4405 ipsos,
1058 4308 1227 4404 quippea
1252 4311 1392 4384 nemine
1432 4332 1497 4384 an·

275 4405 340 4499 da,
366 4404 481 4538 locum
506 4400 653 4507 amplius
677 4401 807 4553 lubere
833 4401 1107 4549 noupotuerit,
1130 4425 1211 4488 cum
1238 4407 1331 4508 quod
1348 4406 1524 4580 113ξίἒό-
