3609 5500
271 939 346 1028 ψ
568 929 573 936 ·
681 907 836 1014 ursum
857 909 1125 1020 molest-(W.

269 1130 388 1208 punem
412 1115 538 1198 corpur,
556 1123 561 1130 ·
577 1111 611 1171 rt
632 1097 782 1193 poculum
804 1093 1006 1193 sanguinem
1045 1092 1175 1196 Christi.
1224 1095 1300 1176 Ubi
1340 1107 1554 1178 notet!

273 1207 414 1299 Spiritus
440 1201 477 1272 S.
502 1191 672 1270 unionem
695 1215 777 1268 curn
801 1216 893 1290 parre
922 1191 1046 1285 statui,
1080 1195 1169 1269 licut
1192 1215 1275 1271 ante
1301 1198 1428 1284 divium
1492 1205 1554 1264 ne

273 1321 369 1377 turae
385 1291 514 1372 Christi
547 1315 628 1366 cunr
655 1315 712 1365 eu.
764 1288 880 1388 Quam
901 1289 971 1366 stili
1004 1288 1244 1366 differentiam
1271 1293 1395 1368 tollere
1421 1292 1552 1370 {icht

275 1421 324 1473 ex
350 1420 416 1485 eo,
457 1390 549 1488 quod
566 1386 674 1486 senno
705 1404 744 1459 et
768 1389 911 1484 jpr'rr'tus
942 1384 1044 1481 saepe
1075 1386 1169 1460 inter
1197 1387 1233 1462 se
1265 1387 1526 1464 alternentulr

275 1494 335 1570 vel
363 1513 402 1565 et
425 1489 476 1561 ita
499 1490 780 1581 conjungantur,
822 1502 861 1555 ut
884 1481 928 1555 ad
958 1481 1053 1556 idem
1084 1481 1249 1558 effeetum
1272 1483 1512 1560 concurrant»

276 1588 399 1665 divina
421 1605 560 1680 quoque
585 1577 713 1652 Christi
739 1597 862 1652 natura
885 1576 1013 1650 eodem
1036 1575 1187 1673 Spiritus
1203 1580 1239 1653 S.
1267 1582 1416 1656 nomine
1440 1589 1498 1652 γε’

277 1686 365 1762 niat.
400 1679 556 1757 Chri-stus
579 1674 698 1771 itaque
730 1696 815 1747 cum
842 1695 936 1781 pane
956 1670 1074 1746 unitus
1097 1695 1143 1747 ex
1175 1697 1222 1747 eo
1238 1695 1374 1772 :corpur
1407 1675 1493 1752 suuni

278 1782 391 1869 facit,
414 1775 490 1851 vim
516 1773 678 1867 corporis
693 1757 824 1845 Christi
842 1789 879 1842 ru
901 1790 994 1866 pane
1019 1767 1169 1864 praestat
1194 1769 1351 1868 spiritur
1366 1775 1402 1849 S.
1429 1772 1485 1856 ,Sic

278 1897 318 1953 et
350 1875 459 1947 Clcm.
492 1868 594 1942 Alex.
626 1865 774 1964 Paedag.
807 1863 856 1938 11:
893 1885 927 1937 2.
960 1869 1044 1961 lexic
1067 1876 1103 1938 τῦ
1127 1857 1208 1961 nipe
1233 1869 1267 1942 ri
1297 1881 1421 1968 ηιῦμ
1445 1870 1488 1944 ris

278 1974 370 2051 verli
386 1966 528 2066 spiritus
558 1960 626 2060 est,
651 1981 689 2036 et
711 1962 734 2035 l.
760 1962 787 2034 1:
815 1969 849 2036 6.
871 1959 1031 2033 Dominus
1050 1958 1195 2057 spiritus
1220 1985 1259 2038 et
1281 1971 1434 2058 verbum,
1462 1980 1497 2038 et

277 2069 393 2146 sermo
417 2062 489 2136 Dei
511 2071 631 2154 κυεΰμι
654 2055 834 2155 reprimor
848 2053 992 2153 spiritus
1016 2060 1217 2134 incarnatus.

326 2161 358 2261 h.
383 2155 512 2234 CXIX.
555 2154 747 2228 Clementis
773 2154 876 2226 Alex.
910 2151 1092 2243 doetrina,
1131 2177 1198 2250 qua
1225 2151 1340 2232 nostra
1363 2157 1409 2232 de
1436 2153 1503 2232 fide

279 2259 423 2334 Parrum
450 2253 515 2326 hac
539 2261 641 2347 parte
673 2247 800 2345 opinio
832 2248 978 2345 egregie
1000 2247 1178 2346 firmatur,
1218 2252 1296 2326 erui
1318 2249 1440 2350 potest
1461 2273 1507 2327 ex

280 2350 428 2449 Paedag.
455 2348 476 2423 l.
501 2347 550 2422 ll.
574 2370 605 2424 c.
634 2367 668 2422 2.
693 2342 755 2420 ubi-
775 2343 821 2418 de
851 2347 1005 2424 mixtura
1029 2365 1132 2440 aquae
1157 2362 1196 2420 et
1220 2348 1291 2420 nint·
1312 2351 1351 2422 in
1377 2347 1509 2424 eucha-

157 2531 163 2540 ,
249 2448 379 2526 ·ristia
410 2441 562 2521 differit:
604 2441 663 2518 sed
694 2437 868 2539 prolixior
891 2438 943 2514 est
966 2438 1084 2531 locus,
1116 2463 1220 2538 quam
1244 2461 1285 2517 ut
1309 2443 1510 2536 exhiberc',

282 2564 322 2620 et
353 2537 561 2630 obscurior,
599 2562 701 2636 quam
744 2557 783 2610 ut
813 2534 886 2608 fine
923 2533 1120 2632 paraphrasi
1153 2535 1336 2612 dimittere
1370 2539 1508 2639 poffim.

243 2693 247 2700 -
282 2635 526 2716 Ratiocinium
552 2634 646 2729 ejus,
689 2650 804 2705 totum
836 2630 1042 2726 legendum,
1080 2631 1152 2707 huc
1175 2633 1270 2708 redit
1293 2633 1516 2714 summatim..

282 2737 327 2813 ln
352 2727 562 2808 eucharistia
584 2727 636 2802 est
659 2733 728 2803 uini
753 2746 792 2802 et
818 2748 921 2821 aquae
944 2727 1118 2819 mixtura3
1141 2727 1266 2804 vinum
1290 2726 1341 2805 est
1370 2724 1514 2831 sanguia

242 2886 246 2894 .
282 2853 403 2919 uvae,¹
434 2825 592 2920 adeoque
631 2823 727 2897 reste
756 2822 932 2921 sanguinis
958 2822 1087 2896 Christi
1123 2825 1268 2900 nomine
1298 2822 1514 2927 insignitur,

284 2946 452 3030 quatenus
467 2917 746 3018 sanguiculum·
760 2918 950 3017 spiritualis
975 2916 1036 2994 est,
1088 2920 1278 3017 Duplicem
1302 2942 1424 2998 autem
1439 2920 1516 3000 effe

287 3022 416 3105 adserit
433 3015 564 3096 Christi
578 3015 797 3117 sanguinem,
821 3036 999 3115 corporeum
1015 3034 1053 3088 et
1071 3017 1361 3113 corruptibilem,
1387 3020 1433 3095 ad
1455 3042 1517 3096 re·

152 3123 157 3132 ’
286 3123 482 3201 nriffionem
504 3136 732 3226 peccatorum
757 3109 926 3203 effusum,
958 3130 997 3187 et
1009 3109 1240 3211 spiritualem,
1308 3137 1355 3187 uo
1378 3119 1517 3215 inungi-

287 3217 419 3296 murh.
446 3230 596 3291 emtus
627 3209 816 3298 illinimur,
858 3226 897 3303 ut
921 3227 1028 3305 potu,
1070 3231 1173 3304 quem
1189 3138 1407 3306 quislibit,
1477 3212 1519 3291 ui

286 3309 475 3410 spiritualis
498 3305 634 3402 sanguis
658 3307 696 3379 in
720 3298 928 3378 eucharistia
950 3309 1094 3394 bibitur,
1120 3304 1277 3403 adeoque
1299 3307 1411 3384 tinum
1439 3236 1514 3386 eli.

285 3408 347 3485 sed
371 3402 422 3476 est
447 3401 511 3475 iste
533 3400 670 3496 sanguis
700 3402 751 3474 uis
769 3396 897 3472 Christi
929 3397 1146 3475 sanctificans
1183 3419 1220 3474 et
1237 3400 1389 3496 salvans,
1418 3427 1516 3503 quae

288 3499 418 3594 satyr«
441 3507 496 3570 ml
516 3504 635 3584 mmm
647 3492 757 3592 sermo
780 3511 818 3600 et
830 3491 975 3589 spiritus
999 3494 1070 3572 est:
1102 3511 1205 3606 quern
1227 3497 1432 3605 sanguinem
1456 3499 1513 3575 di-

287 3601 354 3676 cit‘
364 3617 472 3693 porro
497 3594 583 3664 uniri
606 3612 643 3663 et
662 3586 880 3663 commisceri
900 3611 980 3661 curn
996 3594 1089 3681 vino,
1114 3612 1165 3666 rta
1181 3610 1220 3666 ut
1236 3591 1275 3668 vi
1291 3592 1390 3669 istius
1406 3593 1517 3670 unio'·

211 3754 230 3787 ,Ι
286 3696 347 3773 nis
369 3694 478 3767 vinum
502 3687 543 3759 stt
567 3683 703 3784 sanguis
727 3681 856 3759 Christi
882 3682 1086 3782 spiritualis,
1110 3683 1169 3761 scu
1190 3709 1296 3785 potus
1319 3712 1404 3765 cunr
1420 3690 1515 3793 λέγῃ

279 3795 426 3895 sermone
450 3782 593 3858 mixtus.
643 3777 901 3857 commiscetur
941 3802 1124 3878 praeterea
1154 3784 1238 3860 huic
1272 3786 1360 3859 vino
1401 3813 1518 3886 aqua,

317 3909 380 3961 uae
407 3881 497 3990 vim·
515 3879 612 3970 vini,
646 3896 751 3975 atque
773 3875 863 3950 adeo
885 3876 1072 3973 spiritualis
1096 3878 1171 3974 ejus
1200 3880 1395 3977 sanguinis,
1457 3908 1514 3961 ar·

288 3984 437 4076 trcipat,
464 3991 597 4048 virtute
622 3976 697 4049 vini
722 3997 844 4071 aquam
864 3996 952 4050 occu
980 3994 1062 4048 ante
1078 3993 1116 4048 et
1138 3997 1358 4071 penetrante.
1445 4004 1517 4059 ane

285 4099 411 4179 aqrmm
434 4069 524 4147 dicit
547 4070 728 4144 hominem
766 4068 913 4143 reddere
943 3997 1060 4144 {lintis
1085 4089 1123 4144 et
1148 4070 1407 4149 inmortalitatis
1432 4101 1517 4174 par·

281 4175 458 4342 ,εἰείἃεωε
494 4165 710 4276 sicutenim
735 4187 823 4262 aqua
852 4189 933 4239 cum
958 4164 1064 4256 vino,
1102 4166 1161 4241 seu
1188 4167 1354 4264 sanguine
1378 4171 1515 4251 Christi

290 4299 327 4351 m
384 4268 440 4341 ico
466 4260 634 4336 mrscetur
663 4281 753 4351 etc,
785 4261 918 4352 fidelis,
975 4259 1011 4336 ui
1037 4261 1243 4338 eucharistia
1265 4265 1395 4354 utitur,
1425 4290 1514 4343 cunr

286 4365 415 4470 spiritu
438 4358 567 4438 Christi
596 4357 827 4451 vivificante,
866 4375 904 4433 et
1009 4357 1118 4439 vitam
1144 4383 1186 4438 ac
1212 4360 1513 4460 ⁸inmortalitatem
