3609 5500
275 982 346 1055 260
648 969 954 1071 ιΙῦβονὶαἙεεὶσῘ.
983 968 1098 1069 Christ.

282 1154 377 1228 Ann.
406 1154 433 1226 I.
460 1169 497 1224 er
525 1152 762 1241 Suetonio„‚in
794 1151 961 1243 Claudio,
984 1170 1067 1225 nota
1088 1144 1208 1247 sunt,)
1249 1146 1308 1223 sed
1332 1147 1505 1246 repulsrm

282 1250 458 1332 tulerunt,
482 1248 636 1344 praeside
664 1247 1107 1345 Roman0,seujust1tiae
1138 1245 1302 1334 vindice,
1335 1246 1504 1339 dignam,

285 1343 345 1440 qui
371 1345 577 1511 respondit,
611 1344 707 1417 suum
733 1366 805 1417 non
830 1344 921 1432 ell'e,
957 1342 1176 1439 quaestiones
1201 1342 1383 1439 religionis
1406 1341 1504 1419 decia

284 1446 389 1530 dere,
439 1442 481 1511 ed
508 1440 656 1512 crimina
680 1436 836 1512 civitatis
860 1458 995 1512 tantum
1020 1439 1161 1533 puniret

333 1535 362 1635 ᾗ.
391 1537 588 1610 CCXXIV.
614 1535 749 1634 Quibus
772 1535 942 1628 perustis,
967 1537 1087 1607 Paulus
1111 1533 1194 1605 inde
1214 1530 1385 1624 disuesfit,
1410 1534 1507 1631 Syri*¹

283 1656 339 1708 am
392 1631 558 1716 etiturus‚
583 1650 620 1703 et
642 1636 679 1704 In
697 1630 839 1703 transitu
856 1629 1011 1704 visitavit
1028 1629 1217 1723 Ephesios,
1240 1652 1328 1723 quos
1344 1633 1507 1707 nondum

286 1728 349 1803 vid
373 1747 443 1815 rat,
478 1727 636 1822 nullaque
661 1726 751 1800 fasla
774 1750 891 1815 mora,
926 1724 1105 1821 postquam
1131 1747 1208 1796 cum
1234 1725 1375 1819 Judaeis
1400 1725 1507 1799 disse·

288 1845 405 1899 ruerat
438 1822 473 1893 in
499 1823 628 1930 synago
683 1877 694 1911 ,
720 1823 917 1896 Caesaream
946 1821 1072 1915 petiit,
1097 1844 1142 1892 eo
1164 1822 1283 1891 animo
1308 1842 1345 1893 ut
1371 1821 1507 1895 Hiero⁴

286 1922 452 2014 solymam
471 1923 597 1991 aduret.
625 1847 730 2021 &uod
746 1942 824 1993 cum
842 1913 998 2004 secill'et,
1017 1914 1511 2013 EeclesraHierosolymitana

291 2035 427 2094 tantum
446 2016 607 2103 salutata,
633 2016 704 2083 iter
718 2012 821 2087 flexit
831 2011 1061 2087 Antiochiam
1078 2010 1201 2105 Syriae
1217 2009 1345 2085 versus.
1395 2014 1509 2087 Hunc

291 2110 387 2185 enirn
414 2109 609 2183 insensum
637 2109 754 2181 versus
776 2112 901 2198 aedos,
925 2130 1006 2178 meo
1029 2105 1188 2202 judicio,
1215 2107 1406 2200 sapiendus
1430 2109 1508 2194 esta

292 2232 422 2300 ausuque
455 2202 622 2297 deveniffet
650 2203 860 2300 Caesareum,
893 2222 926 2275 et
949 2204 1098 2276 adtendi
1125 2219 1176 2289 et,
1209 2202 1342 2275 scilicet
1371 2202 1509 2277 Hieroa

291 2306 479 2397 solymam,
514 2323 642 2393 casuque
657 2300 835 2396 salutasset
859 2302 960 2373 Eccle
975 2322 1062 2386 tam,
1093 2296 1255 2393 descendit
1277 2297 1510 2392 Antiochiam,

293 2422 333 2472 nt
353 2394 519 2472 Ecclesras
543 2396 707 2467 nimirum
732 2396 955 2469 confirmaret
980 2397 1017 2466 in
1042 2392 1123 2468 side.
1174 2395 1358 2487 Peragrata
1387 2393 1513 2491 itaqua

294 2496 453 2570 Galatica
477 2490 622 2585 regione
648 2510 684 2562 et
709 2491 879 2586 Phrygia,
920 2512 1007 2585 quae
1034 2492 1194 2584 amictu
1216 2497 1292 2585 plia
1313 2488 1510 2585 superiores

290 2607 406 2697 partes
436 2586 650 2681 adpellantur
681 2585 760 2658 Ast.
787 2586 885 2657 XIX:
921 2607 954 2659 ι.
988 2586 1095 2660 rediit
1134 2587 1332 2680 Ephesum,
1370 2604 1407 2658 et
1438 2602 1509 2660 tm

295 2686 347 2759 rbi
375 2681 477 2776 trivit
499 2705 617 2756 annos.
645 2674 726 2756 Asi.
751 2681 831 2755 XII:
860 2704 917 2776 31.
952 2681 994 2754 ln
1021 2680 1138 2777 prinei
1165 2684 1203 2754 io
1229 2680 1370 2778 quidem
1399 2676 1516 2767 tribus

173 2859 177 2869 ,
295 2776 467 2856 mensibus
492 2777 528 2849 in
547 2776 719 2872 synagoga
734 2800 826 2850 eum
843 2775 983 2873 Judaeis
1008 2776 1105 2873 egit,
1129 2705 1209 2865 tid,
1232 2796 1312 2850 cunr
1336 2775 1385 2849 illi
1404 2781 1512 2853 male·

296 2873 401 2949 dislis
426 2872 520 2946 viam
538 2874 687 2945 Domini
713 2874 924 2961 lacerarent,
951 2889 988 2943 et
1012 2871 1260 2961 se'obduratos
1276 2871 1513 2967 praeliarent,

298 2972 343 3050 iis
371 2969 537 3058 desertis,
562 2966 719 3040 disseruit
741 2991 805 3062 per
829 2966 1011 3041 biennium
1036 2967 1074 3041 in
1099 2967 1215 3041 schola
1237 2968 1382 3064 Tyranni
1399 2974 1514 3068 cujus·

299 3071 398 3156 dam,
426 3063 520 3162 qood
544 3087 670 3163 nomen
690 3087 762 3138 non
789 3082 866 3136 erat
889 3062 1280 3151 Romanisinsolitum3
1307 3084 1516 3168 tantumque

298 3158 422 3239 retulit
448 3162 625 3247 fructum,
661 3179 700 3232 ut
727 3179 801 3233 tota
827 3159 929 3248 Asia,
955 3159 1089 3231 seilicet
1112 3159 1288 3254 Lydiam,
1321 3161 1382 3232 ubi
1407 3182 1514 3239 antea

193 3273 196 3277 ’
300 3257 501 3360 prohibitus
525 3275 600 3328 erat
625 3254 848 3349 concionati,
876 3274 913 3327 ut
939 3251 1039 3350 supra
1057 3253 1229 3344 vidimus,
1243 3253 1420 3349 sirmonem
1446 3260 1517 3333 Dei

302 3358 485 3439 audiverit,
508 3350 589 3422 Ast.
616 3352 715 3423 XIX:
747 3375 800 3421 ro.
851 3348 998 3421 illustria
1020 3373 1159 3445 quoque
1177 3351 1338 3425 miracula
1360 3377 1426 3449 per
1440 3355 1516 3431 Dei

211 3449 214 3455 '
300 3447 497 3547 potentiam
526 3443 698 3538 patravit,
731 3441 769 3513 in
792 3443 947 3514 sanandis
974 3444 1124 3534 morbis,
1160 3465 1197 3518 et
1225 3445 1408 3539 ejiciendis
1433 3449 1515 3523 dae·

299 3541 485 3628 monibus,
510 3537 616 3611 etiam
641 3562 704 3634 per
727 3537 796 3609 sola
822 3538 914 3610 Pauli
932 3536 1095 3633 sudaria,
1121 3543 1178 3614 vel
1193 3542 1396 3638 semicintiio
1424 3544 1517 3644 (sive

303 3640 433 3725 lintea,
460 3633 573 3708 sudori
604 3631 839 3727 detergendo,
865 3657 906 3707 ac
929 3636 1157 3731 subligacula,
1183 3658 1298 3732 partes
1321 3647 1520 3718 anteriores

305 3735 495 3834 opificum,
523 3753 623 3896 apuam
648 3747 757 3834 artem
774 3728 893 3801 Paulus
910 3730 1070 3804 exercuit
1086 3730 1167 3807 Aet.
1192 3732 1331 3807 XVIII:
1358 3760 1413 3829 3.,
1440 3738 1520 3815 cin·.

306 3824 467 3927 gentim)
493 3826 528 3921 ip
545 3850 571 3897 1s
592 3823 757 3918 adplicita
780 3824 826 3898 ib.
852 3825 949 3899 XIX:
979 3850 1034 3902 12.
1059 3829 1162 3917 De0,
1188 3827 1271 3901 fidei
1288 3854 1408 3903 eorum
1434 3855 1518 3908 cau·

304 3924 358 4013 sa,
398 3924 539 3999 modum
563 3919 657 3993 hunc
682 3918 907 4018 singularem,
944 3946 1010 3996 nec
1032 3926 1075 3998 ab
1103 3922 1240 4020 aliquali
1267 3925 1530 4020 superstitione.

305 4021 474 4106 liberum,
515 4041 579 4112 pro
612 4016 682 4089 hoc
715 4035 875 4112 tempore
909 4018 1057 4094 serente.
1106 4019 1210 4116 Quod
1247 4043 1324 4092 cum
1360 4025 1519 4102 nonnulli

333 4116 432 4192 odaei
469 4110 661 4185 exorcistae
694 4111 823 4186 imitari
859 4117 1010 4202 vellent,
1045 4119 1188 4188 nomIne
1214 4115 1341 4188 Christi
1367 4119 1406 4192 in
1430 4144 1518 4195 con·

306 4211 453 4312 jurando
470 4210 657 4290 invocaro,
683 4210 770 4280 male
791 4209 948 4283 mulsisti
971 4211 1048 4284 sunt
1072 4210 1357 4302 adaemoniaeo,
1384 4235 1420 4287 et
1437 4240 1519 4309 gum

308 4303 505 4405 ignominia
528 4300 671 4395 repulsi:
698 4304 791 4374 unde
815 4305 965 4393 accidit,
997 4325 1036 4378 ut
1059 4309 1158 4381 multi
1185 4305 1317 4397 ruriosts
1341 4310 1407 4383 illis
1431 4314 1525 4404 artig

277 4449 279 4453 ,
308 4406 393 4498 bus,
417 4425 504 4500 quae
526 4404 673 4499 aesglrgps
687 4399 851 4498 adpellari
866 4401 1001 4496 solent,
1024 4402 1330 4495 renunciaverint,
1356 4406 1513 4481 Christo·

853 4552 855 4556 »
1444 4525 1515 4603 que
