3609 5500
1157 727 1164 750 l

291 938 366 1018 302
681 919 829 1021 ffistorr'a
851 922 982 1025 Eccles.
1008 885 1127 1026 erest.

288 1097 335 1174 de
364 1095 438 1173 hoc
457 1095 544 1172 libro
557 1096 709 1195 judicia,
744 1123 909 1179 autorem
927 1107 1027 1182 soille
1043 1104 1257 1198 fanaticum,
1289 1104 1371 1203 qui,
1396 1102 1521 1205 imagi·

292 1194 454 1303 natione·
483 1193 643 1286 delusus,
690 1197 839 1274 viliones
873 1204 935 1277 srbi
976 1204 1107 1296 finxit,
1155 1203 1368 1300 neutiquam
1401 1202 1517 1277 virum

293 1290 557 1387 Apostolrcum‚
606 1293 714 1389 qualis
749 1298 899 1372 Hermes
932 1298 1028 1388 fuit,
1077 1299 1234 1374 adserere
1265 1323 1336 1373 non
1362 1297 1516 1378 ivereon

294 1388 463 1460 Visorum
496 1385 662 1464 struttura
687 1411 725 1464 et
757 1392 994 1469 similitudines
1024 1394 1105 1469 nihil
1124 1396 1252 1492 spirant
1277 1393 1413 1483 divini,
1453 1416 1524 1469 nec

294 1508 398 1575 aaut,
423 1508 511 1581 quae
533 1485 686 1560 Ecclesra
711 1487 828 1581 foret,
870 1491 1008 1565 divinar
1041 1492 1172 1567 dedille
1197 1491 1442 1565 revelationes·
1462 1489 1523 1583 us·-

295 1604 400 1684 quam
429 1580 581 1680 legitur3
606 1579 699 1659 stilus
726 1608 885 1682 quoque,
911 1611 981 1684 quo
1005 1587 1170 1684 dogmata
1193 1605 1234 1661 et
1259 1609 1397 1659 morum
1418 1607 1521 1681 prae·

294 1697 401 1775 cepta
423 1700 488 1773 per
511 1676 663 1752 visroner
685 1682 890 1773 traduntur,
913 1685 956 1756 ab
981 1681 1195 1779 Apostolicis
1218 1680 1303 1756 viris
1327 1684 1428 1778 plane
1456 1683 1517 1755 ab·

293 1774 427 1849 horret.
478 1774 596 1847 Multa
623 1795 762 1874 quoque
784 1776 822 1850 in
847 1802 892 1856 eo
926 1798 1098 1853 occurunt
1131 1804 1151 1853 a
1182 1777 1331 1852 veritate
1373 1777 1516 1867 aliena,

294 1871 380 1944 licet
405 1869 557 1967 antiquis
585 1868 786 1945 dottoribus
812 1875 974 1947 nonnulla
991 1876 1163 1950 consona:
1188 1874 1284 1948 inter
1297 1896 1386 1969 quae
1401 1871 1510 1962 sunt,

293 1965 434 2039 unicam
476 1984 611 2041 tanturn
650 1968 870 2064 gravioribus
911 1972 1157 2066 peccatoribus
1202 1966 1397 2043 concessam
1443 1967 1516 2062 elle

291 2061 571 2233 pqenitentiam,
606 2061 793 2159 Apostolos
820 2061 1039 2161 euangelium
1062 2064 1283 2140 adnunciaffe
1307 2062 1452 2153 inferis,
1475 2081 1515 2137 et

281 2210 283 2214 «
341 2178 437 2233 utem
460 2154 640 2245 adtuliffe3
665 2158 752 2233 duos
776 2159 892 2235 adelle
907 2159 1108 2234 hominibus
1131 2161 1277 2259 genios,
1311 2160 1446 2234 bonum
1472 2178 1513 2236 et

292 2256 442 2345 malum,
467 2256 585 2328 Deum
610 2252 654 2327 iis
675 2252 757 2328 dare
780 2256 972 2351 Spiritum,
998 2280 1085 2353 quos
1112 2280 1158 2331 eo
1180 2254 1277 2332 redte
1301 2254 1421 2328 usuros
1439 2253 1514 2328 elle

319 2349 492 2441 raevidit,
524 2368 593 2423 etc.
645 2351 888 2448 Purgatorium
913 2372 1052 2443 tamen,
1077 2354 1176 2426 secus
1198 2375 1240 2427 ac
1263 2349 1422 2425 nonnulli
1441 2372 1514 2423 von

185 2518 186 2521 ,
292 2377 389 2535 iimt,
414 2446 451 2520 in
476 2470 522 2543 eo
547 2467 621 2519 non
645 2447 842 2542 reperitur,
869 2472 950 2521 curn
973 2449 1018 2520 de
1042 2448 1168 2544 poenis
1184 2447 1298 2543 *nujus
1323 2446 1423 2521 vitae
1450 2468 1516 2521 ex·

291 2543 379 2644 poni
397 2541 510 2639 poffit
559 2542 660 2614 Inter
674 2542 739 2617 alia
757 2542 878 2641 inepta
896 2544 1113 2633 adfirmatur,
1139 2562 1298 2617 mortuos
1316 2563 1390 2617 non
1407 2540 1514 2637 poll‘e

291 2664 330 2715 re
358 2661 440 2712 num
466 2633 540 2710 Dei
563 2633 716 2729 intrare,
740 2638 804 2712 nisr
824 2662 887 2735 per
903 2661 1026 2735 aquarn
1049 2637 1183 2711 fuerint
1205 2636 1334 2726 abluti,
1358 2656 1396 2711 et
1413 2660 1516 2712 mor«

290 2736 461 2812 talrtatem
485 2731 730 2830 deposuerint:
770 2736 868 2832 cujus
896 2734 1005 2810 simile
1030 2738 1208 2833 reperitur
1231 2734 1271 2808 in
1301 2731 1514 2830 euangelio,

299 2833 347 2909 fic
362 2830 487 2921 ditio„
515 2829 723 2904 Nicodemi.
773 2832 944 2905 Attamen
974 2852 1054 2908 cum
1081 2831 1170 2905 liber
1193 2850 1314 2905 omnes
1329 2828 1519 2905 contineat

293 2953 401 3005 canae
433 2924 652 3023 antiquitatis
691 2926 934 3017 characteres,
976 2951 995 3000 a
1027 2927 1185 3002 Patribus
1217 2948 1355 3025 quoque
1391 2925 1518 3023 magni

292 3026 427 3116 laetus,
468 3024 522 3098 uti
564 3045 609 3095 eo
644 3023 750 3096 liceat
790 3042 955 3123 tanquam
994 3032 1224 3098 monumento
1254 3019 1520 3103 Eccleliastico.

292 3128 459 3200 Ceterum
483 3119 682 3218 fragmenta
703 3121 871 3217 quaedam
895 3122 1052 3194 Hermae
1075 3143 1121 3194 ex
1147 3116 1325 3208 domina,
1359 3116 1427 3190 sub·
1444 3128 1514 3191 noss

292 3222 389 3298 mine
413 3214 581 3291 Analiasri
598 3214 826 3292 Alexandrini
856 3215 898 3290 ad
926 3215 1143 3291 Antiochum
1167 3214 1324 3303 ducem,=
1345 3211 1516 3293 exhibuit

291 3312 470 3391 Fabricius
496 3311 583 3384 Bibl.
612 3313 673 3384 Gr.
698 3314 719 3385 l.
747 3314 796 3386 V.
823 3335 854 3384 c.
883 3333 914 3385 1.
1505 3346 1508 3353 ·

338 3410 369 3508 q.
396 3407 571 3480 CCLVll.
603 3403 726 3479 Restat
758 3427 904 3501 operum
927 3402 1077 3503 Dionyſsi
1102 3408 1339 3501 Areopagitae·
1356 3404 1511 3502 aliquam

293 3507 374 3583 dem
400 3499 585 3589 notitiam,
611 3499 655 3572 de
682 3523 752 3595 quo
769 3501 847 3573 viro
873 3501 1040 3596 quaedam
1064 3502 1135 3597 jam
1166 3502 1261 3591 dixi,
1293 3499 1353 3575 ubi
1381 3523 1512 3599 propa⁴

317 3601 472 3674 ationem
498 3592 681 3690 Euangelii
718 3596 887 3670 enarravi.
946 3599 1036 3670 Eum
1059 3622 1078 3670 a
1103 3597 1296 3695 Dionysio,
1329 3596 1512 3675 Pariiienii

290 3628 491 3785 Ailcopo,
525 3691 583 3762 vel
617 3686 808 3785 Apostolo‚
850 3691 909 3785 qui
940 3694 1000 3766 sub
1021 3694 1139 3765 Decio
1167 3693 1323 3766 lecqlll.
1357 3693 1510 3786 floruit,

292 3723 361 3868 elie
377 3785 571 3872 diversum,
590 3786 800 3882 Syrmondus
810 3786 938 3862 differt.
964 3788 1008 3861 de
1018 3788 1151 3864 duobus
1168 3787 1370 3883 Dionysris,
1391 3792 1510 3887 Oper.

291 3908 378 3964 tom.
403 3884 470 3958 IV.
505 3901 542 3954 et
568 3883 743 3957 Launoius
770 3882 808 3957 in
831 3883 906 3957 vita
929 3883 1093 3982 Dionysii
1127 3885 1386 3991 Areopagitae,
1430 3884 1533 3960 ann·

292 4007 380 4083 que,
408 3979 488 4050 satis
504 3977 796 4055 demonstrarunt.
845 3979 1004 4055 Prostant
1021 4005 1128 4076 opera
1153 3981 1237 4052 huic
1253 4003 1334 4052 vtro
1352 3979 1510 4078 adfigna·

292 4102 348 4167 ta,
387 4075 521 4147 duobus
546 4076 616 4149 vol.
643 4076 748 4150 insol.
782 4100 800 4151 a
833 4077 1005 4149 Corderio
1037 4076 1229 4170 publicata,
1261 4094 1443 4184 aguntque
1463 4077 1512 4164 de

291 4172 486 4260 hierarchia
518 4170 679 4260 coelesti,
727 4172 787 4246 ubi
814 4193 947 4246 novem
969 4172 1186 4268 Angelorum
1219 4171 1360 4246 ordrnes
1383 4195 1513 4249 recen·

290 4277 429 4356 lentur,
454 4284 490 4340 et
505 4265 758 4361 Ecclefiallita‚
783 4268 842 4341 ubi
865 4277 987 4340 omne's
1000 4265 1217 4364 Episcopalis
1232 4266 1386 4364 muneris
1405 4268 1513 4344 func·

285 4367 429 4455 tiones,
464 4363 616 4457 formae,
640 4382 678 4438 et
694 4360 999 4456 consecrationes,
1036 4380 1283 4462 exponuntur,
1317 4361 1360 4435 de
1385 4366 1521 4440 Divinis

285 4480 291 4491 “
848 4522 859 4531 ,
937 4500 942 4506 -
1313 4465 1522 4559 nominibus,
