3609 5500
824 917 931 1020 tnui.
956 915 1031 1024 iri.
1114 951 1119 962 ·
1449 927 1533 1046 ngr

294 1120 410 1223 {hirini
429 1119 569 1223 sternito
583 1120 731 1220 sopitur:
759 1139 790 1198 et
806 1128 881 1220 qnia
896 1126 1004 1220 firmil
1025 1127 1058 1198 in
1081 1115 1238 1220 baptismo
1264 1127 1348 1196 renti·
1370 1152 1391 1199 a
1412 1145 1530 1222 pecco-

297 1233 410 1297 totttnt
433 1227 552 1308 datin,
584 1219 717 1311 ntlsttluo
743 1237 773 1291 tt
800 1226 897 1317 jugis
923 1228 1081 1316 operatio,
1113 1221 1266 1317 baptismi
1291 1226 1392 1316 instar
1416 1226 1530 1298 inrito·

300 1321 363 1407 lu,
388 1319 459 1392 Dei
480 1316 590 1411 ruistis
618 1319 850 1411 indulgentiam
872 1321 1023 1413 largitio.
1072 1319 1206 1391 Sedere
1231 1316 1302 1388 hoc
1330 1320 1411 1392 loco
1437 1320 1526 1395 nihil

297 1414 426 1523 colligi
453 1412 591 1509 potest,
617 1418 707 1507 quod
735 1413 931 1487 sententiae
956 1417 1157 1512 propolitte
1185 1411 1399 1507 inspeciem
1425 1414 1525 1489 uide·

298 1529 361 1584 tur
387 1513 535 1597 havere,
565 1532 606 1581 ac
624 1509 717 1605 quod
748 1507 842 1583 inter
863 1530 1017 1607 peccata
1039 1532 1121 1584 ante
1148 1506 1289 1603 etpost
1315 1509 1524 1605 baptismum

294 1594 365 1687 hut
391 1603 591 1693 diuturno,
626 1627 773 1701 quorum
802 1604 893 1680 haec
929 1606 1161 1702 eleemosynis
1194 1601 1335 1701 aliisque
1361 1603 1523 1702 operibus

295 1704 396 1781 ablui
422 1702 606 1775 dicuntur..
651 1702 790 1775 Interea
806 1699 868 1775 hic
896 1727 928 1778 1.
953 1701 1044 1776 nihil
1060 1704 1104 1775 de
1128 1702 1241 1795 culpor.
1262 1721 1300 1775 et
1317 1714 1439 1797 ponito
1456 1701 1523 1776 dii·
1605 1714 1608 1720 '

295 1799 474 1887 crimine,
516 1797 604 1869 nihil
632 1795 676 1869 de
702 1818 893 1891 poenarum
920 1816 1054 1874 tanturn
1087 1798 1333 1893 temporalium
1366 1797 1524 1872 larissae·

300 1899 430 1985 tione,
454 1894 632 1981 occurrit,
658 1910 783 1964 contra
800 1894 891 1967 ablui
909 1894 1073 1968 dicuntur
1089 1912 1127 1965 et
1143 1894 1336 1968 condonari
1360 1894 1431 1989 ipsa
1443 1912 1520 1987 pec·

297 2009 404 2080 cota,
448 2009 484 2063 et
515 2011 588 2060 non
621 2005 755 2060 tantum
787 2011 925 2082 poenae
951 1990 1180 2087 temporalem
1214 1988 1345 2061 deinde
1370 2009 1519 2085 peccata

295 2111 368 2188 per
394 2084 633 2181 eleemosynas
665 2083 719 2156 ita
743 2082 854 2157 deleri
885 2086 1072 2174 adfirmat,
1107 2106 1148 2159 ut
1170 2104 1272 2158 antea
1296 2108 1358 2181 per
1380 2084 1519 2182 sangui·

295 2208 384 2261 nem
412 2178 564 2270 Christi,
605 2178 763 2273 adeoque
791 2202 932 2262 omnem
963 2200 1118 2256 reatum:
1159 2180 1252 2277 quod
1282 2200 1385 2257 totus·
1403 2201 1521 2257 textus

296 2280 432 2368 diserte
466 2276 583 2351 docet.
637 2298 671 2348 2.
699 2275 882 2351 Praeterea
914 2276 1003 2351 nihil
1028 2277 1088 2351 hic
1121 2277 1168 2350 de
1193 2275 1323 2350 merito
1349 2274 1523 2374 condigni*

294 2373 498 2471 reperitur,
523 2370 590 2446 uest
613 2370 856 2468 poenitentiae
883 2395 988 2469 opera
1012 2372 1172 2447 delerent
1199 2396 1328 2468 poenas
1355 2383 1400 2448 err
1422 2375 1519 2470 ¹rigo·

295 2495 339 2546 re
358 2467 537 2567 justitiae,
570 2485 608 2540 et
629 2470 712 2540 Deo
736 2467 924 2542 secundum
942 2470 1000 2564 jus
1024 2489 1061 2541 et
1082 2467 1251 2564 justitiam
1268 2467 1523 2548 satisfacerent.-

291 2564 449 2653 Pietati,
489 2583 684 2653 econtra,
716 2560 877 2656 divinae,
902 2565 1161 2661 indulgentiae,
1196 2583 1234 2636 et
1259 2563 1518 2643 misericordiae

293 2663 383 2739 illud
409 2658 595 2751 tribuitur,
638 2657 731 2755 quod
758 2679 906 2756 peccata
938 2683 1004 2757 per
1037 2683 1143 2758 opert
1168 2659 1348 2735 charitatis
1381 2681 1524 2761 expun·

293 2777 438 2857 gantur.
492 2755 609 2829 Distat
640 2756 758 2849 itaque
790 2756 882 2830 haud
906 2780 1027 2852 parum
1053 2755 1289 2855 Cyprianura
1316 2760 1525 2837 catholico·¹

291 2857 541 2932 Rornanorum
568 2851 735 2925 hodierna
763 2849 942 2943 domina,
974 2852 1108 2927 scilicet
1131 2852 1305 2950 populari.
1406 2885 1408 2889 ·

301 3014 309 3021 .
343 2951 377 3053 ᾗ.
403 2949 537 3025 XXXI.
578 2947 664 3022 Illud
698 2971 837 3044 quoque
870 2947 1003 3044 ipfum,
1043 2951 1136 3045 quod
1171 2948 1351 3023 doetrinae
1391 2957 1521 3031 eornm*

293 3046 422 3124 favere
445 3047 606 3134 videtur,
644 3063 784 3140 praeter
810 3044 963 3152 speciem
990 3045 1080 3119 nihil
1106 3044 1224 3118 habet.
1281 3067 1312 3118 1.
1337 3043 1395 3118 mr
1416 3051 1514 3125 ublth

292 3144 372 3218 endi
395 3144 508 3216 verbo
536 3140 623 3212 nihil
648 3139 738 3211 aliud
765 3161 845 3212 erut
865 3138 1018 3237 potest,
1042 3164 1084 3214 ac
1111 3158 1259 3235 peecata
1282 3161 1354 3212 non
1379 3139 1445 3213 nifi
1468 3136 1519 3227 a&
1618 3183 1620 3186 ·

319 3235 543 3314 uenit-entiae
563 3258 669 3332 opera
685 3232 840 3323 remitti,
864 3258 954 3324 nec,
978 3236 1073 3333 quod
1088 3233 1313 3330 poenitentia
1339 3237 1395 3309 vel
1418 3236 1517 3310 elce«⁴

291 3333 442 3434 mosyna
465 3333 539 3428 ejus
565 3330 665 3405 causa
691 3330 732 3404 fit
754 3329 847 3428 quast
869 3333 1071 3422 meritoria,
1095 3329 1155 3404 sed
1172 3329 1419 3406 conditionalis
1435 3349 1518 3409 tan·‘

288 3454 390 3509 tum:
415 3447 455 3504 ut
481 3451 526 3500 ex
548 3443 629 3500 toto
646 3426 812 3500 elucescit
835 3425 936 3503 libro.
985 3429 1138 3504 Veteres
1152 3447 1268 3502 autem
1288 3451 1334 3501 eo
1347 3427 1515 3508 interere

287 3529 358 3608 iffe
380 3523 479 3603 sensu
501 3519 879 3620 vocessutiffoltionis,
918 3526 1141 3613 redemtionis,
1180 3548 1222 3601 ac
1244 3527 1361 3601 verba·
1377 3532 1519 3624 mmm,

288 3626 434 3714 delere,
458 3617 611 3708 aboleri,
629 3620 741 3709 ablui,
766 3622 985 3720 compensari
1001 3642 1071 3699 etc.
1089 3621 1180 3696 clare
1197 3622 1279 3696 satir
1295 3622 1514 3705 demonstrat

290 3719 354 3797 vit
376 3719 537 3794 Dallaeus
585 3715 630 3788 de
659 3719 770 3808 poenis
800 3733 833 3788 et
854 3717 1140 3816 sotisfallionibtts
1162 3719 1185 3793 l.
1210 3718 1296 3792 VII:
1331 3742 1363 3792 n.
1412 3719 1517 3823 Quid

291 3817 416 3913 itaque
437 3811 500 3888 sibi
533 3813 609 3884 vult
644 3810 854 3908 Cyprianus,
898 3816 959 3890 ubi
982 3832 1127 3911 peccata
1157 3829 1235 3905 onte
1274 3827 1307 3882 nt
1335 3810 1412 3908 post.
1436 3817 1517 3911 prin

290 3936 391 3995 marn
414 3902 688 4003 resipiscentiam
711 3905 763 3979 ita
784 3905 988 4005 distinguit,
1028 3926 1067 3981 ut
1094 3909 1154 3978 illa
1181 3904 1310 3982 Christi
1343 3906 1517 4006 sanguinei

285 4006 335 4088 'et
353 4001 649 4089 santificatione,
674 4003 755 4075 liner
778 4002 1027 4099 eleemosynis,
1052 4001 1194 4099 aliisque
1218 4001 1399 4078 choritatis
1421 4021 1513 4104 ope·⁸

286 4107 413 4194 ribus,
437 4100 529 4176 ablui
553 4096 668 4172 dicit?
693 4096 867 4195 Expedite
891 4097 975 4174 illud
999 4123 1071 4174 non
1099 4097 1219 4196 potuit
1241 4099 1403 4175 Dullaeus
1425 4103 1447 4177 l.
1473 4109 1512 4178 α’

285 4224 331 4281 et
357 4196 567 4298 cyprianum
607 4191 831 4293 perstringit,
871 4196 953 4292 quia
992 4212 1148 4270 mentem
1195 4196 1272 4293 ejus
1308 4199 1517 4273 nonnette

250 4297 254 4303 ’
287 4293 474 4403 percepit.
524 4294 577 4366 Ea
599 4291 692 4362 enim
708 4313 780 4363 non
800 4289 869 4379 est,
894 4312 1062 4387 peccata,
1086 4311 1169 4366 ante
1185 4296 1228 4368 ba
1255 4290 1393 4364 tismutn
1410 4296 1513 4368 com.¹

287 4391 424 4490 milia,
450 4389 521 4471 iola
545 4383 674 4467 eruisti
698 4406 819 4470 morte
832 4388 996 4564 {xpp}
1019 4385 1199 4489 reliquari
1271 4385 1279 4400 “
1328 4387 1519 4497 operihurr'
1603 4456 1604 4465 ,

299 4528 327 4551 ··
963 4506 1021 4582 '4
1430 4492 1526 4585 (1ΰὸοῘ
