<?xml version="1.0" encoding="UTF-8"?>
<!DOCTYPE html PUBLIC "-//W3C//DTD XHTML 1.0 Transitional//EN"
    "http://www.w3.org/TR/xhtml1/DTD/xhtml1-transitional.dtd">
<html xmlns="http://www.w3.org/1999/xhtml" xml:lang="en" lang="en">
 <head>
  <title>
</title>
<meta http-equiv="Content-Type" content="text/html;charset=utf-8" />
  <meta name='ocr-system' content='tesseract 3.04.00' />
  <meta name='ocr-capabilities' content='ocr_page ocr_carea ocr_par ocr_line ocrx_word'/>
</head>
<body>
  <div class='ocr_page' id='page_1' title='image "./hermannivenemai05venegoog_0463.png"; bbox 0 0 3609 5500; ppageno 0'>
   <div class='ocr_carea' id='block_1_1' title="bbox 809 943 1509 1051">
    <p class='ocr_par' dir='ltr' id='par_1_1' title="bbox 809 943 1509 1051">
     <span class='ocr_line' id='line_1_1' title="bbox 809 943 1509 1051; baseline -0.009 -23"><span class='ocrx_word' id='word_1_1' title='bbox 809 943 918 1028; x_wconf 70' lang='lat' dir='ltr'>&amp;iul</span> <span class='ocrx_word' id='word_1_2' title='bbox 942 947 994 1026; x_wconf 83' lang='lat' dir='ltr'>II.</span> <span class='ocrx_word' id='word_1_3' title='bbox 1093 943 1100 950; x_wconf 68' lang='grc'><strong>’</strong></span> <span class='ocrx_word' id='word_1_4' title='bbox 1433 973 1509 1051; x_wconf 72' lang='lat'>459</span> 
     </span>
    </p>
   </div>
   <div class='ocr_carea' id='block_1_2' title="bbox 276 1079 1504 1426">
    <p class='ocr_par' dir='ltr' id='par_1_2' title="bbox 276 1079 1504 1426">
     <span class='ocr_line' id='line_1_2' title="bbox 277 1079 1504 1232; baseline 0.002 -23"><span class='ocrx_word' id='word_1_5' title='bbox 277 1147 499 1216; x_wconf 69' lang='lat' dir='ltr'>mutantem</span> <span class='ocrx_word' id='word_1_6' title='bbox 530 1079 742 1226; x_wconf 70' lang='lat' dir='ltr'>eaatpettus.</span> <span class='ocrx_word' id='word_1_7' title='bbox 761 1151 808 1204; x_wconf 85' lang='lat' dir='ltr'>ex</span> <span class='ocrx_word' id='word_1_8' title='bbox 834 1153 883 1203; x_wconf 85' lang='lat' dir='ltr'>eo</span> <span class='ocrx_word' id='word_1_9' title='bbox 912 1098 1085 1229; x_wconf 83' lang='lat' dir='ltr'>originem</span> <span class='ocrx_word' id='word_1_10' title='bbox 1118 1129 1261 1224; x_wconf 79' lang='lat' dir='ltr'>habuit,</span> <span class='ocrx_word' id='word_1_11' title='bbox 1300 1135 1393 1232; x_wconf 82' lang='lat' dir='ltr'>quod</span> <span class='ocrx_word' id='word_1_12' title='bbox 1426 1159 1504 1211; x_wconf 84' lang='lat' dir='ltr'>cre·</span> 
     </span>
     <span class='ocr_line' id='line_1_3' title="bbox 276 1227 1503 1330; baseline 0 -23"><span class='ocrx_word' id='word_1_13' title='bbox 276 1237 406 1308; x_wconf 77' lang='lat' dir='ltr'>dentes</span> <span class='ocrx_word' id='word_1_14' title='bbox 431 1229 521 1302; x_wconf 87' lang='lat' dir='ltr'>soliti</span> <span class='ocrx_word' id='word_1_15' title='bbox 559 1228 692 1300; x_wconf 85' lang='lat' dir='ltr'>fuerint</span> <span class='ocrx_word' id='word_1_16' title='bbox 728 1250 871 1301; x_wconf 85' lang='lat' dir='ltr'>munera</span> <span class='ocrx_word' id='word_1_17' title='bbox 897 1227 956 1301; x_wconf 88' lang='lat' dir='ltr'>sua</span> <span class='ocrx_word' id='word_1_18' title='bbox 986 1228 1168 1323; x_wconf 79' lang='lat' dir='ltr'>proferre,</span> <span class='ocrx_word' id='word_1_19' title='bbox 1207 1252 1253 1302; x_wconf 83' lang='lat' dir='ltr'>ex</span> <span class='ocrx_word' id='word_1_20' title='bbox 1286 1236 1411 1330; x_wconf 77' lang='lat' dir='ltr'>quibus</span> <span class='ocrx_word' id='word_1_21' title='bbox 1442 1237 1503 1306; x_wconf 57' lang='grc' dir='ltr'>επὶ</span> 
     </span>
     <span class='ocr_line' id='line_1_4' title="bbox 277 1323 1502 1426; baseline 0 -23"><span class='ocrx_word' id='word_1_22' title='bbox 277 1325 443 1404; x_wconf 84' lang='lat' dir='ltr'>charistia</span> <span class='ocrx_word' id='word_1_23' title='bbox 466 1326 741 1397; x_wconf 86' lang='lat' dir='ltr'>conficiebatur:</span> <span class='ocrx_word' id='word_1_24' title='bbox 775 1343 960 1420; x_wconf 83' lang='lat' dir='ltr'>praeterea</span> <span class='ocrx_word' id='word_1_25' title='bbox 982 1343 1019 1396; x_wconf 90' lang='lat' dir='ltr'>et</span> <span class='ocrx_word' id='word_1_26' title='bbox 1046 1323 1132 1397; x_wconf 82' lang='lat' dir='ltr'>huic</span> <span class='ocrx_word' id='word_1_27' title='bbox 1153 1326 1502 1426; x_wconf 74' lang='lat' dir='ltr'>conspeetu1·‚·quod</span> 
     </span>
    </p>
   </div>
   <div class='ocr_carea' id='block_1_3' title="bbox 275 1419 1601 1515">
    <p class='ocr_par' dir='ltr' id='par_1_3' title="bbox 275 1419 1601 1515">
     <span class='ocr_line' id='line_1_5' title="bbox 275 1419 1601 1515; baseline 0 -19"><span class='ocrx_word' id='word_1_28' title='bbox 275 1422 395 1500; x_wconf 79' lang='lat' dir='ltr'>notari</span> <span class='ocrx_word' id='word_1_29' title='bbox 421 1439 595 1504; x_wconf 87' lang='lat' dir='ltr'>meretur,</span> <span class='ocrx_word' id='word_1_30' title='bbox 622 1419 867 1514; x_wconf 78' lang='lat' dir='ltr'>adplicuerunt</span> <span class='ocrx_word' id='word_1_31' title='bbox 885 1426 986 1515; x_wconf 79' lang='lat' dir='ltr'>panis</span> <span class='ocrx_word' id='word_1_32' title='bbox 1003 1419 1036 1491; x_wconf 75' lang='lat' dir='ltr'>el</span> <span class='ocrx_word' id='word_1_33' title='bbox 1051 1423 1121 1496; x_wconf 71' lang='lat' dir='ltr'>aina·</span> <span class='ocrx_word' id='word_1_34' title='bbox 1138 1423 1347 1513; x_wconf 81' lang='lat' dir='ltr'>oblationem,</span> <span class='ocrx_word' id='word_1_35' title='bbox 1363 1449 1391 1496; x_wconf 88' lang='lat' dir='ltr'>a</span> <span class='ocrx_word' id='word_1_36' title='bbox 1406 1427 1501 1497; x_wconf 83' lang='lat' dir='ltr'>Mel·</span> <span class='ocrx_word' id='word_1_37' title='bbox 1597 1423 1601 1431; x_wconf 69' lang='grc'><strong>“</strong></span> 
     </span>
    </p>
   </div>
   <div class='ocr_carea' id='block_1_4' title="bbox 267 1513 1502 2094">
    <p class='ocr_par' dir='ltr' id='par_1_4' title="bbox 267 1513 1502 2075">
     <span class='ocr_line' id='line_1_6' title="bbox 274 1513 1502 1613; baseline -0.002 -17"><span class='ocrx_word' id='word_1_38' title='bbox 274 1516 472 1597; x_wconf 77' lang='lat' dir='ltr'>chizedeco</span> <span class='ocrx_word' id='word_1_39' title='bbox 505 1514 706 1587; x_wconf 85' lang='lat' dir='ltr'>Abrahamo</span> <span class='ocrx_word' id='word_1_40' title='bbox 732 1514 877 1604; x_wconf 70' lang='lat' dir='ltr'>Pallam,</span> <span class='ocrx_word' id='word_1_41' title='bbox 912 1540 1000 1612; x_wconf 90' lang='lat' dir='ltr'>quae</span> <span class='ocrx_word' id='word_1_42' title='bbox 1027 1515 1119 1613; x_wconf 83' lang='lat' dir='ltr'>quasi</span> <span class='ocrx_word' id='word_1_43' title='bbox 1143 1513 1226 1589; x_wconf 90' lang='lat' dir='ltr'>Deo</span> <span class='ocrx_word' id='word_1_44' title='bbox 1243 1518 1385 1610; x_wconf 79' lang='lat' dir='ltr'>¹fiebat,</span> <span class='ocrx_word' id='word_1_45' title='bbox 1419 1543 1502 1594; x_wconf 89' lang='lat' dir='ltr'>cum</span> 
     </span>
     <span class='ocr_line' id='line_1_7' title="bbox 274 1612 1496 1692; baseline -0.003 0"><span class='ocrx_word' id='word_1_46' title='bbox 274 1617 315 1692; x_wconf 91' lang='lat' dir='ltr'>in</span> <span class='ocrx_word' id='word_1_47' title='bbox 346 1613 478 1687; x_wconf 86' lang='lat' dir='ltr'>Virum</span> <span class='ocrx_word' id='word_1_48' title='bbox 503 1612 573 1683; x_wconf 69' lang='lat' dir='ltr'>Dei</span> <span class='ocrx_word' id='word_1_49' title='bbox 600 1612 868 1684; x_wconf 79' lang='lat' dir='ltr'>conferebantur</span> <span class='ocrx_word' id='word_1_50' title='bbox 894 1612 949 1685; x_wconf 87' lang='lat' dir='ltr'>illa</span> <span class='ocrx_word' id='word_1_51' title='bbox 974 1633 1126 1686; x_wconf 85' lang='lat' dir='ltr'>munera.</span> <span class='ocrx_word' id='word_1_52' title='bbox 1175 1615 1235 1686; x_wconf 88' lang='lat' dir='ltr'>Sic</span> <span class='ocrx_word' id='word_1_53' title='bbox 1259 1615 1367 1687; x_wconf 86' lang='lat' dir='ltr'>Clem.</span> <span class='ocrx_word' id='word_1_54' title='bbox 1395 1614 1496 1689; x_wconf 80' lang='lat' dir='ltr'>Alex.</span> 
     </span>
     <span class='ocr_line' id='line_1_8' title="bbox 274 1706 1498 1803; baseline -0.002 -18"><span class='ocrx_word' id='word_1_55' title='bbox 274 1715 414 1787; x_wconf 76' lang='lat' dir='ltr'>Sttom:</span> <span class='ocrx_word' id='word_1_56' title='bbox 433 1710 454 1781; x_wconf 87' lang='lat' dir='ltr'>l.</span> <span class='ocrx_word' id='word_1_57' title='bbox 481 1708 548 1781; x_wconf 90' lang='lat' dir='ltr'>IV.</span> <span class='ocrx_word' id='word_1_58' title='bbox 574 1728 607 1780; x_wconf 88' lang='lat' dir='ltr'>c.</span> <span class='ocrx_word' id='word_1_59' title='bbox 634 1728 692 1796; x_wconf 82' lang='lat'>25.</span> <span class='ocrx_word' id='word_1_60' title='bbox 745 1706 1036 1794; x_wconf 77' lang='lat' dir='ltr'>Melchiaedecus</span> <span class='ocrx_word' id='word_1_61' title='bbox 1053 1708 1185 1780; x_wconf 89' lang='lat' dir='ltr'>dicitur</span> <span class='ocrx_word' id='word_1_62' title='bbox 1199 1729 1314 1803; x_wconf 81' lang='lat' dir='ltr'>panem</span> <span class='ocrx_word' id='word_1_63' title='bbox 1337 1727 1370 1783; x_wconf 84' lang='lat' dir='ltr'>et</span> <span class='ocrx_word' id='word_1_64' title='bbox 1388 1715 1498 1784; x_wconf 77' lang='lat' dir='ltr'>alnam</span> 
     </span>
     <span class='ocr_line' id='line_1_9' title="bbox 267 1799 1501 1906; baseline 0 -28"><span class='ocrx_word' id='word_1_65' title='bbox 267 1799 518 1906; x_wconf 59' lang='lat' dir='ltr'>sanemarium</span> <span class='ocrx_word' id='word_1_66' title='bbox 540 1800 657 1895; x_wconf 71' lang='lat' dir='ltr'>dedrffe</span> <span class='ocrx_word' id='word_1_67' title='bbox 688 1807 940 1892; x_wconf 76' lang='lat' dir='ltr'>nutrimentum,</span> <span class='ocrx_word' id='word_1_68' title='bbox 970 1808 1003 1876; x_wconf 80' lang='lat' dir='ltr'>in</span> <span class='ocrx_word' id='word_1_69' title='bbox 1029 1817 1139 1898; x_wconf 76' lang='lat' dir='ltr'>typum</span> <span class='ocrx_word' id='word_1_70' title='bbox 1169 1804 1393 1901; x_wconf 75' lang='lat' dir='ltr'>eucharistiae.</span> <span class='ocrx_word' id='word_1_71' title='bbox 1441 1808 1501 1878; x_wconf 87' lang='lat' dir='ltr'>ln·</span> 
     </span>
     <span class='ocr_line' id='line_1_10' title="bbox 272 1895 1498 2075; baseline -0.001 -101"><span class='ocrx_word' id='word_1_72' title='bbox 272 1917 365 2075; x_wconf 60' lang='grc' dir='ltr'>ἵης</span> <span class='ocrx_word' id='word_1_73' title='bbox 388 1899 542 1995; x_wconf 87' lang='lat' dir='ltr'>denique</span> <span class='ocrx_word' id='word_1_74' title='bbox 575 1895 675 1969; x_wconf 77' lang='lat' dir='ltr'>thesi·</span> <span class='ocrx_word' id='word_1_75' title='bbox 697 1898 793 1971; x_wconf 80' lang='lat' dir='ltr'>addit</span> <span class='ocrx_word' id='word_1_76' title='bbox 830 1917 1050 1973; x_wconf 84' lang='lat' dir='ltr'>momentum</span> <span class='ocrx_word' id='word_1_77' title='bbox 1081 1899 1201 1971; x_wconf 82' lang='lat' dir='ltr'>oblatio</span> <span class='ocrx_word' id='word_1_78' title='bbox 1231 1903 1414 1973; x_wconf 78' lang='lat' dir='ltr'>munerum</span> <span class='ocrx_word' id='word_1_79' title='bbox 1439 1919 1498 1995; x_wconf 72' lang='lat' dir='ltr'>pra</span> 
     </span>
    </p>

    <p class='ocr_par' dir='ltr' id='par_1_5' title="bbox 303 1995 1497 2094">
     <span class='ocr_line' id='line_1_11' title="bbox 303 1995 1497 2094; baseline -0.003 -22"><span class='ocrx_word' id='word_1_80' title='bbox 303 1997 459 2094; x_wconf 67' lang='lat' dir='ltr'>ficariis,</span> <span class='ocrx_word' id='word_1_81' title='bbox 493 2017 573 2067; x_wconf 84' lang='lat' dir='ltr'>cum</span> <span class='ocrx_word' id='word_1_82' title='bbox 589 1996 667 2065; x_wconf 88' lang='lat' dir='ltr'>illae</span> <span class='ocrx_word' id='word_1_83' title='bbox 691 1995 887 2067; x_wconf 84' lang='lat' dir='ltr'>oblationes</span> <span class='ocrx_word' id='word_1_84' title='bbox 901 1995 1032 2068; x_wconf 85' lang='lat' dir='ltr'>fuerint</span> <span class='ocrx_word' id='word_1_85' title='bbox 1049 2017 1193 2069; x_wconf 84' lang='lat' dir='ltr'>munera</span> <span class='ocrx_word' id='word_1_86' title='bbox 1217 2014 1254 2067; x_wconf 92' lang='lat' dir='ltr'>et</span> <span class='ocrx_word' id='word_1_87' title='bbox 1272 1995 1366 2070; x_wconf 89' lang='lat' dir='ltr'>dona</span> <span class='ocrx_word' id='word_1_88' title='bbox 1383 2002 1497 2069; x_wconf 85' lang='lat' dir='ltr'>nomi·</span> 
     </span>
    </p>
   </div>
   <div class='ocr_carea' id='block_1_5' title="bbox 274 2088 1620 2200">
    <p class='ocr_par' dir='ltr' id='par_1_6' title="bbox 274 2088 1620 2200">
     <span class='ocr_line' id='line_1_12' title="bbox 274 2088 1620 2200; baseline 0.001 -35"><span class='ocrx_word' id='word_1_89' title='bbox 274 2105 324 2174; x_wconf 74' lang='lat' dir='ltr'>ne</span> <span class='ocrx_word' id='word_1_90' title='bbox 340 2089 588 2165; x_wconf 68' lang='lat' dir='ltr'>defundimum</span> <span class='ocrx_word' id='word_1_91' title='bbox 607 2088 780 2163; x_wconf 80' lang='lat' dir='ltr'>Ecclesiae</span> <span class='ocrx_word' id='word_1_92' title='bbox 797 2091 934 2164; x_wconf 86' lang='lat' dir='ltr'>tradita.</span> <span class='ocrx_word' id='word_1_93' title='bbox 982 2094 1040 2164; x_wconf 89' lang='lat' dir='ltr'>De</span> <span class='ocrx_word' id='word_1_94' title='bbox 1057 2114 1127 2185; x_wconf 87' lang='lat' dir='ltr'>quo</span> <span class='ocrx_word' id='word_1_95' title='bbox 1150 2089 1252 2186; x_wconf 86' lang='lat' dir='ltr'>supra</span> <span class='ocrx_word' id='word_1_96' title='bbox 1270 2090 1339 2190; x_wconf 85' lang='lat' dir='ltr'>egi.</span> <span class='ocrx_word' id='word_1_97' title='bbox 1389 2094 1498 2200; x_wconf 83' lang='lat' dir='ltr'>Quod</span> <span class='ocrx_word' id='word_1_98' title='bbox 1614 2130 1620 2140; x_wconf 94' lang='lat'><strong>·</strong></span> 
     </span>
    </p>
   </div>
   <div class='ocr_carea' id='block_1_6' title="bbox 267 2183 1500 4573">
    <p class='ocr_par' dir='ltr' id='par_1_7' title="bbox 271 2183 1499 2664">
     <span class='ocr_line' id='line_1_13' title="bbox 271 2183 1499 2282; baseline 0.002 -21"><span class='ocrx_word' id='word_1_99' title='bbox 271 2183 369 2281; x_wconf 78' lang='lat' dir='ltr'>&#39;vero</span> <span class='ocrx_word' id='word_1_100' title='bbox 394 2187 496 2261; x_wconf 68' lang='lat' dir='ltr'>Tert,</span> <span class='ocrx_word' id='word_1_101' title='bbox 521 2186 675 2282; x_wconf 81' lang='lat' dir='ltr'>Apolog.</span> <span class='ocrx_word' id='word_1_102' title='bbox 702 2208 733 2259; x_wconf 88' lang='lat' dir='ltr'>c.</span> <span class='ocrx_word' id='word_1_103' title='bbox 761 2207 817 2278; x_wconf 84' lang='lat'>39.</span> <span class='ocrx_word' id='word_1_104' title='bbox 846 2187 970 2274; x_wconf 87' lang='lat' dir='ltr'>tradit,</span> <span class='ocrx_word' id='word_1_105' title='bbox 1005 2184 1219 2259; x_wconf 84' lang='lat' dir='ltr'>Christianos</span> <span class='ocrx_word' id='word_1_106' title='bbox 1242 2185 1416 2261; x_wconf 87' lang='lat' dir='ltr'>menstma</span> <span class='ocrx_word' id='word_1_107' title='bbox 1440 2190 1499 2264; x_wconf 81' lang='lat' dir='ltr'>die</span> 
     </span>
     <span class='ocr_line' id='line_1_14' title="bbox 272 2281 1497 2390; baseline -0.002 -30"><span class='ocrx_word' id='word_1_108' title='bbox 272 2288 433 2360; x_wconf 76' lang='lat' dir='ltr'>ineditam</span> <span class='ocrx_word' id='word_1_109' title='bbox 449 2282 599 2386; x_wconf 66' lang='lat' dir='ltr'>singular</span> <span class='ocrx_word' id='word_1_110' title='bbox 612 2281 731 2376; x_wconf 76' lang='lat' dir='ltr'>stipam</span> <span class='ocrx_word' id='word_1_111' title='bbox 741 2283 915 2390; x_wconf 79' lang='lat' dir='ltr'><em>adponere,</em></span> <span class='ocrx_word' id='word_1_112' title='bbox 938 2305 1019 2377; x_wconf 81' lang='lat' dir='ltr'>qaae</span> <span class='ocrx_word' id='word_1_113' title='bbox 1035 2285 1117 2354; x_wconf 85' lang='lat' dir='ltr'>dona</span> <span class='ocrx_word' id='word_1_114' title='bbox 1135 2293 1168 2352; x_wconf 84' lang='lat' dir='ltr'>in</span> <span class='ocrx_word' id='word_1_115' title='bbox 1173 2281 1292 2375; x_wconf 85' lang='lat' dir='ltr'>sacros</span> <span class='ocrx_word' id='word_1_116' title='bbox 1309 2284 1385 2377; x_wconf 85' lang='lat' dir='ltr'><em>usus</em></span> <span class='ocrx_word' id='word_1_117' title='bbox 1402 2301 1497 2357; x_wconf 82' lang='lat' dir='ltr'>erant</span> 
     </span>
     <span class='ocr_line' id='line_1_15' title="bbox 273 2375 1497 2475; baseline -0.004 -19"><span class='ocrx_word' id='word_1_118' title='bbox 273 2378 540 2464; x_wconf 68' lang='lat' dir='ltr'>convertenda,</span> <span class='ocrx_word' id='word_1_119' title='bbox 569 2375 703 2450; x_wconf 71' lang='lat' dir='ltr'>diredle</span> <span class='ocrx_word' id='word_1_120' title='bbox 732 2377 873 2471; x_wconf 84' lang='lat' dir='ltr'>quidem</span> <span class='ocrx_word' id='word_1_121' title='bbox 905 2378 947 2449; x_wconf 88' lang='lat' dir='ltr'>ad</span> <span class='ocrx_word' id='word_1_122' title='bbox 971 2378 1033 2452; x_wconf 88' lang='lat' dir='ltr'>has</span> <span class='ocrx_word' id='word_1_123' title='bbox 1065 2377 1260 2450; x_wconf 77' lang='lat' dir='ltr'>oblationes</span> <span class='ocrx_word' id='word_1_124' title='bbox 1291 2400 1362 2449; x_wconf 86' lang='lat' dir='ltr'>non</span> <span class='ocrx_word' id='word_1_125' title='bbox 1381 2381 1497 2475; x_wconf 81' lang='lat' dir='ltr'>perti-</span> 
     </span>
     <span class='ocr_line' id='line_1_16' title="bbox 271 2470 1495 2569; baseline -0.004 -16"><span class='ocrx_word' id='word_1_126' title='bbox 271 2485 363 2565; x_wconf 66' lang='lat' dir='ltr'>net,</span> <span class='ocrx_word' id='word_1_127' title='bbox 379 2483 426 2547; x_wconf 81' lang='lat' dir='ltr'>&#39;tit</span> <span class='ocrx_word' id='word_1_128' title='bbox 448 2495 495 2545; x_wconf 85' lang='lat' dir='ltr'>err</span> <span class='ocrx_word' id='word_1_129' title='bbox 517 2470 602 2568; x_wconf 63' lang='lat' dir='ltr'>Just„</span> <span class='ocrx_word' id='word_1_130' title='bbox 629 2473 739 2545; x_wconf 78' lang='lat' dir='ltr'>Mart</span> <span class='ocrx_word' id='word_1_131' title='bbox 766 2473 856 2567; x_wconf 87' lang='lat' dir='ltr'>apol.</span> <span class='ocrx_word' id='word_1_132' title='bbox 883 2472 929 2546; x_wconf 91' lang='lat' dir='ltr'>ll.</span> <span class='ocrx_word' id='word_1_133' title='bbox 955 2471 986 2569; x_wconf 63' lang='lat' dir='ltr'>l.</span> <span class='ocrx_word' id='word_1_134' title='bbox 1013 2481 1074 2552; x_wconf 79' lang='lat'>88.</span> <span class='ocrx_word' id='word_1_135' title='bbox 1102 2491 1221 2567; x_wconf 88' lang='lat' dir='ltr'>patet,</span> <span class='ocrx_word' id='word_1_136' title='bbox 1254 2489 1408 2546; x_wconf 87' lang='lat' dir='ltr'>attamen</span> <span class='ocrx_word' id='word_1_137' title='bbox 1432 2477 1495 2548; x_wconf 86' lang='lat' dir='ltr'>¹sub</span> 
     </span>
     <span class='ocr_line' id='line_1_17' title="bbox 418 2565 1495 2664; baseline 0.005 -24"><span class='ocrx_word' id='word_1_138' title='bbox 418 2569 427 2584; x_wconf 88' lang='lat'><strong>&#39;</strong></span> <span class='ocrx_word' id='word_1_139' title='bbox 455 2568 518 2641; x_wconf 90' lang='lat' dir='ltr'>illo</span> <span class='ocrx_word' id='word_1_140' title='bbox 550 2568 693 2640; x_wconf 86' lang='lat' dir='ltr'>nomine</span> <span class='ocrx_word' id='word_1_141' title='bbox 718 2565 973 2661; x_wconf 83' lang='lat' dir='ltr'>comprehendi</span> <span class='ocrx_word' id='word_1_142' title='bbox 1005 2568 1159 2664; x_wconf 80' lang='lat' dir='ltr'>polluat.</span> <span class='ocrx_word' id='word_1_143' title='bbox 1208 2567 1341 2642; x_wconf 90' lang='lat' dir='ltr'>Desmo</span> <span class='ocrx_word' id='word_1_144' title='bbox 1368 2569 1405 2643; x_wconf 85' lang='lat' dir='ltr'>i&#39;n</span> <span class='ocrx_word' id='word_1_145' title='bbox 1431 2574 1495 2644; x_wconf 58' lang='lat' dir='ltr'>Cas</span> 
     </span>
    </p>

    <p class='ocr_par' dir='ltr' id='par_1_8' title="bbox 267 2661 1500 4573">
     <span class='ocr_line' id='line_1_18' title="bbox 268 2661 1494 2767; baseline -0.001 -27"><span class='ocrx_word' id='word_1_146' title='bbox 268 2677 361 2746; x_wconf 72' lang='lat' dir='ltr'>lion.</span> <span class='ocrx_word' id='word_1_147' title='bbox 389 2661 512 2761; x_wconf 70' lang='lat' dir='ltr'>apost.</span> <span class='ocrx_word' id='word_1_148' title='bbox 533 2686 565 2756; x_wconf 84' lang='lat'>3.</span> <span class='ocrx_word' id='word_1_149' title='bbox 590 2684 628 2735; x_wconf 85' lang='lat' dir='ltr'>et</span> <span class='ocrx_word' id='word_1_150' title='bbox 643 2680 722 2755; x_wconf 86' lang='lat' dir='ltr'>4to,</span> <span class='ocrx_word' id='word_1_151' title='bbox 749 2664 843 2735; x_wconf 84' lang='lat' dir='ltr'>unde</span> <span class='ocrx_word' id='word_1_152' title='bbox 860 2664 1055 2738; x_wconf 86' lang='lat' dir='ltr'>oblationes</span> <span class='ocrx_word' id='word_1_153' title='bbox 1071 2664 1148 2737; x_wconf 90' lang='lat' dir='ltr'>illae</span> <span class='ocrx_word' id='word_1_154' title='bbox 1167 2687 1236 2738; x_wconf 85' lang='lat' dir='ltr'>non</span> <span class='ocrx_word' id='word_1_155' title='bbox 1256 2683 1389 2738; x_wconf 86' lang='lat' dir='ltr'>tantum</span> <span class='ocrx_word' id='word_1_156' title='bbox 1407 2679 1494 2767; x_wconf 79' lang='lat' dir='ltr'>cog·¹</span> 
     </span>
     <span class='ocr_line' id='line_1_19' title="bbox 267 2757 1497 2859; baseline -0.001 -21"><span class='ocrx_word' id='word_1_157' title='bbox 267 2764 485 2849; x_wconf 77' lang='lat' dir='ltr'>noscuntur,</span> <span class='ocrx_word' id='word_1_158' title='bbox 523 2759 580 2832; x_wconf 89' lang='lat' dir='ltr'>sed</span> <span class='ocrx_word' id='word_1_159' title='bbox 606 2779 644 2832; x_wconf 91' lang='lat' dir='ltr'>et</span> <span class='ocrx_word' id='word_1_160' title='bbox 665 2780 784 2832; x_wconf 88' lang='lat' dir='ltr'>earum</span> <span class='ocrx_word' id='word_1_161' title='bbox 818 2757 999 2834; x_wconf 63' lang='lat' dir='ltr'>distinctio</span> <span class='ocrx_word' id='word_1_162' title='bbox 1027 2760 1063 2834; x_wconf 90' lang='lat' dir='ltr'>in</span> <span class='ocrx_word' id='word_1_163' title='bbox 1088 2783 1163 2851; x_wconf 84' lang='lat' dir='ltr'>ear,</span> <span class='ocrx_word' id='word_1_164' title='bbox 1205 2784 1293 2859; x_wconf 90' lang='lat' dir='ltr'>quae</span> <span class='ocrx_word' id='word_1_165' title='bbox 1316 2761 1358 2834; x_wconf 91' lang='lat' dir='ltr'>ad</span> <span class='ocrx_word' id='word_1_166' title='bbox 1390 2765 1497 2849; x_wconf 82' lang='lat' dir='ltr'>altare</span> 
     </span>
     <span class='ocr_line' id='line_1_20' title="bbox 267 2854 1492 2954; baseline -0.002 -19"><span class='ocrx_word' id='word_1_167' title='bbox 267 2858 543 2944; x_wconf 81' lang='lat' dir='ltr'>deferebantur,</span> <span class='ocrx_word' id='word_1_168' title='bbox 568 2873 606 2927; x_wconf 91' lang='lat' dir='ltr'>et</span> <span class='ocrx_word' id='word_1_169' title='bbox 622 2876 709 2950; x_wconf 88' lang='lat' dir='ltr'>quae</span> <span class='ocrx_word' id='word_1_170' title='bbox 726 2855 763 2926; x_wconf 90' lang='lat' dir='ltr'>in</span> <span class='ocrx_word' id='word_1_171' title='bbox 787 2854 863 2926; x_wconf 82' lang='lat' dir='ltr'>usur</span> <span class='ocrx_word' id='word_1_172' title='bbox 882 2854 995 2928; x_wconf 85' lang='lat' dir='ltr'>sacros</span> <span class='ocrx_word' id='word_1_173' title='bbox 1021 2856 1057 2928; x_wconf 89' lang='lat' dir='ltr'>in</span> <span class='ocrx_word' id='word_1_174' title='bbox 1076 2879 1207 2954; x_wconf 83' lang='lat' dir='ltr'>genere</span> <span class='ocrx_word' id='word_1_175' title='bbox 1225 2856 1492 2934; x_wconf 82' lang='lat' dir='ltr'>adhibebantur.</span> 
     </span>
     <span class='ocr_line' id='line_1_21' title="bbox 270 2946 1493 3049; baseline 0.002 -25"><span class='ocrx_word' id='word_1_176' title='bbox 270 2952 493 3049; x_wconf 60' lang='lat' dir='ltr'>Dcffmtar</span> <span class='ocrx_word' id='word_1_177' title='bbox 527 2973 665 3046; x_wconf 83' lang='lat' dir='ltr'>quoque</span> <span class='ocrx_word' id='word_1_178' title='bbox 694 2949 764 3039; x_wconf 90' lang='lat' dir='ltr'>ibi,</span> <span class='ocrx_word' id='word_1_179' title='bbox 804 2946 979 3045; x_wconf 80' lang='lat' dir='ltr'>primitias</span> <span class='ocrx_word' id='word_1_180' title='bbox 1009 2974 1081 3023; x_wconf 88' lang='lat' dir='ltr'>non</span> <span class='ocrx_word' id='word_1_181' title='bbox 1107 2951 1151 3023; x_wconf 86' lang='lat' dir='ltr'>-in</span> <span class='ocrx_word' id='word_1_182' title='bbox 1184 2950 1392 3038; x_wconf 81' lang='lat' dir='ltr'>Ecclesiam,</span> <span class='ocrx_word' id='word_1_183' title='bbox 1433 2955 1493 3026; x_wconf 84' lang='lat' dir='ltr'>led</span> 
     </span>
     <span class='ocr_line' id='line_1_22' title="bbox 270 3044 1493 3149; baseline -0.002 -26"><span class='ocrx_word' id='word_1_184' title='bbox 270 3047 445 3149; x_wconf 72' lang='lat' dir='ltr'>Episcopi</span> <span class='ocrx_word' id='word_1_185' title='bbox 463 3047 628 3133; x_wconf 92' lang='lat' dir='ltr'>domum,</span> <span class='ocrx_word' id='word_1_186' title='bbox 648 3044 722 3119; x_wconf 81' lang='lat' dir='ltr'>elle</span> <span class='ocrx_word' id='word_1_187' title='bbox 738 3044 1009 3119; x_wconf 76' lang='lat' dir='ltr'>transferendas-t</span> <span class='ocrx_word' id='word_1_188' title='bbox 1035 3047 1127 3138; x_wconf 91' lang='lat' dir='ltr'>quod</span> <span class='ocrx_word' id='word_1_189' title='bbox 1145 3067 1276 3116; x_wconf 87' lang='lat' dir='ltr'>novum</span> <span class='ocrx_word' id='word_1_190' title='bbox 1296 3063 1371 3117; x_wconf 87' lang='lat' dir='ltr'>erat</span> <span class='ocrx_word' id='word_1_191' title='bbox 1382 3100 1393 3135; x_wconf 91' lang='lat'>,</span> <span class='ocrx_word' id='word_1_192' title='bbox 1418 3048 1493 3121; x_wconf 80' lang='lat' dir='ltr'>lre·¹</span> 
     </span>
     <span class='ocr_line' id='line_1_23' title="bbox 273 3138 1493 3238; baseline -0.003 -20"><span class='ocrx_word' id='word_1_193' title='bbox 273 3145 356 3235; x_wconf 75' lang='lat' dir='ltr'>narei</span> <span class='ocrx_word' id='word_1_194' title='bbox 382 3154 543 3237; x_wconf 87' lang='lat' dir='ltr'>tempore</span> <span class='ocrx_word' id='word_1_195' title='bbox 571 3142 728 3215; x_wconf 79' lang='lat' dir='ltr'>nondum</span> <span class='ocrx_word' id='word_1_196' title='bbox 746 3139 790 3213; x_wconf 84' lang='lat' dir='ltr'>in</span> <span class='ocrx_word' id='word_1_197' title='bbox 813 3141 894 3229; x_wconf 85' lang='lat' dir='ltr'>usu,</span> <span class='ocrx_word' id='word_1_198' title='bbox 929 3140 1064 3238; x_wconf 81' lang='lat' dir='ltr'>quippe</span> <span class='ocrx_word' id='word_1_199' title='bbox 1090 3138 1149 3236; x_wconf 89' lang='lat' dir='ltr'>qui</span> <span class='ocrx_word' id='word_1_200' title='bbox 1175 3141 1196 3214; x_wconf 93' lang='lat' dir='ltr'>l.</span> <span class='ocrx_word' id='word_1_201' title='bbox 1221 3162 1252 3212; x_wconf 86' lang='lat' dir='ltr'>c.</span> <span class='ocrx_word' id='word_1_202' title='bbox 1278 3139 1409 3229; x_wconf 80' lang='lat' dir='ltr'>refert,</span> <span class='ocrx_word' id='word_1_203' title='bbox 1434 3148 1493 3214; x_wconf 79' lang='lat' dir='ltr'>eat</span> 
     </span>
     <span class='ocr_line' id='line_1_24' title="bbox 271 3234 1489 3320; baseline -0.009 -5"><span class='ocrx_word' id='word_1_204' title='bbox 271 3244 359 3320; x_wconf 83' lang='lat' dir='ltr'>Deo</span> <span class='ocrx_word' id='word_1_205' title='bbox 385 3241 424 3314; x_wconf 91' lang='lat' dir='ltr'>in</span> <span class='ocrx_word' id='word_1_206' title='bbox 447 3237 542 3311; x_wconf 87' lang='lat' dir='ltr'>altari</span> <span class='ocrx_word' id='word_1_207' title='bbox 571 3237 640 3311; x_wconf 84' lang='lat' dir='ltr'>elle</span> <span class='ocrx_word' id='word_1_208' title='bbox 663 3234 868 3309; x_wconf 81' lang='lat' dir='ltr'>offerendas.</span> <span class='ocrx_word' id='word_1_209' title='bbox 1485 3283 1489 3291; x_wconf 84' lang='lat'><em>-</em></span> 
     </span>
     <span class='ocr_line' id='line_1_25' title="bbox 276 3328 1492 3439; baseline -0.002 -30"><span class='ocrx_word' id='word_1_210' title='bbox 276 3328 355 3439; x_wconf 74' lang='lat'><strong>&#39;&#39;&#39;§.</strong></span> <span class='ocrx_word' id='word_1_211' title='bbox 379 3335 478 3409; x_wconf 76' lang='lat' dir='ltr'>clv.</span> <span class='ocrx_word' id='word_1_212' title='bbox 520 3333 621 3407; x_wconf 81' lang='lat' dir='ltr'>Alter</span> <span class='ocrx_word' id='word_1_213' title='bbox 643 3331 739 3406; x_wconf 69' lang='lat' dir='ltr'>acius</span> <span class='ocrx_word' id='word_1_214' title='bbox 809 3328 981 3403; x_wconf 73' lang='lat' dir='ltr'>aecedena</span> <span class='ocrx_word' id='word_1_215' title='bbox 1011 3328 1079 3402; x_wconf 83' lang='lat' dir='ltr'>firit</span> <span class='ocrx_word' id='word_1_216' title='bbox 1104 3330 1382 3420; x_wconf 67' lang='lat' dir='ltr'>confhcrationisr</span> <span class='ocrx_word' id='word_1_217' title='bbox 1421 3357 1492 3432; x_wconf 85' lang='lat' dir='ltr'>quo</span> 
     </span>
     <span class='ocr_line' id='line_1_26' title="bbox 271 3425 1489 3538; baseline 0.002 -33"><span class='ocrx_word' id='word_1_218' title='bbox 271 3429 515 3538; x_wconf 73' lang='lat' dir='ltr'>&#39;nominejam</span> <span class='ocrx_word' id='word_1_219' title='bbox 538 3428 639 3500; x_wconf 88' lang='lat' dir='ltr'>venit</span> <span class='ocrx_word' id='word_1_220' title='bbox 659 3429 729 3502; x_wconf 85' lang='lat' dir='ltr'>hoc</span> <span class='ocrx_word' id='word_1_221' title='bbox 769 3448 843 3515; x_wconf 87' lang='lat' dir='ltr'>ec.,</span> <span class='ocrx_word' id='word_1_222' title='bbox 870 3425 966 3499; x_wconf 85' lang='lat' dir='ltr'>secus</span> <span class='ocrx_word' id='word_1_223' title='bbox 980 3450 1022 3499; x_wconf 91' lang='lat' dir='ltr'>ac</span> <span class='ocrx_word' id='word_1_224' title='bbox 1039 3428 1236 3516; x_wconf 78' lang='lat' dir='ltr'>Salmasius,</span> <span class='ocrx_word' id='word_1_225' title='bbox 1264 3432 1322 3503; x_wconf 91' lang='lat' dir='ltr'>sub</span> <span class='ocrx_word' id='word_1_226' title='bbox 1343 3434 1489 3508; x_wconf 79' lang='lat' dir='ltr'>nomine</span> 
     </span>
     <span class='ocr_line' id='line_1_27' title="bbox 273 3521 1490 3625; baseline 0.002 -23"><span class='ocrx_word' id='word_1_227' title='bbox 273 3525 455 3625; x_wconf 80' lang='lat' dir='ltr'>Simplicii</span> <span class='ocrx_word' id='word_1_228' title='bbox 479 3524 629 3610; x_wconf 90' lang='lat' dir='ltr'>Verini,</span> <span class='ocrx_word' id='word_1_229' title='bbox 671 3524 715 3596; x_wconf 88' lang='lat' dir='ltr'>de</span> <span class='ocrx_word' id='word_1_230' title='bbox 745 3521 945 3595; x_wconf 84' lang='lat' dir='ltr'>Transubst.</span> <span class='ocrx_word' id='word_1_231' title='bbox 978 3523 1137 3616; x_wconf 85' lang='lat' dir='ltr'>putavit,</span> <span class='ocrx_word' id='word_1_232' title='bbox 1180 3524 1397 3598; x_wconf 85' lang='lat' dir='ltr'>contendens</span> <span class='ocrx_word' id='word_1_233' title='bbox 1424 3528 1490 3605; x_wconf 83' lang='lat' dir='ltr'>lec.</span> 
     </span>
     <span class='ocr_line' id='line_1_28' title="bbox 273 3616 1489 3729; baseline -0.005 -27"><span class='ocrx_word' id='word_1_234' title='bbox 273 3628 370 3702; x_wconf 72' lang='lat' dir='ltr'>tho</span> <span class='ocrx_word' id='word_1_235' title='bbox 404 3622 544 3694; x_wconf 86' lang='lat' dir='ltr'>demum</span> <span class='ocrx_word' id='word_1_236' title='bbox 576 3620 657 3692; x_wconf 89' lang='lat' dir='ltr'>illud</span> <span class='ocrx_word' id='word_1_237' title='bbox 686 3616 886 3725; x_wconf 68' lang='lat' dir='ltr'>innotatille.</span> <span class='ocrx_word' id='word_1_238' title='bbox 910 3652 923 3729; x_wconf 86' lang='lat'>.&#39;</span> <span class='ocrx_word' id='word_1_239' title='bbox 940 3617 1043 3727; x_wconf 62' lang='lat' dir='ltr'>‘lert</span> <span class='ocrx_word' id='word_1_240' title='bbox 1068 3639 1162 3691; x_wconf 82' lang='lat' dir='ltr'>conr.</span> <span class='ocrx_word' id='word_1_241' title='bbox 1188 3621 1308 3692; x_wconf 77' lang='lat' dir='ltr'>Marc:</span> <span class='ocrx_word' id='word_1_242' title='bbox 1333 3618 1489 3714; x_wconf 62' lang='lat' dir='ltr'>Illa-402</span> 
     </span>
     <span class='ocr_line' id='line_1_29' title="bbox 268 3711 1392 3906; baseline -0.004 -17"><span class='ocrx_word' id='word_1_243' title='bbox 268 3716 619 3905; x_wconf 59' lang='lat' dir='ltr'>ltll‘llllr</span> <span class='ocrx_word' id='word_1_244' title='bbox 647 3711 1013 3904; x_wconf 53' lang='lat' dir='ltr'>{laetalia</span> <span class='ocrx_word' id='word_1_245' title='bbox 1031 3717 1492 3906; x_wconf 61' lang='lat' dir='ltr'>attritam</span> 
     </span>
     <span class='ocr_line' id='line_1_30' title="bbox 279 3906 1495 4005; baseline 0.001 -23"><span class='ocrx_word' id='word_1_246' title='bbox 279 3917 341 4003; x_wconf 61' lang='lat' dir='ltr'>tait.</span> <span class='ocrx_word' id='word_1_247' title='bbox 369 3906 450 4005; x_wconf 82' lang='lat' dir='ltr'>Just.</span> <span class='ocrx_word' id='word_1_248' title='bbox 479 3909 534 3980; x_wconf 93' lang='lat' dir='ltr'>M.</span> <span class='ocrx_word' id='word_1_249' title='bbox 567 3931 654 3981; x_wconf 88' lang='lat' dir='ltr'>vero</span> <span class='ocrx_word' id='word_1_250' title='bbox 678 3907 783 4002; x_wconf 78' lang='lat' dir='ltr'>Apol.</span> <span class='ocrx_word' id='word_1_251' title='bbox 814 3906 859 3977; x_wconf 91' lang='lat' dir='ltr'>Il.</span> <span class='ocrx_word' id='word_1_252' title='bbox 891 3926 924 3977; x_wconf 86' lang='lat' dir='ltr'>e.</span> <span class='ocrx_word' id='word_1_253' title='bbox 960 3913 1017 3993; x_wconf 89' lang='lat'>85.</span> <span class='ocrx_word' id='word_1_254' title='bbox 1055 3914 1225 4004; x_wconf 67' lang='grc' dir='ltr'>ἐυχαςιςίαν</span> <span class='ocrx_word' id='word_1_255' title='bbox 1252 3906 1495 4003; x_wconf 63' lang='lat' dir='ltr'>Eucharistiae</span> 
     </span>
     <span class='ocr_line' id='line_1_31' title="bbox 278 4004 1492 4103; baseline -0.007 -25"><span class='ocrx_word' id='word_1_256' title='bbox 278 4004 490 4103; x_wconf 78' lang='lat' dir='ltr'>adpellavit,</span> <span class='ocrx_word' id='word_1_257' title='bbox 534 4024 571 4075; x_wconf 90' lang='lat' dir='ltr'>et</span> <span class='ocrx_word' id='word_1_258' title='bbox 598 4026 723 4098; x_wconf 84' lang='lat' dir='ltr'>panem</span> <span class='ocrx_word' id='word_1_259' title='bbox 758 4007 1001 4096; x_wconf 58' lang='grc' dir='ltr'>ὶνχαριςηειντι</span> <span class='ocrx_word' id='word_1_260' title='bbox 1028 4009 1210 4095; x_wconf 78' lang='lat' dir='ltr'>gratiarum</span> <span class='ocrx_word' id='word_1_261' title='bbox 1242 4004 1362 4074; x_wconf 76' lang='lat' dir='ltr'>alliena</span> <span class='ocrx_word' id='word_1_262' title='bbox 1387 4006 1492 4099; x_wconf 76' lang='lat' dir='ltr'>conse.</span> 
     </span>
     <span class='ocr_line' id='line_1_32' title="bbox 272 4097 1493 4187; baseline -0.005 -8"><span class='ocrx_word' id='word_1_263' title='bbox 272 4120 420 4179; x_wconf 62' lang='lat' dir='ltr'>atatam.</span> <span class='ocrx_word' id='word_1_264' title='bbox 464 4098 568 4172; x_wconf 78' lang='lat' dir='ltr'>&#39;Panis</span> <span class='ocrx_word' id='word_1_265' title='bbox 591 4122 679 4172; x_wconf 87' lang='lat' dir='ltr'>vero</span> <span class='ocrx_word' id='word_1_266' title='bbox 701 4117 742 4170; x_wconf 89' lang='lat' dir='ltr'>et</span> <span class='ocrx_word' id='word_1_267' title='bbox 768 4100 891 4170; x_wconf 88' lang='lat' dir='ltr'>vinum</span> <span class='ocrx_word' id='word_1_268' title='bbox 916 4098 986 4169; x_wconf 88' lang='lat' dir='ltr'>hoc</span> <span class='ocrx_word' id='word_1_269' title='bbox 1011 4097 1254 4173; x_wconf 73' lang='lat' dir='ltr'>atluluerunt</span> <span class='ocrx_word' id='word_1_270' title='bbox 1278 4102 1493 4187; x_wconf 86' lang='lat' dir='ltr'>acommuni</span> 
     </span>
     <span class='ocr_line' id='line_1_33' title="bbox 281 4192 1491 4290; baseline -0.007 -16"><span class='ocrx_word' id='word_1_271' title='bbox 281 4201 341 4274; x_wconf 79' lang='lat' dir='ltr'>talu</span> <span class='ocrx_word' id='word_1_272' title='bbox 375 4194 548 4290; x_wconf 77' lang='lat' dir='ltr'>sejuntta,</span> <span class='ocrx_word' id='word_1_273' title='bbox 582 4215 620 4267; x_wconf 90' lang='lat' dir='ltr'>et</span> <span class='ocrx_word' id='word_1_274' title='bbox 637 4195 673 4266; x_wconf 91' lang='lat' dir='ltr'>in</span> <span class='ocrx_word' id='word_1_275' title='bbox 691 4194 823 4267; x_wconf 88' lang='lat' dir='ltr'>sacrum</span> <span class='ocrx_word' id='word_1_276' title='bbox 843 4192 1075 4279; x_wconf 58' lang='lat' dir='ltr'>santificata,</span> <span class='ocrx_word' id='word_1_277' title='bbox 1118 4195 1167 4269; x_wconf 91' lang='lat' dir='ltr'>ita</span> <span class='ocrx_word' id='word_1_278' title='bbox 1200 4213 1239 4268; x_wconf 90' lang='lat' dir='ltr'>ut</span> <span class='ocrx_word' id='word_1_279' title='bbox 1269 4215 1335 4289; x_wconf 89' lang='lat' dir='ltr'>pro</span> <span class='ocrx_word' id='word_1_280' title='bbox 1366 4206 1491 4286; x_wconf 72' lang='lat' dir='ltr'>corpora</span> 
     </span>
     <span class='ocr_line' id='line_1_34' title="bbox 283 4288 1494 4388; baseline -0.006 -20"><span class='ocrx_word' id='word_1_281' title='bbox 283 4312 316 4368; x_wconf 74' lang='lat' dir='ltr'>rt</span> <span class='ocrx_word' id='word_1_282' title='bbox 353 4296 495 4388; x_wconf 67' lang='lat' dir='ltr'>anguine</span> <span class='ocrx_word' id='word_1_283' title='bbox 522 4290 667 4363; x_wconf 82' lang='lat' dir='ltr'>Dmmirri</span> <span class='ocrx_word' id='word_1_284' title='bbox 703 4289 834 4362; x_wconf 81' lang='lat' dir='ltr'>fuerint</span> <span class='ocrx_word' id='word_1_285' title='bbox 859 4289 986 4364; x_wconf 84' lang='lat' dir='ltr'>habita.</span> <span class='ocrx_word' id='word_1_286' title='bbox 1037 4288 1161 4363; x_wconf 80' lang='lat' dir='ltr'>Flebat</span> <span class='ocrx_word' id='word_1_287' title='bbox 1185 4307 1309 4363; x_wconf 80' lang='lat' dir='ltr'>autem</span> <span class='ocrx_word' id='word_1_288' title='bbox 1332 4302 1494 4383; x_wconf 81' lang='lat' dir='ltr'>notr=pet</span> 
     </span>
     <span class='ocr_line' id='line_1_35' title="bbox 284 4384 1494 4491; baseline -0.006 -27"><span class='ocrx_word' id='word_1_289' title='bbox 284 4402 439 4491; x_wconf 74' lang='lat' dir='ltr'>&#39;qumque</span> <span class='ocrx_word' id='word_1_290' title='bbox 471 4388 528 4473; x_wconf 84' lang='lat' dir='ltr'>illa</span> <span class='ocrx_word' id='word_1_291' title='bbox 550 4390 658 4466; x_wconf 78' lang='lat' dir='ltr'>&#39;rerba</span> <span class='ocrx_word' id='word_1_292' title='bbox 684 4385 842 4475; x_wconf 74' lang='lat' dir='ltr'>christi,</span> <span class='ocrx_word' id='word_1_293' title='bbox 883 4385 939 4455; x_wconf 80' lang='lat' dir='ltr'>ltat</span> <span class='ocrx_word' id='word_1_294' title='bbox 965 4389 1051 4462; x_wconf 76' lang='lat' dir='ltr'>mim</span> <span class='ocrx_word' id='word_1_295' title='bbox 1070 4384 1130 4488; x_wconf 72' lang='lat' dir='ltr'>-ess</span> <span class='ocrx_word' id='word_1_296' title='bbox 1153 4406 1264 4484; x_wconf 66' lang='lat' dir='ltr'>rapas</span> <span class='ocrx_word' id='word_1_297' title='bbox 1286 4406 1414 4472; x_wconf 69' lang='lat' dir='ltr'>aarum,</span> <span class='ocrx_word' id='word_1_298' title='bbox 1453 4402 1494 4458; x_wconf 83' lang='lat' dir='ltr'>att</span> 
     </span>
     <span class='ocr_line' id='line_1_36' title="bbox 804 4480 1500 4573; baseline 0.004 -18"><span class='ocrx_word' id='word_1_299' title='bbox 804 4482 985 4573; x_wconf 81' lang='lat' dir='ltr'>Mmma</span> <span class='ocrx_word' id='word_1_300' title='bbox 1198 4489 1200 4492; x_wconf 83' lang='grc'><strong>’</strong></span> <span class='ocrx_word' id='word_1_301' title='bbox 1317 4480 1500 4565; x_wconf 83' lang='lat' dir='ltr'>Romano·</span> 
     </span>
    </p>
   </div>
   <div class='ocr_carea' id='block_1_7' title="bbox 1589 4546 1638 4834">
    <p class='ocr_par' dir='ltr' id='par_1_9' title="bbox 1589 4546 1638 4834">
     <span class='ocr_line' id='line_1_37' title="bbox 1589 4546 1638 4834; baseline 0 0"><span class='ocrx_word' id='word_1_302' title='bbox 1589 4546 1638 4834; x_wconf 86' lang='lat' dir='ltr'>l</span> 
     </span>
    </p>
   </div>
   <div class='ocr_carea' id='block_1_8' title="bbox 0 0 1810 5500">
    <p class='ocr_par' dir='ltr' id='par_1_10' title="bbox 0 0 1810 5500">
     <span class='ocr_line' id='line_1_38' title="bbox 0 0 1810 5500; baseline 0 0"><span class='ocrx_word' id='word_1_303' title='bbox 0 0 1810 5500; x_wconf 95' lang='lat' dir='ltr'> </span> 
     </span>
    </p>
   </div>
  </div>
 </body>
</html>
