3609 5500
815 997 924 1077 Steti.
948 993 981 1075 I.
1466 1027 1514 1111 ³²

292 1175 425 1278 optime
449 1195 489 1252 et
512 1177 619 1254 facile
644 1178 807 1255 emedio
829 1181 1015 1270 tollantur,
1051 1199 1081 1253 r.
1106 1177 1201 1255 enim
1226 1175 1312 1259 hinc
1335 1186 1432 1264 rene
1457 1192 1513 1267 in·

291 1277 479 1373 telligitur,
519 1274 697 1350 Christum
723 1283 857 1352 circiter
881 1301 929 1373 30
951 1298 1062 1362 annos
1087 1274 1258 1370 nabutte,
1298 1304 1378 1356 cum
1412 1310 1423 1359 1
1431 1305 1510 1376 stus

291 1371 431 1445 Tiberii
455 1373 641 1446 Procons.
667 1373 708 1447 stt
735 1395 852 1448 remur
874 1370 1049 1468 Augustei
1073 1370 1224 1469 inperii:
1259 1376 1341 1450 alias
1360 1381 1432 1472 jam
1459 1407 1502 1477 31

289 1489 360 1541 ann.
388 1486 494 1540 natus
527 1467 667 1544 fuiffet:
710 1469 769 1542 sed
791 1468 900 1543 modo
934 1468 1056 1541 notavi
1079 1468 1163 1542 illud
1194 1475 1262 1544 abd
1284 1475 1375 1568 quast
1396 1500 1507 1573 aeque

287 1565 358 1660 plur
380 1587 425 1637 ac
448 1562 566 1637 minas
592 1564 814 1662 exprimere,
837 1583 876 1638 et
898 1563 1121 1638 latitudinem
1144 1566 1343 1643 admittere.
1393 1594 1426 1646 2.
1444 1577 1505 1647 l'a·

288 1679 376 1733 trum
409 1658 578 1733 constans
608 1660 757 1734 traditio
792 1660 839 1734 de
872 1655 1014 1734 Christo
1051 1679 1192 1736 mortuo
1226 1663 1367 1738 Tiberii
1405 1676 1505 1759 1610,

286 1754 374 1833 eorl
401 1755 542 1829 duobus
564 1757 748 1847 Geminis,
784 1756 874 1830 sarta
899 1755 993 1831 tetta
1019 1775 1160 1846 manet3
1200 1782 1287 1857 quae
1315 1759 1398 1835 alias
1423 1763 1506 1838 falsa

284 1852 388 1928 iuret.
440 1852 513 1924 Sed
538 1852 595 1926 illa
616 1851 745 1927 nititur
767 1851 840 1926 hoc
872 1850 1124 1942 fundamento,
1155 1852 1330 1931 Christum
1355 1881 1420 1953 per
1445 1886 1506 1933 am

287 1969 358 2022 nant
381 1963 526 2021 tantum
550 1948 589 2021 in
612 1967 758 2023 munere
785 1944 910 2035 suilie3
947 1948 994 2021 de
1017 1971 1089 2045 quo
1112 1971 1219 2039 mor,
1250 1953 1408 2050 adeoque
1431 1977 1505 2030 non

285 2043 434 2141 requirit
456 2042 553 2117 aliud
576 2042 718 2119 Tiberii
745 2043 900 2119 initium.
951 2046 1119 2120 Ceterum
1143 2046 1354 2120 sententiam
1380 2049 1425 2123 de
1442 2074 1503 2125 an·

288 2141 342 2213 nir
370 2138 520 2213 Tiberii
554 2161 576 2214 a
606 2140 787 2215 Pro-cons.
830 2138 975 2235 inperio
1007 2140 1172 2235 petendis
1201 2143 1277 2240 jam
1309 2142 1506 2220 refutarunt

287 2234 484 2324 Petavius,
524 2236 613 2309 Busn
662 2236 714 2311 ‘ua
742 2235 780 2309 in
805 2235 903 2312 Ama
925 2236 998 2310 Pol.
1022 2237 1177 2330 Ecctet,
1210 2259 1248 2314 et
1281 2237 1434 2316 Mallon.
1468 2241 1506 2318 in

287 2329 376 2407 llill„
398 2328 495 2405 Crit.
521 2332 612 2429 reip.
669 2332 726 2405 itt.
750 2349 776 2406 t.
800 2332 882 2408 XII.
918 2413 921 2418 ,
1008 2401 1012 2414 .

324 2427 357 2527 §.
384 2426 523 2503 XXXI.
547 2431 607 2502 De
624 2427 792 2501 duratione
814 2426 912 2502 ritae
935 2426 1097 2523 publicae
1122 2448 1161 2503 et
1185 2435 1339 2508 muneris
1355 2429 1506 2526 Christi,

287 2521 446 2614 diverse,
464 2541 503 2595 et
518 2523 796 2622 antiquioribus,
815 2541 852 2596 et
868 2522 1146 2616 recentioribus,
1164 2529 1403 2624 temporibus,
1421 2551 1504 2602 ceno

286 2620 428 2694 inerunt
460 2615 641 2694 Duriores
671 2616 869 2693 Christiani.
922 2620 1020 2692 Inter
1050 2620 1245 2717 primorum
1278 2626 1385 2699 trium
1409 2626 1505 2699 secu·

285 2717 399 2792 lum
426 2714 605 2792 Doctores
627 2715 790 2805 inerunt,
822 2715 883 2813 qni
909 2737 1088 2790 troanno
1119 2717 1349 2797 ministerium
1375 2717 1505 2798 Christi

284 2806 386 2887 tuille
413 2812 644 2888 terminamtn
668 2831 910 2902 autumarunt,
938 2809 990 2886 uti
1013 2833 1153 2909 praeter
1182 2816 1390 2909 Gnosticot,
1425 2821 1503 2915 qui·

287 2911 349 2984 bm
381 2907 468 2983 illud
500 2909 629 2983 tribuit
661 2911 753 2982 Iren.
786 2906 867 2983 adv.
894 2909 1005 2981 Haer.
1038 2909 1060 2983 l.
1092 2912 1137 2985 ll.
1171 2932 1202 2986 c.
1240 2921 1297 3008 36.
1333 2936 1370 2989 ct
1398 2915 1506 2988 habet

286 3025 387 3080 antor
419 3005 630 3080 Clementin.
655 3006 716 3079 fin.
740 3002 838 3076 hom.
858 3004 1004 3095 xvss„
1029 3002 1104 3099 ipse
1122 3008 1231 3083 Clem.
1249 3013 1351 3085 Alex.
1373 3014 1504 3086 Strom.

284 3104 314 3176 1:
343 3124 405 3176 21.
428 3100 491 3176 ubi
515 3101 553 3176 in
575 3120 651 3176 not
677 3098 796 3175 etalii
821 3099 985 3174 citantur.
1038 3102 1143 3174 Unde
1172 3103 1242 3190 est,
1268 3107 1361 3201 quod
1389 3108 1504 3179 Chris·

286 3216 351 3269 tua
384 3196 496 3268 inerit
525 3197 671 3272 tensium
700 3195 814 3293 pallus
845 3192 937 3268 eoff.
969 3194 1103 3265 duobus
1137 3197 1320 3285 Geminis,
1363 3199 1505 3271 Tiberii

290 3299 399 3380 rdto,
425 3288 518 3365 ΑΕΓ.
548 3290 585 3366 V
639 3352 647 3369 .
677 3314 743 3388 39,
769 3287 828 3362 sed
851 3287 912 3361 alii
935 3309 1057 3360 corum
1075 3287 1204 3362 reclina
1228 3292 1428 3384 senserunt,
1454 3295 1507 3371 uti

285 3384 471 3485 ignatius,
518 3388 554 3461 ui
578 3386 681 3486 epist.
710 3391 775 3462 edu
799 3383 941 3458 Christo
965 3383 1024 3457 dat
1050 3407 1069 3478 3
1095 3406 1224 3476 annot,
1251 3388 1400 3464 Tertull.
1424 3392 1505 3470 adv.

285 3484 471 3559 Marcion.
487 3413 525 3559 i
559 3486 587 3559 1.
622 3482 789 3582 quicum
823 3481 965 3589 quidem
1002 3496 1079 3589 1550
1106 3482 1247 3592 Tiberii
1278 3485 1405 3560 adserit
1437 3489 1508 3564 elie

285 3594 486 3671 mortuum,
525 3581 584 3655 sed
615 3599 775 3654 et1emo
806 3577 881 3673 ejus
911 3576 1099 3672 incepille,
1144 3579 1337 3677 Origenes,
1378 3585 1436 3680 qui
1469 3589 1508 3662 iu

287 3676 454 3751 Philocal.
482 3698 513 3750 c.
537 3679 567 3753 I.
592 3700 691 3751 unum
713 3697 793 3750 ann.
819 3691 856 3745 et
871 3671 1005 3768 aliquot
1028 3671 1168 3762 Meni,
1196 3676 1253 3748 sed
1278 3697 1399 3752 contra
1418 3683 1506 3759 Cels.
1613 3735 1616 3743 .

286 3772 308 3846 l.
326 3773 374 3847 11.
400 3790 468 3847 tres
492 3771 568 3847 fere
591 3773 628 3846 ei
644 3772 727 3861 dat,
750 3770 838 3844 sicut
856 3787 900 3841 et
919 3768 954 3841 in
971 3768 1106 3843 Comm.
1131 3770 1173 3843 ad
1190 3773 1323 3849 Matth.
1344 3772 1508 3867 XXIV.;

285 3878 358 3943 tter
372 3888 413 3943 et
429 3866 637 3960 dimidium,
662 3869 872 3964 Anonymus
895 3865 936 3940 ad
952 3864 1033 3961 Job.
1057 3864 1100 3936 ad
1125 3867 1254 3941 calcem
1274 3872 1382 3965 Oper.
1402 3875 1505 3971 Orig'.

284 3968 341 4040 od.
366 3988 452 4040 nov.
476 3982 556 4063 cap.
583 3986 616 4039 2.
665 3962 776 4039 Omisr
802 3965 986 4035 Irenaeum
1009 3959 1113 4033 nimis
1137 3965 1371 4058 paradoxum,
1398 3968 1456 4065 qui
1481 3972 1505 4048 l.

283 4061 347 4136 eit.
377 4069 433 4137 16.
458 4064 516 4137 vel
542 4061 657 4158 plures
686 4081 797 4134 annos
821 4056 856 4130 ei
883 4056 1058 4153 adsignat,
1082 4058 1125 4131 ab
1141 4059 1286 4158 August.
1312 4062 1356 4137 de
1379 4064 1507 4145 Doilr.

285 4154 413 4233 Christ.
444 4180 477 4234 c.
505 4165 564 4238 28.
596 4157 666 4252 jam
694 4156 878 4229 refutatus.
925 4151 1050 4228 Euseb.
1078 4172 1166 4227 vcro
1197 4178 1234 4230 et
1265 4159 1395 4257 Epiph.
1428 4165 1508 4238 ditor

283 4274 410 4345 annos,
435 4277 526 4354 quos
545 4255 681 4328 secutus
698 4250 748 4326 est
766 4248 948 4340 Petavius,
972 4247 1059 4321 stcut'
1081 4248 1113 4344 J.
1140 4250 1184 4324 G.
1204 4255 1345 4330 volnus
1391 4258 1507 4328 Vere.

283 4367 359 4423 rnm
378 4352 422 4425 de
441 4376 504 4428 uno
532 4372 627 4424 anno
645 4348 851 4446 opinionem
868 4345 1072 4441 adoptavit:
1097 4345 1275 4441 Scaliger,
1303 4350 1442 4424 casaub.
1468 4370 1507 4425 et

281 4446 445 4530 cuvffiu
468 4472 495 4542 4
514 4466 633 4527 anuos
654 4462 847 4526 numerant.
857 4441 1038 4620 l)Nobis,
1073 4464 1154 4520 cum
1177 4445 1274 4539 aliia,
1307 4444 1509 4618 veriopevi·
1559 4482 1636 4843 ι
