3609 5500
678 845 707 997 ᾗ
813 908 1068 998 tratur--
1117 868 1134 912 ’·
1456 881 1555 1042 tri,

288 1115 332 1175 et
358 1095 436 1175 aliie
461 1095 701 1186 communiter
734 1123 802 1198 pro
827 1102 1079 1201 Apostolorum
1114 1093 1364 1176 succell'orrbur
1386 1096 1524 1179 fuerint

289 1195 426 1286 habiti,
452 1197 490 1271 in
517 1222 558 1273 ea
584 1198 752 1272 videntur
777 1198 880 1275 luille
914 1198 1106 1311 opinione,
1130 1220 1243 1295 penes
1267 1198 1395 1294 Epilco
1424 1224 1463 1273 os
1482 1217 1523 1277 et

289 1293 510 1392 Praepofitos
527 1318 603 1369 earn
623 1294 840 1390 potestatem
857 1296 1071 1393 originitus,
1097 1313 1135 1367 et
1152 1293 1320 1392 proprie,
1346 1223 1521 1391 reddere,
1619 1342 1624 1348 ·

291 1387 353 1464 sed
373 1394 564 1485 prudentiae
594 1410 679 1489 „rgo
700 1390 815 1487 plebis
838 1392 1047 1469 consensum
1082 1390 1153 1466 effe
1185 1388 1437 1480 necessarium,
1479 1409 1522 1489 ut

292 1489 417 1560 turbae
451 1489 631 1577 vitentur,
675 1485 843 1586 simulque
870 1510 910 1564 ut
944 1490 989 1563 de
1015 1488 1090 1562 vita
1114 1504 1153 1560 et
1177 1485 1334 1560 moribus
1362 1486 1536 1562 Clericoae'

288 1604 368 1656 rum
394 1583 516 1657 melius
544 1584 738 1675 constaret,
783 1605 901 1660 erres
926 1609 991 1681 per
1016 1586 1207 1659 multorum
1227 1580 1363 1679 judicia
1390 1579 1478 1656 redii

288 1678 583 1778 ponderarentnr.
634 1681 716 1777 Quo
743 1681 893 1777 phrasis,
928 1683 1110 1773 Ecclestam
1129 1679 1232 1777 super
1260 1677 1475 1774 Episcogort

289 1776 520 1873 constitutam,
550 1779 640 1853 clare
657 1777 778 1867 ducit,
803 1801 881 1853 curn
899 1779 1089 1855 Ecclefiarn
1118 1799 1190 1849 nun
1216 1776 1314 1849 dicat
1331 1769 1522 1884 Episcopi&

287 1869 510 1969 superiorem
529 1870 619 1949 effe,
650 1874 709 1946 sed
724 1871 788 1963 iis,
814 1893 977 1970 tanquam
994 1873 1250 1960 fundamentis,
1276 1871 1404 1962 innitr,
1432 1861 1525 1972 ficui

290 1965 498 2064 Apostolis,
522 1993 670 2066 quorum
688 1967 898 2045 succellores
913 1971 1153 2045 habebantur:
1180 1989 1268 2065 quae
1291 1965 1363 2063 ipsa
1391 1965 1521 2067 opinio

287 2063 402 2139 thelin
428 2064 588 2143 nostrum
603 2071 694 2142 clare
721 2065 950 2142 demonstrat,
1000 2065 1168 2163 Denique
1191 2067 1356 2153 rationes,
1390 2086 1411 2137 a
1436 2059 1522 2163 prul

287 2159 410 2236 dentia
435 2160 571 2251 dunas,
615 2186 697 2261 quas
725 2162 942 2253 memoravi,
983 2163 1058 2262 ipse
1089 2158 1283 2260 Cyprianus
1317 2159 1410 2235 haud
1447 2159 1522 2238 und

285 2256 504 2347 locotione,
518 2256 720 2357 sacerdotem
734 2261 825 2355 plebe
835 2259 1004 2354 praesente
1015 2316 1024 2347 ,
1037 2258 1103 2356 sub
1121 2261 1260 2332 omnium
1276 2257 1398 2346 oculis,
1428 2256 1521 2335 deli}

285 2354 327 2450 gi
346 2354 434 2427 dicit
459 2356 524 2451 Ep,
549 2361 611 2448 67.
637 2374 674 2429 ut
690 2358 829 2450 dignor,
863 2372 960 2451 atque
983 2357 1285 2447 idoneor,·publico
1308 2356 1441 2448 judicio
1474 2373 1518 2433 at

287 2448 468 2543 testimonio
485 2456 720 2548 comprobetur,
741 2471 799 2543 ut,
818 2453 924 2547 plebe
940 2452 1143 2548 praesente,
1162 2449 1219 2523 vel
1235 2451 1429 2542 detegantur
1447 2461 1521 2521 mo*

283 2546 387 2619 lorum
404 2550 562 2637 crimino,
592 2550 644 2624 rel
666 2554 815 2622 bonorum
847 2552 964 2621 merito
999 2548 1254 2645 praedicentur,
1288 2564 1327 2632 ⁴ct
1358 2547 1527 2623 ordinarie

284 2646 426 2717 omnium
436 2642 605 2740 suffragio
622 2664 654 2718 et
662 2646 788 2741 judicio
812 2648 1037 2733 examinetur,
1062 2658 1094 2717 et
1113 2666 1150 2713 ne
1170 2641 1295 2739 puisod
1311 2643 1434 2716 altoris
1452 2643 1519 2722 mit

286 2736 452 2910 np'plerium
477 2744 626 2841 indignus
652 2748 825 2835 obreperet.
875 2741 938 2814 Sic
963 2759 1006 2814 et
1035 2739 1189 2813 Rotnani
1215 2736 1432 2814 confessores
1456 2741 1520 2839 epi·

289 2861 311 2912 a
360 2835 576 2932 Cyprianum
603 2862 661 2935 31·
685 2862 756 2912 cum
778 2838 902 2933 grande
928 2839 1099 2926 delibum,
1140 2855 1172 2910 er
1191 2855 1250 2930 per
1274 2852 1376 2911 toturn
1411 2838 1522 2914 orbem

287 2937 472 3045 incredibili
490 2933 669 3033 vastatione
683 2934 887 3032 groffatum,
903 2958 973 3049 'non
991 2950 1153 3048 oportent,
1178 2929 1262 3047 nisi,
1289 2947 1326 3003 ut
1346 2930 1519 3046 Ipsescriss

285 3035 496 3205 blnllll
523 3026 1519 3226 “iiiiiiild'aii'i''stfilii‘r'iclmliiilEp'vsilp'ii

289 3223 359 3319 Ep.
395 3248 451 3320 30.
486 3183 653 3318 lienique
688 3181 853 3321 Cypri’an.
887 3150 947 3320 εἴ).
986 3243 1042 3314 14.
1076 3220 1194 3311 dicit,
1234 3215 1276 3316 se
1300 3242 1321 3288 a
1346 3178 1520 3314 primordio

289 3318 505 3417 Epffcopotus
535 3323 618 3393 nibil
641 3319 713 3414 ſsne
739 3316 888 3413 consensu
922 3319 1030 3414 plebis
1055 3339 1167 3412 gerere
1189 3311 1366 3412 flatuiffi3
1409 3334 1449 3390 ut
1479 3324 1520 3390 et

289 3416 358 3513 Ep.
388 3439 442 3508 19.
458 3415 631 3513 stantibus
648 3420 747 3493 laicis
770 3434 826 3511 pro
832 3414 912 3508 fide
935 3432 967 3489 et
983 3419 1096 3489 timore
1110 3411 1175 3512 suo
1197 3415 1281 3488 bunc
1297 3412 1443 3487 bonorem
1461 3411 1528 3486 ba·-

289 3514 425 3589 bendum
450 3513 529 3612 ff,
561 3531 596 3589 ut
625 3514 702 3612 ipstr
723 3509 949 3610 praesentibus
975 3517 1080 3586 omnio
1098 3514 1329 3606 disponantur:
1363 3509 1452 3584 ficut
1479 3523 1522 3583 et
1551 3514 1557 3523 '

289 3609 358 3777 Ep
384 3633 443 3703 59.
468 3612 624 3729 fatetur,
653 3612 830 3709 facilitate
845 3609 916 3720 sua
933 3612 1055 3706 aliquot
1080 3607 1142 3705 sse
1173 3605 1321 3704 odmiffor
1355 3609 1520 3678 obnitente

286 3712 382 3878 plebe
412 3724 445 3780 et
477 3713 726 3819 contradicente.
775 3709 960 3782 Cornelius
994 3728 1134 3803 quoque
1165 3704 1276 3776 refert
1310 3699 1402 3810 apud
1435 3699 1518 3823 Eos,

305 3889 309 3899 Ι
337 3859 344 3874 .
374 3803 442 3875 Vl:
467 3823 525 3896 43.
550 3805 731 3877 admrllum
754 3827 775 3876 a
797 3803 833 3874 se
857 3803 927 3875 elle
952 3803 1099 3875 alterum
1127 3820 1172 3871 ex
1198 3799 1396 3870 Novariam
1420 3794 1518 3868 ordr-

291 3892 496 3986 natoribus,
528 3899 622 3995 quod
647 3921 714 3995 pro
741 3896 808 3994 ipso
838 3898 932 3988 plebs
950 3892 1098 3990 universa
1113 3889 1388 4003 preccrfudr'fflt.
1425 3890 1517 4000 Quo

291 3992 402 4070 etiam
434 3994 619 4084 collineat,
660 3993 754 4092 quod
785 3991 889 4092 supra
923 4015 969 4067 ex
1000 3989 1209 4088 Lamprrdro
1251 3987 1436 4062 observant
1469 3985 1518 4061 de

289 4089 495 4168 Alexandro
521 4093 667 4166 Severo.

272 4222 279 4253 ι
342 4185 373 4286 l.
401 4191 520 4264 LXX.-
544 4187 761 4298 elericorum
785 4185 941 4304 ipsorum
967 4181 1155 4297 discpimen
1178 4180 1309 4348 duplex
1332 4177 1405 4267 est,
1431 4177 1523 4346 albe.

288 4279 1523 4473 iiddsslill'iztquidnairii'il‘niin'illi‘ilrfniifflbv{nli

296 4535 310 4587 ;
329 4470 448 4587 ,un
465 4438 560 4577 11'1'4'
610 4406 636 4487 Ρ
697 4404 723 4480 ¹⁹
840 4436 975 4581 'Quor
1106 4426 1120 4468 ’
1402 4423 1523 4559 'sun
