3609 5500
703 641 968 782 'reatu
1148 666 1154 676 '
1333 724 1406 804 337

197 881 375 962 servabant.
420 879 501 960 Res·
521 883 613 984 ipsa,
638 885 849 964 undeunde
872 882 984 962 etiam
1008 895 1110 977 otta,
1134 881 1245 965 dubio
1269 901 1401 977 vacat,-

118 1017 119 1030 ι
194 996 225 1052 et
244 979 369 1056 dudum
391 995 412 1053 a
435 979 564 1056 Dorus
585 981 637 1058 est
670 983 828 1073 adserta,
863 982 918 1057 uti
942 981 1065 1081 Lipfio
1087 979 1132 1056 ad
1156 980 1276 1057 Tacit.
1299 981 1399 1059 Ano.

118 1051 120 1148 i
194 1074 212 1146 1.
232 1075 312 1151 xv.
350 1076 718 1154 cantoranum.
758 1077 1090 1154 itinerariorum.
1126 1077 1278 1152 seneno
1310 1080 1396 1176 eyn.
1509 1154 1512 1159 ,

122 1237 125 1249 .
193 1169 293 1244 Hebr.
321 1173 349 1247 1:
386 1179 420 1252 8.
472 1195 505 1248 2.
538 1175 626 1249 Non
650 1173 773 1270 potuit
796 1198 869 1249 non
895 1194 1031 1248 metum
1054 1191 1092 1246 et
1118 1190 1292 1246 terrorem
1316 1173 1402 1269 ipsrr

191 1264 382 1342 Christianis
399 1266 554 1344 terribile
570 1270 642 1344 boc
657 1270 829 1368 judicimn
848 1273 1030 1361 incutere,
1054 1291 1157 1359 cum,
1180 1292 1248 1365 qua
1261 1267 1401 1347 ratione

191 1360 274 1436 Deus
295 1381 378 1438 cum
401 1367 558 1460 populo,
583 1386 686 1440 antea
709 1365 844 1456 erano,
875 1365 1014 1465 egerit,
1046 1364 1090 1439 ad
1116 1363 1271 1440 aninmm
1293 1386 1401 1437 revo-

192 1457 311 1546 carint,
351 1457 397 1533 de
427 1481 496 1557 quo
521 1461 656 1535 Gentes
688 1461 795 1542 etiam
827 1460 1013 1536 admonuit
1043 1460 1166 1534 Paulus
1199 1461 1307 1535 Rom.
1332 1459 1398 1534 xl.

190 1551 412 1628 sollicitudine
429 1579 568 1656 quoque
590 1557 681 1632 hand
700 1557 828 1656 exigua
845 1557 979 1655 corripi
1001 1558 1220 1645 debuerunt,
1242 1553 1398 1632 maxime

118 1701 119 1722 r
191 1649 241 1743 qui
263 1649 314 1723 ibi
338 1649 444 1732 inter·
468 1651 618 1746 Judaeos
643 1655 885 1745 versabantur,
927 1670 1089 1749 tempore
1120 1649 1320 1750 ingruentis
1340 1675 1398 1726 ca·

190 1745 361 1835 laniatis,
386 1768 434 1820 ne
461 1767 499 1818 et
523 1746 586 1843 ipsr
611 1749 682 1821 hoc
709 1747 845 1824 diluvio
868 1751 1124 1832 obruete'nturt
1157 1771 1226 1822 nec
1249 1746 1396 1824 dubium

189 1838 258 1932 est,
278 1841 361 1938 quin
396 1840 528 1938 aiiqaid
547 1865 693 2011 ¹quoque
716 1845 799 1942 palii
827 1844 914 1934 srnt,
957 1845 1011 1924 uti
1040 1841 1192 1942 publicis
1214 1841 1397 1941 grassanti·

190 1937 245 2010 bnt
265 1937 358 2012 malis
389 1937 471 2032 fieri
502 1938 645 2014 adolet.
687 1941 861 2036 Denique
887 1940 1029 2035 3.-licet
1054 1941 1146 2013 haud
1174 1961 1240 2014 una
1272 1937 1318 2011 de
1342 1959 1398 2014 ra·

191 2031 280 2105 tione
300 2033 419 2108 laetari
444 2035 758 2132 potuerintsuper
789 2037 906 2125 bono,
948 2034 1032 2110 inde
1066 2035 1109 2110 ad
1144 2035 1245 2132 ipsos>
1267 2034 1396 2110 redun-

193 2125 305 2218 dante,
327 2128 378 2207 uti
401 2128 509 2203 modo
533 2131 738 2206 observavi:
762 2131 888 2205 modus
916 2148 1054 2222 tamen,
1127 2155 1149 2203 o
1175 2130 1258 2206 illud
1284 2121 1403 2204 effec··
1480 2184 1494 2202 c

118 2305 119 2328 χ
193 2237 261 2296 turn
282 2221 347 2314 est,
379 2223 558 2299 tristitiam
583 2225 665 2323 ipsis
687 2227 873 2300 concitare
896 2223 1029 2304 debuit.
1078 2155 1188 2302 {liant
1211 2223 1308 2298 enim
1331 2223 1393 2322 Jue

118 2337 121 2388 r
189 2315 260 2392 daei
284 2343 405 2394 eorum
429 2320 553 2394 fratres
579 2321 765 2397 secundum
790 2343 951 2414 carnem,
975 2322 1151 2419 judicium
1175 2320 1397 2419 quoqueip·

118 2409 120 2480 i
189 2413 440 2492 fisiocumbenr
464 2416 641 2508 terribiie,
671 2418 821 2492 maxime
839 2416 864 2490 sr
882 2439 962 2490 curn
981 2417 1258 2503 excaecatione,
1283 2435 1321 2490 et
1338 2417 1394 2491 in·
1551 2495 1557 2507 ,

188 2509 382 2601 dandene,
415 2511 469 2585 uti
496 2533 591 2604 erat,
624 2513 849 2610 conjunerum
882 2512 1169 2588 consideraretur.
1220 2513 1395 2617 Quemad-

188 2609 320 2682 modum
341 2607 464 2682 Paulue
487 2611 522 2683 se
553 2629 739 2705 expertum
764 2607 834 2682 effe
868 2609 1070 2705 emphatice
1094 2607 1281 2683 admodum
1307 2631 1401 2690 cona

191 2699 346 2779 feffnest
368 2707 476 2779 Rom.
502 2705 564 2779 IX.
615 2702 822 2779 Prostitutio
841 2727 981 2802 quoqne
997 2704 1137 2803 publica
1155 2704 1392 2796 Iudaeorum,

118 2880 119 2883 Ἴ
191 2816 226 2871 et
244 2798 419 2895 reiigionia
442 2800 630 2895 Judaicae,
668 2800 882 2879 aRomanie
906 2800 1016 2893 sabia,
1055 2799 1269 2876 Christianos
1294 2796 1396 2872 valde

188 2914 402 2974 commovere
424 2896 564 2973 debuit.¹

380 3126 384 3135 ·
472 3086 796 3165 PROPAGATIO
825 3086 1101 3163 ECCLESIAE.
1201 3116 1206 3157 r

183 3282 189 3296 '
226 3278 539 3381 §.'CCLXXX1X.
572 3280 842 3376 Propagatr'onem
865 3276 1060 3375 euangelii,
1086 3295 1126 3352 ut
1147 3276 1193 3351 de
1214 3278 1391 3357 Ecclesiae

188 3370 262 3452 statu
280 3376 509 3467 accidentali,
524 3376 633 3449 relate
647 3376 691 3451 ad
706 3376 874 3451 mundum
885 3375 1089 3464 Gentilem,
1105 3395 1199 3447 nunc
1209 3375 1390 3466 differam,

189 3467 247 3544 hoc
278 3473 486 3563 intervallo,
525 3470 626 3547 finita
656 3472 807 3568 periodo
843 3468 1077 3567 Apostolica,
1108 3468 1201 3543 haud
1230 3494 1392 3581 magnam

188 3563 294 3658 fuisse,
318 3568 424 3642 facile
441 3564 691 3665 praesumitur,
718 3568 802 3642 stab
822 3571 935 3642 altera
951 3586 1053 3665 parte
1069 3563 1111 3638 ad
1127 3565 1391 3660 persecutiones

190 3667 333 3769 etmala,
358 3686 447 3773 quae
463 3663 602 3759 Judaeia
620 3684 842 3753 evenerunt,
866 3661 1094 3771 respiciatur,
1117 3663 1160 3735 ab
1177 3663 1286 3771 altera
1302 3684 1391 3738 con·

187 3755 269 3833 drtio
289 3758 565 3843 Christianorum
591 3758 729 3851 moralis
745 3759 973 3847 adtendatur,
998 3779 1084 3852 qua,
1109 3756 1392 3852 persecutiones,

187 3872 222 4020 pt
243 3856 321 4026 qudd
346 3854 548 4025 peregpiini,
573 3853 715 4023 intltpitg,
747 3852 1128 4024 ipldidedincipiebant
1146 3853 1331 3963 vacilure,
1351 3873 1392 3927 et

187 3967 1135 4154 Pistrigeetntequrgdgpprrpsinuprrigresrqdrreroepplrplrpt’ergt
1159 3949 1258 4119 &p
1279 3970 1392 4151 ggii?

188 4140 598 4319 tusTosmeletpaordiuaria
621 4141 736 4220 minus
751 4142 899 4316 {ruffin
925 4140 1138 4301 frequentia.
1158 4149 1162 4154 ’
1185 4138 1288 4241 Quae
1310 4160 1395 4317 opit·
