3609 5500
773 950 782 959 ·
816 905 928 982 deaut.
953 904 985 976 l.
1443 927 1517 1005 339

284 1098 372 1155 enm
398 1077 608 1157 Domitiano
638 1082 739 1181 gellit
776 1082 1026 1181 Consulatum,
1063 1078 1123 1157 nir
1156 1080 1287 1156 summa
1317 1082 1509 1161 arnotit'azo

288 1196 335 1248 ac
358 1179 531 1275 dignitate
554 1178 702 1255 illustris.
750 1180 861 1254 Hunc
884 1202 966 1250 cum
995 1202 1105 1252 uxore
1129 1197 1167 1251 et
1193 1179 1384 1253 Glabrione
1406 1181 1507 1258 fuiffe

293 1268 377 1363 judu
401 1275 599 1350 Domitiani
620 1274 780 1349 'occisum
804 1272 904 1347 causa
920 1274 1118 1366 Atheismi,
1152 1292 1188 1347 et
1215 1274 1402 1370 Judaismi,
1427 1302 1508 1353 cum

302 1366 368 1442 Dio
396 1372 550 1462 Caffius,
591 1394 611 1444 a
646 1371 833 1469 Xiphilino
865 1391 1081 1481 excerptus,
1119 1370 1271 1458 referat,
1314 1394 1375 1442 eos
1406 1373 1507 1450 fulffe

302 1462 523 1569 Cllristianoe,
548 1467 679 1564 quippe
707 1491 748 1541 ea
771 1484 860 1539 nota
883 1464 978 1540 inuri
1008 1464 1152 1554 solitos,
1177 1467 1355 1561 plusquam
1380 1475 1507 1562 proba·

307 1556 369 1632 btle
390 1561 459 1653 est,
492 1586 538 1635 eo
561 1565 669 1636 etiam
688 1563 820 1661 magis,
861 1564 955 1657 quod
980 1563 1169 1635 Suetonius
1191 1561 1229 1634 in
1253 1561 1450 1639 Domitian.
1475 1589 1507 1643 c.

314 1673 361 1743 15·
378 1656 467 1731 idem
490 1681 652 1749 narrant,
692 1660 911 1733 Clementem
943 1656 1207 1754 connotafflmoe
1232 1661 1368 1730 inertiae
1392 1659 1507 1736 homi·

312 1768 379 1855 qen
398 1753 685 1852 adpellet:·qnod
709 1756 748 1827 in
774 1751 1008 1841 Christianos,
1033 1755 1091 1850 qui
1123 1772 1283 1849 tanquam
1309 1753 1452 1830 inutiles
1468 1777 1507 1832 et

317 1843 495 1925 rdudumfi
532 1851 666 1923 traduci
696 1850 873 1937 solebant,
917 1852 1022 1922 unice
1048 1851 1202 1947 quadrat.
1252 1850 1337 1923 Vid.
1361 1850 1407 1924 de
1429 1855 1507 1927 Cle·

314 1958 411 2020 mente
431 1963 469 2021 et
492 1967 605 2020 uxore
631 1945 704 2039 ejus
719 1943 797 2020 Eus.
824 1945 874 2018 H,
901 1946 965 2018 Ill:
994 1954 1049 2024 18.
1079 1944 1173 2017 etin
1199 1943 1329 2019 Chron.
1357 1948 1436 2021 Lat
1463 1949 1506 2024 ad

313 2054 377 2111 ann.
390 2063 443 2136 97.
467 2041 529 2114 ubi
544 2042 823 2129 oitatBrutium,
843 2039 1049 2114 historicum
1067 2041 1239 2129 Roman,
1264 2041 1359 2114 idem
1379 2042 1506 2118 testan-

316 2145 379 2208 tem
416 2138 601 2227 Ceterum,
626 2156 665 2210 ut
690 2135 772 2209 illud
797 2135 1018 2232 subjungam,
1043 2135 1106 2209 sub
1133 2136 1282 2209 Nerone
1301 2136 1407 2210 etiam
1431 2163 1505 2213 me-

316 2245 442 2306 norant
463 2231 661 2329 Pomponia
687 2230 883 2322 Graecina,
916 2232 1040 2306 Plautii
1067 2254 1175 2319 uror,
1211 2250 1372 2328 tanquam
1389 2233 1509 2330 saper·

315 2316 427 2413 stillula
445 2344 712 2415 tatemae‘rea,
746 2325 867 2401 Tacit.
893 2330 988 2401 Anu.
1012 2329 1078 2399 lll:
1105 2349 1163 2420 32.
1197 2347 1365 2423 quatenus
1391 2331 1510 2407 Chris·

322 2411 392 2523 Q
409 2421 487 2499 lirit.
539 2423 640 2500 Alios
666 2423 795 2512 mitto,
823 2441 861 2495 ut
881 2425 1083 2520 Poppaeam
1111 2422 1295 2511 Sabinam,
1321 2425 1506 2532 Epaphro-

317 2508 421 2608 dmm,
452 2520 668 2610 Pudentem,
699 2522 806 2598 alios,
846 2541 993 2614 quotum
1018 2515 1070 2590 est
1101 2517 1237 2592 incerta
1259 2521 1398 2595 notitia.
1447 2526 1508 2599 In·

317 2607 417 2686 taliam
448 2616 555 2689 etiam
586 2614 833 2712 praetermitto
876 2611 1114 2710 quaestionem
1155 2612 1201 2685 de
1243 2617 1429 2713 euangelio
1467 2621 1506 2696 in

318 2706 1202 2904 iiiiqiitiidiimriamqiiiiaeti'iniii‘i'stpiiliiae
1227 2709 1508 2906 ‘iiiiiiiqiii'

320 2910 370 2985 que
380 2924 452 2976 cum
467 2902 578 2976 Persa
593 2927 634 2976 ac
651 2864 779 2977 A’rabia
794 2899 939 2974 subinde
955 2901 1063 2975 fuerit
1080 2899 1234 2974 confusa.
1269 2902 1395 2975 Videri
1416 2928 1504 2998 quo·

322 2998 496 3107 ‘llopotell
526 3000 560 3073 la
591 2995 808 3108 Ctozeuhist.
834 2996 961 3072 Christ:
985 2997 1021 3069 in
1037 2994 1180 3069 ludial
1206 2996 1235 3069 Ι.
1259 3015 1296 3107 et
1320 2999 1505 3078 Beansobr.

317 3080 380 3163 hlll
400 3095 581 3185 Menaria,
605 3118 653 3169 ne
676 3095 761 3168 ahos
785 3113 990 3167 memorem
1526 3171 1531 3180 ,

687 3279 1103 3359 PERSECUTIONES.

348 3466 375 3568 l.
396 3476 526 3550 CCXC.
568 3478 625 3550 De
648 3473 935 3550 Persecutionum
962 3470 1240 3548 Christianorum
1263 3499 1282 3548 a
1308 3478 1505 3569 Romanis,

243 3624 246 3629 -
307 3578 431 3738 ¹&qum
457 3572 567 3669 prima
591 3572 649 3644 sub
677 3571 826 3644 Nerone
854 3570 954 3665 supra
978 3567 1029 3641 est
1054 3568 1233 3664 exposita,
1265 3571 1418 3647 secunda
1442 3575 1503 3649 sub

329 3751 336 3765 .
390 3666 498 3741 itiano
514 3669 587 3741 hoc
606 3688 766 3760 ternpore
785 3665 962 3762 contigit,
987 3665 1104 3759 plures
1118 3664 1246 3740 deinde
1265 3668 1331 3744 sec.
1357 3671 1503 3766 sequen·

311 3757 384 3835 tlbus
406 3764 574 3861 grallatae
599 3764 697 3849 sunt,
720 3759 828 3853 causas
852 3760 1035 3857 ingemere
1063 3761 1124 3834 hic
1141 3761 1332 3836 differuille
1355 3788 1426 3837 non
1442 3767 1503 3840 aba

307 3856 475 3948 tefuerit,
516 3880 699 3954 antequam
727 3855 965 3928 Domitianam
997 3854 1099 3949 hujus
1123 3855 1297 3931 intervalli
1321 3883 1503 3953 enarrem,

298 3970 368 4026 cum
391 3977 444 4027 res
462 3954 623 4028 videatur
693 3953 841 4041 radoxa‚
875 3951 1074 4023 Romanum
1095 3951 1291 4047 inperium,
1316 3957 1359 4029 ab
1383 3961 1502 4053 aeq'ui·

301 4063 362 4122 tate
383 4070 420 4123 et
441 4049 576 4147 justitia
601 4052 758 4139 ceebre,
801 4045 964 4144 quodque
996 4068 1118 4120 omnes
1151 4049 1362 4125 toleraverit
1395 4053 1503 4127 sectas

294 4143 569 4242 Philosophicas,
612 4145 752 4240 Judaeis
792 4165 929 4242 quoque
954 4140 1085 4240 ubique
1118 4146 1327 4220 exercitium
1359 4147 1503 4242 religio·

293 4241 344 4314 nio
365 4242 568 4338 reliquerit,
603 4243 676 4315 imo
702 4243 861 4314 omnibus
885 4238 1085 4312 libertatem
1117 4241 1329 4315 concellcrit
1359 4241 1502 4337 religio·

283 4337 360 4429 nis,
400 4338 569 4438 privatim
596 4337 835 4430 exercendae,
876 4333 982 4408 etiam
1007 4337 1082 4431 ejus
1108 4338 1206 4413 causa
1239 4339 1277 4409 in
1312 4359 1417 4409 unum
1439 4360 1502 4425 co-

857 4431 929 4505 Vv
954 4452 975 4504 a
1373 4431 1500 4523 cundi,
1553 4424 1646 4794 Ι
