3609 5500
576 737 599 810 ·'
655 748 659 755 ’
717 747 883 824 Sectis.
996 755 1015 826 ἶ
1357 772 1415 858 249

185 928 244 1027 qui
263 945 426 1003 mentem
445 925 596 1003 Domini
613 949 685 1004 non
702 929 908 1026 capiebant,
933 925 1041 1004 fuerit
1061 927 1235 1020 desertus,
1254 929 1423 1027 Apostu'

186 1029 326 1101 livero
350 1026 386 1097 ei
412 1023 540 1098 arslius
570 1025 809 1118 adhaeserint,
850 1044 1013 1192 tanr}uam
1041 1026 1202 1115 Christo,
1235 1027 1309 1100 filio
1334 1025 1409 1104 Dei

183 1121 287 1211 vivi,
310 1121 373 1215 qui
400 1123 512 1194 verba
532 1122 630 1194 vitae
652 1121 761 1196 habet
789 1139 828 1196 et
849 1146 917 1218 pro
935 1141 988 1195 ert
1001 1147 1018 1216 ;¹
1045 1145 1080 1195 v.
1107 1130 1167 1211 68,
1194 1130 1251 1211 69.
1314 1139 1316 1146 “
1387 1159 1393 1170 ·

186 1245 192 1254 ·
230 1219 264 1318 ς.
288 1218 469 1292 XLVIII.
503 1217 669 1314 Sequitur
690 1240 800 1294 annus
823 1223 940 1290 tertius
965 1217 1099 1314 publici
1126 1216 1256 1292 Cliristi
1282 1239 1406 1300 mune,-

183 1316 253 1404 ris,
278 1310 421 1410 quiesi
445 1335 517 1386 aer.
541 1314 592 1386 V.
620 1336 676 1408 31.
700 1337 723 1386 a
748 1313 858 1388 tertio
882 1313 1046 1410 paschate
1072 1312 1154 1408 Joh.
1181 1315 1249 1388 Vl:
1273 1335 1307 1403 4.
1333 1335 1411 1412 mes

184 1431 349 1497 morato,
389 1404 565 1504 usquead
598 1408 757 1482 ultimum
790 1411 851 1485 seu
886 1410 1088 1482 emortuale.
1137 1408 1221 1506 Quo
1242 1408 1407 1506 paschate

186 1531 263 1580 non
298 1521 439 1579 tannim
466 1501 724 1601 Hierosolymis
747 1526 820 1579 non
851 1504 944 1596 fuit,
978 1523 1016 1578 ut
1039 1523 1140 1578 antea
1169 1505 1322 1595 solebat,
1346 1503 1406 1578 sed

185 1605 296 1699 longo
331 1617 498 1695 tempore
553 1598 608 1672 ost
643 1598 714 1674 sese
737 1600 778 1673 in
801 1600 955 1674 Galilaea
976 1599 1149 1688 detinuit,
1191 1621 1258 1674 nec
1283 1601 1322 1674 in
1345 1602 1408 1697 Ju-

187 1699 309 1770 daeam
323 1695 451 1782 venit,
470 1694 509 1766 ni
523 1720 536 1766 i
552 1693 642 1768 fello
651 1697 994 1786 Tabernaculorum,
1019 1695 1101 1791 Joh.
1119 1695 1206 1769 Vll.
1223 1696 1283 1770 ubi
1299 1695 1408 1770 etiam

186 1790 640 1982 zimil’ffsldldi’
673 1789 1426 1981 lblsdlmipzslllsmls
1488 1925 1492 1932 ,

186 2005 256 2057 tur.
300 1982 353 2056 Di
437 2000 560 2056 autem
589 1941 644 2055 et’
658 1907 754 2078 gdsta
785 1983 914 2058 Christi
938 1909 1044 2080 upsque
1074 1982 1119 2057 td
1151 1982 1236 2058 illud
1259 1980 1406 2074 festum,

190 2079 328 2154 silentio
350 2078 509 2152 involuta
530 2103 555 2154 a
579 2078 763 2175 Johanne,
778 2106 781 2113 ·
796 2103 843 2154 ex
867 2079 932 2154 reli
959 2081 1015 2154 uis,
1035 2076 1256 2175 euangelistis
1279 2096 1405 2174 peten-

190 2177 251 2265 da,
271 2175 366 2248 haec
387 2173 533 2247 fuerunt
556 2171 755 2270 praecipua.
805 2176 912 2249 Haud
929 2104 990 2250 diu
1015 2173 1094 2271 post
1110 2173 1237 2250 festum
1263 2173 1412 2268 pasche·

195 2273 260 2360 tis,
283 2294 368 2343 cum
394 2268 652 2343 christusnon
675 2271 923 2380 comparuisset
946 2270 1222 2367 Hierosolymis,
1248 2268 1308 2342 sed
1330 2265 1405 2342 sese

183 2367 226 2441 in
242 2365 355 2440 nanu
374 2363 578 2473 Galilaeae,
594 2364 635 2473 iti
652 2366 785 2440 vicims
800 2365 1032 2464 capernaumi
1049 2367 1159 2455 locis,
1186 2384 1403 2536 occufatum
1457 2371 1459 2378 ’

187 2481 327 2536 teneret
365 2459 523 2535 sanandis
554 2460 831 2551 miserabilibus,
879 2461 939 2559 qui
981 2462 1207 2558 undequaque
1247 2485 1266 2536 a
1324 2483 1407 2536 euin
1453 2521 1458 2526 .

190 2558 436 2645 confluebant,
468 2553 614 2630 scribae
638 2575 677 2628 et
701 2556 895 2649 Pharisaei,
926 2557 1093 2654 quicum
1126 2559 1298 2648 adeum,
1329 2555 1405 2648 ani-

189 2679 250 2725 mo
281 2675 402 2726 coram
432 2650 567 2748 populo
619 2650 846 2742 restituendi,
884 2676 928 2728 ac
960 2653 1166 2745 occidendi,
1208 2653 1262 2736 uti
1282 2675 1405 2825 ¹jainata

188 2750 404 2847 primoribus
424 2747 548 2845 populi
599 2767 756 2823 ecretum
777 2769 872 2838 erat,
898 2750 979 2847 J'oh.
1006 2754 1091 2826 Vll:
1121 2754 1153 2827 1'.
1178 2774 1224 2826 ex
1239 2754 1313 2846 ipa
1329 2773 1403 2825 me·

187 2845 323 2941 tropoli
348 2845 575 2933 accedentes,
602 2842 789 2940 discipulos
810 2844 918 2919 illotis
936 2846 1095 2921 manibus
1118 2846 1239 2919 cibum
1256 2845 1402 2939 capien-

187 2962 251 3014 tes
281 2939 601 3032 depreliendilsent,
627 2939 710 3013 illud
731 2964 817 3012 mox
831 2940 1079 3033 adripuerunt,
1104 2960 1141 3011 et
1164 2964 1202 3010 re
1231 2938 1405 3010 rehende·

186 3054 297 3121 runt,
341 3053 494 3128 tanquam
522 3032 693 3108 institutis
714 3033 888 3128 majorum
923 3032 1147 3105 contrarium.
1195 2965 1310 3135 &uam
1336 3030 1405 3108 cri·

186 3130 422 3206 minationem
447 3154 527 3203 cum
553 3129 730 3203 Dominus
759 3131 799 3203 in
830 3152 892 3201 eos
917 3127 1131 3217 retorsisset,
1170 3124 1407 3203 demonstran·

186 3231 258 3316 do,
280 3249 344 3299 eos
368 3224 435 3321 suia
457 3224 704 3299 traditionibus
721 3243 910 3321 praecepta
937 3224 1008 3297 Dei
1030 3222 1245 3321 infringere,
1273 3222 1324 3297 uti
1342 3248 1400 3300 ex.

186 3346 241 3421 gr.
272 3319 557 3395 dehonorandis
581 3322 801 3416 parentibus,
843 3319 945 3407 simul,
967 3343 1033 3393 eos·
1053 3340 1211 3415 tanquam
1235 3316 1403 3417 hypocri-

187 3442 259 3503 tas,
300 3418 420 3489 Deum
445 3416 546 3489 labiis
581 3433 715 3488 tantum
749 3418 926 3504 colentes,
968 3415 1075 3487 corde
1109 3419 1151 3489 ab
1186 3439 1231 3489 eo
1263 3418 1402 3507 alieno,

186 3515 282 3587 dido
310 3512 379 3607 Jes.
405 3513 540 3585 xxix.
568 3508 611 3583 iis
634 3511 826 3608 adplicito,
857 3509 1089 3605 depinxilset,
1124 3510 1280 3608 reliquos
1304 3511 1401 3587 audi·

187 3632 283 3682 tores
301 3632 390 3681 vero
409 3606 613 3703 inpuritatis
638 3608 777 3681 moralis
795 3605 975 3679 intellcslu
1001 3605 1136 3696 inbuit,
1163 3607 1314 3702 denique
1332 3604 1401 3701 ‘lis‘
1483 3694 1485 3697 Ι

186 3707 322 3800 cipulos
349 3705 488 3777 secreto
521 3703 715 3775 accuratius
747 3702 909 3790 instruit,
943 3719 980 3773 et
1007 3724 1135 3775 coecos
1167 3700 1243 3778 illos
1272 3724 1402 3775 coeco·

183 3827 262 3875 rum
297 3800 405 3873 duces
437 3798 604 3872 vitandos
637 3796 706 3870 elle
731 3800 860 3885 docet3
901 3820 980 3870 cum
1007 3815 1044 3869 et
1075 3794 1235 3871 docirina
1266 3814 1304 3871 ct
1328 3796 1404 3872 vita

185 3900 251 3969 sint
273 3896 410 3991 planta,
444 3920 465 3969 a
487 3898 590 3967 Patre
614 3892 758 3968 coelesti
785 3917 858 3967 non
882 3894 1055 3991 plantata,
1090 3893 1149 3967 sed
1174 3890 1400 3983 eradicanda,

186 3996 292 4065 blatt.
315 3993 401 4068 XV.
426 4012 467 4066 et
491 3993 607 4062 Marc.
636 3990 721 4066 VII.
1082 4038 1083 4043 κ

234 4088 264 4185 i.
286 4088 413 4163 XLIX.
458 4089 562 4161 Hinc
593 4083 634 4157 ad
666 4082 824 4159 confinia
849 4084 939 4181 Tyri
973 4102 1010 4155 et
1033 4080 1174 4157 Sidonis
1200 4080 1401 4185 discedens,

187 4181 348 4353 nimisque
369 4184 511 4275 fassus,
539 4178 644 4259 filiun
669 4176 1170 4350 mulieriESyroshoeniciae
1204 4179 1406 4282 daemonia·

258 4283 416 4358 omiss.
1308 4288 1407 4357 cam,
