3609 5500
820 946 929 1025 Semi.
953 942 1006 1024 ΙΙ.
1123 969 1125 976 ·
1449 976 1527 1058 Μ

294 1127 398 1216 tund
426 1127 503 1204 Eul.
530 1125 583 1202 ll.
606 1126 658 1201 V:
687 1130 743 1202 16.
768 1126 957 1224 Scripearee
982 1152 1081 1224 neque
1107 1128 1206 1204 adirni
1226 1150 1323 1227 neque
1341 1129 1445 1227 adjici
1450 1131 1529 1225 fas¹

296 1215 350 1312 esi.
408 1228 578 1313 Alterum,
612 1224 706 1319 quod
729 1224 906 1297 observari
934 1224 1062 1316 velim,
1095 1225 1222 1315 habet,
1265 1230 1414 1303 Tertull.
1440 1233 1524 1304 lirae

298 1314 489 1411 opinioni,
513 1320 551 1394 in
569 1317 629 1393 lib.
654 1319 698 1392 de
709 1318 906 1413 praescripr.
934 1321 1054 1395 haeret.
1080 1321 1277 1418 exprellae,
1303 1324 1522 1401 minusc0n⁴

296 1415 489 1490 venientes
520 1413 634 1488 videri
665 1413 759 1509 loqui
793 1415 830 1489 in
862 1416 921 1489 lib.
953 1419 991 1487 de
1028 1420 1173 1491 velandis
1204 1418 1384 1512 uirginibus
1414 1443 1446 1494 c.
1482 1442 1528 1506 a„

293 1506 356 1580 ubi
386 1512 497 1603 dicit,
520 1512 656 1586 veritati
679 1534 769 1584 eremo
788 1511 1009 1607 praescribere
1028 1514 1152 1608 potest,
1186 1536 1246 1584 non
1261 1512 1411 1609 spatium
1436 1532 1518 1597 rem·

289 1617 432 1698 Porum,
468 1632 531 1681 nore
550 1607 769 1699 patrocinium
790 1609 1019 1703 persinarum,
1059 1634 1119 1682 non
1137 1611 1315 1703 priuilegia
1333 1611 1522 1702 regionam}

290 1700 434 1794 rursus,
458 1701 605 1797 haereses
629 1708 941 1792 nonsummum,
975 1725 1070 1797 quam
1086 1710 1230 1792 veritas,
1252 1707 1412 1778 revincit:
1438 1725 1524 1783 curn

288 1803 417 1874 tamen
449 1818 599 1897 propter
641 1795 838 1872 novitatem
880 1798 1068 1874 haereticis
1103 1798 1407 1897 praescribendum
1448 1801 1521 1877 effe

266 1881 474 1970 'docuerie
523 1895 625 2000 Quae
665 1892 690 1965 sr
723 1892 839 1967 secum
869 1894 1085 1969 concilianda
1115 1896 1211 1986 sint,
1251 1912 1288 1969 et
1319 1895 1468 1971 Tertull.
1500 1921 1527 1975 a

287 1989 604 2090 contradictione,
629 2011 716 2084 quae
742 2004 860 2063 tamen
888 1993 930 2065 ab
955 1990 1033 2088 ipso
1056 2014 1128 2065 non
1153 1991 1242 2065 adeo
1257 1989 1371 2064 aliena
1394 1994 1518 2067 cense-

285 2092 324 2151 n
351 2084 494 2184 potest,
516 2083 714 2160 liberandus
740 2081 803 2176 srt,
828 2085 1078 2184 intelligendus
1104 2086 1156 2161 est
1179 2086 1224 2161 de
1247 2084 1386 2159 summis
1404 2087 1523 2165 Chris·
1625 2172 1627 2177 ,

266 2170 452 2260 flammi
479 2179 670 2278 capitibus,
710 2201 798 2274 quae
828 2182 935 2255 etiam
964 2204 1049 2255 mox
1082 2184 1265 2271 recenset,
1302 2183 1361 2256 vel
1388 2181 1439 2257 ita
1462 2208 1525 2264 cas

285 2269 467 2368 Piendoe,
491 2293 691 2351 uttantum
715 2276 889 2367 voluerit,
911 2279 1019 2352 nullas
1043 2275 1237 2366 doctrinas,
1268 2278 1380 2351 nullos
1402 2278 1517 2375 ritus,

287 2374 410 2450 Verbo
435 2373 509 2449 Dei
533 2394 728 2467 congruos,
762 2389 800 2443 et
825 2372 863 2445 in
888 2394 933 2445 eo
956 2392 1187 2470 praeceptos,
1218 2370 1318 2445 acin
1342 2371 1526 2468 primaeva

285 2451 451 2544 Ecclesia
476 2466 638 2555 ufitatOS,
662 2465 884 2562 longitudine
901 2469 1069 2563 temporis
1084 2468 1183 2564 polle
1209 2466 1404 2564 antiquari:
1429 2495 1521 2567 quae

285 2554 372 2636 e'us
399 2562 529 2663 opinio
555 2586 600 2635 ex
632 2560 855 2657 sequentibus
880 2563 1058 2638 elucescit.
1110 2565 1198 2637 Cum
1231 2559 1350 2659 itaque
1377 2564 1421 2638 ad
1450 2586 1519 2643 tra·

258 2732 261 2737 .
319 2649 457 2736 ‘tiones
479 2674 672 2756 provocat,
708 2680 785 2745 eas,
820 2678 859 2732 ut
877 2657 1010 2756 Script.
1035 2662 1071 2734 8.
1097 2659 1321 2750 conformes,
1350 2659 1495 2759 respicit
1505 2719 1524 2756 ,.

285 2761 335 2822 et
358 2758 407 2834 ad
431 2755 564 2850 Script.
589 2750 784 2826 dodlrinam
807 2755 1079 2835 confirmandam
1102 2756 1255 2853 profert,

313 2847 379 2947 l.
402 2851 508 2926 LVI,
541 2847 811 2922 Traditionibus
842 2848 997 2947 historicis
1029 2850 1164 2946 itaque,
1206 2872 1245 2925 ut
1279 2852 1453 2949 disputata
1482 2856 1528 2935 in

284 2929 465 3023 futurriam
487 2944 671 3040 colligam,
705 2944 840 3042 semper
858 2946 1085 3020 adhaeserunt
1104 2947 1277 3037 Veteres,
1308 2948 1364 3021 uti·
1379 2972 1424 3021 ex
1440 2949 1521 3022 He-

285 3038 370 3202 ἐξῆ
395 3067 464 3141 po,
491 3042 600 3115 Clem.
626 3039 750 3129 Alern,
778 3041 1009 3128 et'Tertull.,
1033 3062 1192 3112 necnon
1217 3063 1263 3113 ex
1280 3042 1523 3118 controversra

396 3141 430 3212 ‘e
455 3134 647 3235 paschatis,
681 3159 725 3231 ex
750 3134 886 3210 diversa
913 3133 1102 3207 traditione
1112 3151 1209 3223 orta,
1241 3134 1364 3233 liquet.
1414 3135 1531 3213 Circa.

291 3218 487 3324 &riuales
502 3255 589 3304 vero
605 3228 781 3305 variatum
798 3228 859 3305 est.
879 3232 1035 3328 'Canone
1054 3229 1188 3323 Scripa
1202 3229 1236 3303 S.
1256 3231 1410 3305 nondum
1429 3235 1524 3328 pub-

324 3340 427 3420 cato,
457 3329 501 3402 ab
528 3327 614 3399 orali
648 3326 838 3400 traditione
871 3323 1023 3398 maxime
1056 3325 1277 3419 pendebant,
1322 3345 1360 3400 ut
1387 3327 1527 3423 lgnatii·¹

293 3426 337 3485 et
360 3423 489 3524 Papiae
504 3420 740 3496 demonstrant
754 3422 926 3517 exempla.
972 3420 1026 3493 Eo
1041 3440 1158 3492 autem
1175 3419 1364 3512 conferto,
1388 3442 1426 3496 et
1442 3425 1522 3499 vul-

343 3530 406 3609 to,
446 3516 664 3615 Scriptorum
696 3521 735 3590 Se
773 3540 838 3614 pro
872 3538 993 3589 norma
1022 3514 1106 3589 fidei
1138 3516 1358 3592 habuerunt:
1393 3521 1444 3592 uti
1479 3517 1523 3596 i'rr

322 3610 445 3691 ustino
464 3616 574 3688 Mart.
599 3613 751 3709 adparet.
799 3612 983 3706 Denique,
1026 3611 1214 3686 haereticis
1240 3613 1283 3686 ad
1313 3612 1528 3690 traditiones*

301 3709 597 3798 provocantibus,
628 3732 685 3782 eas
715 3731 795 3782 cum
821 3709 949 3805 Script.
975 3709 1009 3778 8.
1036 3708 1292 3801 conjunxerunt
1324 3708 1519 3799 Catholici,

304 3796 357 3873 uti
384 3809 566 3894 heuneus,
593 3805 700 3877 Clem.
726 3804 850 3891 Alex„
884 3823 922 3875 et
947 3802 1200 3892 Tertullianus,
1242 3801 1299 3896 qui
1323 3822 1445 3876 eontra
1461 3827 1529 3879 eoo'

304 3896 515 3992 {eudemum
553 3925 583 3973 1.
610 3924 685 3972 eam
711 3898 780 3971 elle
805 3920 922 3971 veram
946 3895 1160 3980 dotcrinam,
1193 3916 1280 3991 quae
1304 3898 1346 3968 ab
1370 3897 1527 3996 aposto.

371 3994 539 4073 contiuua
563 3994 777 4068 succelhone·
802 4015 867 4087 per
889 3990 1085 4086 Episcopus
1116 3988 1168 4063 est
1190 3990 1346 4064 derivata
1375 4013 1413 4065 et
1439 4020 1526 4090 pro··

310 4094 445 4188 pagara.
494 4114 527 4165 2.
554 4088 787 4177 Haereticos,
822 4107 983 4182 tanquam
1001 4084 1215 4158 recentiores
1238 4107 1274 4158 er
1291 4082 1525 4182 posteriores,¹

310 4190 345 4247 ΠΙ
362 4186 520 4260 doilrina
536 4182 590 4256 sua
612 4185 681 4257 elle
704 4181 924 4257 damnandos.
979 4205 1017 4277 3.v
1038 4179 1264 4254 Traditiones
1281 4200 1395 4278 tamen
1417 4185 1526 4257 intel·-

311 4261 466 4356 leterunt
490 4279 617 4374 Script.
645 4281 680 4352 S.
706 4279 974 4365 consentaneas,
1006 4275 1065 4372 qui
1094 4301 1139 4373 pe
1166 4278 1226 4349 cui
1250 4275 1337 4348 nihil
1364 4276 1443 4352 addi
1461 4297 1522 4352 aut

314 4359 401 4453 demi
423 4379 621 4455 voluerunt.
670 4376 831 4461 Ireuacus
847 4395 987 4543 unoque
1005 4393 1036 4446 tr
1082 4372 1236 4464 'tiones„
1254 4394 1275 4447 a
1292 4368 1391 4449 Viris
1408 4372 1530 4547 Appul-
1556 4440 1562 4457 ,

331 4524 336 4533 -
506 4490 510 4497 ·
806 4510 809 4517 ·
901 4488 1006 4564 eet,
1414 4483 1452 4543 to
1514 4496 1540 4555 ς
