3609 5500
704 891 724 932 '³
778 892 986 974 .Secttl.1.
1044 967 1046 972 .
1448 921 1521 1002 125

286 1075 366 1156 col.
389 1073 465 1154 IV:
499 1095 537 1170 7,
563 1083 598 1157 8.
645 1073 792 1152 Philem.
819 1099 878 1170 17.
912 1077 971 1174 qui
1003 1095 1090 1154 tunc
1121 1077 1263 1156 demum
1287 1083 1431 1159 Paulum
1454 1108 1516 1160 co·

289 1175 435 1250 miratus
456 1169 531 1262 est,
553 1193 635 1246 com
658 1172 821 1270 Epheso,
854 1173 914 1246 ubi
938 1198 1004 1271 per
1028 1175 1211 1250 biennium
1238 1179 1417 1272 haeserat,
1453 1205 1518 1278 pe-

284 1289 382 1346 teret
406 1267 664 1346 Macedoniam
688 1266 770 1344 Aa.
795 1269 875 1343 XX:
901 1291 937 1360 4.
990 1271 1121 1344 Salutat
1146 1295 1286 1370 quoque
1314 1298 1347 1370 3.
1375 1275 1415 1351 in
1439 1279 1508 1374 Ep.

290 1367 332 1442 ad
353 1365 432 1442 Col.
457 1363 530 1439 IV.
554 1365 740 1440 credentes
761 1367 805 1440 ab
827 1363 1034 1443 Aristarcho
1059 1368 1226 1458 Maced„
1250 1388 1287 1442 et
1311 1373 1406 1446 Luca
1429 1375 1514 1449 Me·

292 1461 397 1552 dico,
422 1460 486 1558 qui
501 1461 642 1534 Romae
663 1461 702 1535 in
724 1459 876 1535 vinculis
891 1460 957 1557 ipsr
984 1461 1169 1538 adfuerunt
1192 1463 1274 1538 Aci.
1299 1467 1456 1542 XXVII:
1478 1493 1512 1546 2.

290 1583 324 1652 4.
348 1557 454 1632 Clara
488 1555 647 1653 prostant
680 1556 718 1631 in
744 1557 811 1652 Ep.
844 1556 887 1632 ad
918 1556 1071 1655 Philipp.
1104 1557 1235 1634 indicia
1260 1559 1417 1635 Romae:
1458 1568 1513 1642 uti

286 1655 381 1754 quod
407 1651 579 1750 praetorii
607 1677 638 1726 c.
663 1654 693 1727 1:
723 1676 778 1747 13.
809 1651 871 1726 fiat
894 1653 1054 1745 mentio,
1098 1677 1168 1750 quo
1194 1653 1339 1730 nomine
1365 1657 1510 1756 insigni·
1623 1747 1625 1752 ¹

287 1769 343 1826 tur
366 1747 596 1824 dscasterium
619 1769 825 1845 praetorum
849 1749 944 1824 urbis
968 1750 1127 1838 Romae3
1160 1767 1198 1822 et
1219 1751 1364 1827 nomine
1387 1778 1511 1832 eorum

288 1848 434 1936 salutet,
459 1844 590 1942 quide
617 1847 705 1918 darno
732 1843 883 1938 Caesaris
904 1844 984 1916 sunt
1007 1867 1039 1920 c.
1064 1846 1134 1919 IV:
1162 1867 1219 1918 22.
1245 1847 1316 1922 five
1341 1850 1508 1927 homine-s

288 1941 441 2116 Enim
469 1939 645 2108 dipnitate
670 1939 863 2110 sulupentes,
892 1938 965 2012 srve
988 1940 1132 2039 cognati
1160 1940 1333 2030 Caesaris,
1367 1946 1439 2021 srve
1464 1947 1506 2022 li·

349 2039 418 2114 tini
442 2055 483 2110 et
522 2035 600 2110 ervi
626 2035 708 2109 ina
744 2059 764 2109 a
786 2033 959 2124 Caesaris,
993 2054 1032 2107 ut
1057 2036 1180 2110 domus
1206 2036 1300 2111 idem
1325 2037 1367 2113 srt
1390 2065 1432 2115 ac
1456 2043 1508 2118 sa-

290 2133 402 2226 milia,
434 2131 691 2230 intelligantur.
737 2130 857 2204 Priora
879 2153 969 2205 vero
1001 2132 1039 2204 in
1067 2133 1207 2206 censum
1235 2133 1360 2208 venire
1382 2139 1508 2212 vincu-

292 2231 340 2322 Ir,
368 2247 407 2304 et
431 2251 511 2302 non
531 2226 747 2338 posteriora,
780 2250 826 2301 ex
847 2227 1113 2323 comparatione
1139 2252 1218 2302 cum
1245 2234 1310 2303 ada
1334 2232 1376 2303 ad
1402 2232 1502 2308 Tim.

290 2322 1507 2498 Ilh’ltl‘llhl‘llln“..oellpllhl0ltllllllll

285 2519 313 2596 I.
334 2519 428 2608 1V.‚
453 2475 676 2590 mahisestum
693 2513 754 2589 est.
804 2517 971 2589 Ceterum
989 2534 1058 2588 tres
1073 2473 1270 2611 Epistulae,
1289 2519 1330 2590 ad
1348 2519 1504 2617 Coloffen·

278 2613 355 2716 fir,
386 2609 543 2708 Ephefios
568 2630 607 2685 et
629 2611 861 2699 Philemonem,
893 2611 1059 2686 videntur
1092 2612 1215 2684 eodem
1242 2611 1317 2685 fere
1343 2632 1506 2714 ternpore

284 2713 433 2809 scriptae
458 2727 498 2783 et
512 2705 652 2798 missae,
677 2731 758 2782 cum
777 2730 901 2805 magna
928 2709 965 2781 in
994 2705 1037 2779 iis
1059 2706 1100 2781 srt
1115 2707 1307 2803 phralium,
1332 2728 1368 2783 et
1388 2735 1505 2791 rerum

285 2806 475 2905 conspicua
507 2804 690 2895 adfinitas,
732 2804 792 2877 sed
817 2806 859 2877 ad
884 2804 1036 2899 Philipp.
1069 2801 1148 2901 post
1180 2828 1256 2890 eas,
1300 2825 1337 2879 et
1368 2808 1427 2884 sub
1461 2812 1502 2884 fi-

286 2926 367 2979 nem
389 2901 639 2991 vinculorum,
682 2923 762 2974 cum
790 2898 947 2973 omniurn
979 2899 1201 2974 fidentissime
1227 2902 1351 2975 desua
1378 2905 1503 2980 libera·

284 3000 387 3075 tione
415 2996 564 3071 instante
589 2998 768 3093 loquatur,
792 3017 824 3069 c.
848 2996 877 3068 I:
907 3019 964 3086 25.
990 3015 1028 3067 et
1046 2996 1228 3092 Tychicus
1253 3020 1294 3068 ac
1314 2997 1503 3074 Timothe-

286 3120 335 3169 ut
363 3094 408 3165 'tn
432 3116 474 3163 ea
505 3112 684 3167 occurrant
710 3094 889 3180 absentes,
930 3094 968 3161 in
993 3091 1134 3181 reliquis
1167 3113 1255 3159 vero
1281 3094 1502 3181 praesentes,
1558 3094 1562 3101 ’

288 3210 376 3265 curn
401 3184 544 3260 nomine
566 3187 752 3262 Timothei
778 3207 846 3257 nec
871 3182 1068 3278 scripserit,
1095 3204 1162 3254 nec
1187 3182 1409 3272 salutaverit,
1438 3211 1504 3281 per

283 3282 495 3383 Tychicurn
510 3308 647 3382 quoque
672 3306 744 3358 non
762 3280 907 3355 miserit.
955 3280 1111 3387 Oportet
1126 3275 1243 3372 itaque
1268 3276 1317 3349 illi
1335 3277 1406 3375 jam
1425 3281 1503 3357 sue·

282 3384 357 3457 rint
381 3378 530 3467 dimisti,
556 3403 662 3478 quum
688 3379 730 3453 ad
754 3376 908 3473 Philipp.
934 3373 1078 3470 scnpsrt.

327 3476 360 3576 s.
385 3478 560 3551 CXVIII.
592 3473 767 3572 Epistola,
809 3496 896 3569 quae
925 3471 967 3545 ad
991 3469 1145 3566 Ephestos
1169 3470 1318 3546 traditur
1344 3472 1499 3573 scripta,

288 3572 377 3647 sorte
400 3570 524 3647 verius
547 3573 590 3647 ad
607 3570 849 3657 Laodicenos,
878 3567 920 3641 ad
947 3591 1034 3663 quos
1058 3567 1205 3640 omnino
1232 3569 1388 3643 exaravit
1407 3575 1502 3649 litte·

286 3693 355 3760 ras,
380 3688 422 3743 ut
438 3692 485 3743 ex
503 3672 579 3743 Col.
604 3670 690 3741 XV:
713 3674 793 3757 16.‚
819 3683 856 3736 et
870 3662 1029 3751 aliunde,
1058 3682 1179 3757 patet,
1205 3664 1333 3772 dequo
1352 3668 1424 3744 vid.
1448 3676 1499 3748 CI,

286 3764 457 3861 Vitringa
472 3768 512 3839 F.
540 3764 579 3838 in
596 3762 763 3852 Dill'ert.‚
790 3758 1036 3857 complestitur
1060 3759 1169 3831 totius
1187 3759 1368 3856 religronis
1385 3765 1500 3841 Chris·

286 3862 399 3935 tianae
418 3864 566 3935 brevem
591 3860 867 3947 enarrationem,
893 3852 1052 3950 respeflu
1070 3855 1324 3928 beneficiorum
1344 3861 1500 3953 gratiae,

287 3980 327 4031 ac
348 3956 573 4045 officiorum,
598 3978 711 4052 eoque
747 3955 818 4027 fine
843 3950 894 4025 est
922 3950 1072 4045 scripta,
1098 3969 1137 4022 ut
1155 3950 1338 4023 credentes
1364 3953 1401 4027 in
1430 3957 1503 4033 fide

286 4054 371 4125 hene
387 4052 665 4141 instruerentur,
692 4075 734 4123 ac
750 4050 1061 4122 corroborarentur
1079 4065 1199 4119 contra
1219 4048 1398 4143 perversas
1417 4056 1498 4127 Phi-

294 4148 508 4245 lusophorum
539 4148 635 4222 inter
660 4146 894 4233 Christianos,
929 4142 987 4239 qui
1012 4141 1130 4237 postea
1153 4142 1314 4216 Gnostici
1339 4144 1416 4217 sunt
1439 4151 1499 4221 ad-

299 4244 417 4337 pellari,
445 4244 659 4344 opiniones,
691 4266 731 4316 ac
756 4240 1038 4338 persecutiones,
1075 4262 1118 4310 ne
1143 4240 1294 4312 vinculis
1323 4238 1414 4309 Pauli
1442 4244 1497 4313 os-

299 4336 480 4419 seuhautur.
531 4343 591 4418 De
619 4361 690 4435 quo
713 4340 824 4438 scopo
856 4340 979 4537 c<l2arius
1007 4334 1141 4411 constat
1168 4359 1212 4410 cx
1235 4332 1497 4527 Epistkffiscn·

923 4456 943 4525 3
1349 4449 1364 4492 0
1392 4452 1428 4497 cla
1445 4454 1505 4534 es)
