3609 5500
793 913 897 987 Serus.
922 892 1027 986 iffi·
1441 883 1522 1007 305

284 1099 409 1180 Basilio
434 1098 456 1173 l.
482 1116 512 1169 c.
562 1096 747 1167 Innumera
765 1091 840 1186 ejus
865 1093 1084 1164 celebrantur
1100 1089 1263 1166 miracula
1288 1108 1325 1168 et
1350 1091 1510 1193 prophe·

284 1202 378 1287 tiae,
400 1216 504 1291 quare
524 1191 823 1281 Thaumaturgus,
844 1191 1043 1261 mirabilium
1057 1204 1226 1279 patrator,
1247 1193 1375 1264 eximie
1391 1192 1507 1265 dietus
1594 1267 1596 1270 .

289 1296 370 1381 est,
414 1313 450 1365 et
483 1289 525 1360 ab
556 1286 635 1381 ipsis
668 1282 829 1356 veritatis
862 1282 1016 1355 hostibus
1049 1286 1133 1354 alter
1166 1282 1288 1379 Muses.
1336 1289 1506 1361 Interfuit

288 1388 423 1491 'synodo
448 1385 695 1457 Antiochense
723 1399 844 1450 contra
866 1380 1003 1451 Paulum
1029 1380 1314 1471 samosatenum,
1340 1401 1375 1453 et
1402 1381 1503 1455 brevi

286 1486 369 1589 post
395 1481 624 1564 mortuus,·a.
654 1482 736 1562 265.
785 1473 857 1572 Qui
882 1476 977 1568 plura
1002 1475 1046 1547 de
1072 1478 1152 1571 lpso
1176 1475 1366 1565 desiderat,
1399 1478 1503 1550 adeat

289 1609 312 1659 e
337 1577 531 1654 Veteribus
556 1571 769 1738 Grepwrium
793 1568 1007 1665 Nyss'enum,
1047 1574 1103 1666 qui
1128 1572 1237 1645 vitam
1268 1575 1341 1670 ejus
1366 1598 1504 1646 enarra·

287 1679 369 1763 vit,
394 1693 432 1746 et
454 1669 609 1743 Bafilium
682 1723 690 1739 .
715 1667 758 1738 de
781 1664 914 1761 Spiritu
942 1669 976 1739 S.
1001 1687 1032 1739 c.
1061 1692 1116 1758 29.
1146 1688 1182 1741 et
1199 1668 1308 1764 Epist.
1334 1668 1375 1742 ad
1399 1671 1502 1742 Neo·

287 1769 480 1850 caesariens
505 1764 658 1838 Clericus
684 1785 788 1850 204,
822 1761 882 1834 ubi
916 1763 960 1834 de
994 1762 1151 1859 singulari
1176 1766 1272 1838 vitae
1305 1766 1378 1861 ejus
1404 1764 1502 1839 insts

289 1888 373 1944 tuto
396 1858 705 1959 quaedamtradit:
730 1858 824 1929 inter
845 1857 930 1946 alia,
955 1862 1047 1953 quod
1072 1863 1178 1954 capite
1195 1870 1353 1956 inoperta,
1381 1860 1502 1935 secun·

291 1965 376 2039 dum
406 1961 513 2033 1C0r.
539 1955 623 2042 XL,
649 1953 768 2025 solitus
783 1951 850 2024 fuit
875 1975 991 2042 orare,
1018 1974 1055 2028 et
1071 1976 1246 2052 nunquam
1256 1962 1385 2053 jurare.
1435 1960 1502 2030 Ce-

289 2080 406 2135 terum
432 2076 519 2149 quae
552 2053 596 2125 de
632 2047 807 2133 miraculis
831 2069 1031 2137 narrantur,
1074 2075 1137 2147 per
1163 2054 1280 2126 omnia
1310 2055 1374 2127 vix
1399 2054 1505 2127 fidem

288 2158 493 2238 merentur,-
530 2169 596 2219 nec
623 2166 744 2216 eorum
778 2142 941 2215 meminit
965 2146 1152 2239 Eusebius,
1192 2150 1334 2224 fuerunt
1358 2172 1505 2249 quoque

290 2254 467 2332 Veteres,
491 2243 529 2314 iu
544 2239 713 2338 ejusmodi
741 2238 1004 2313 narratiunculis
1027 2243 1273 2336 admittendis,
1299 2250 1403 2321 nimis
1420 2247 1506 2320 faci·
1569 2256 1571 2260 ’
1653 2326 1657 2333 ‚

288 2350 351 2423 les.
402 2343 456 2413 Ex
480 2337 769 2432 operibus'ejus,
813 2357 899 2430 quae
927 2338 1078 2432 genuina
1110 2339 1301 2433 habentur,
1346 2342 1506 2429 exstant,

291 2435 442 2535 corpseffiu
460 2436 559 2531 fidei,
584 2434 687 2504 oratio
712 2429 944 2527 panegyrica,
971 2432 1031 2504 scu
1055 2433 1275 2526 charisteria,
1307 2439 1349 2510 ad
1374 2437 1502 2533 Orige-

290 2562 394 2623 nem,
436 2533 494 2604 cui
522 2552 587 2625 pro
613 2524 952 2599 fideliinstitutione
975 2527 1103 2624 gratias
1137 2530 1173 2603 iu
1208 2556 1250 2604 ea
1275 2534 1370 2629 agit,
1413 2532 1505 2606 unde
1536 2587 1539 2592 ι

294 2634 403 2707 etiarn
427 2625 592 2700 nonnulla
617 2624 659 2694 ad
685 2623 792 2694 vitam
818 2623 893 2716 ejus
916 2623 1128 2717 pertinentia
1151 2627 1228 2722 peti
1253 2629 1414 2723 possunt,
1433 2630 1507 2714 ⁴ure·

288 2721 451 2826 taplrusts
476 2721 518 2796 ad
543 2717 735 2793 Ecctefiast.
760 2718 972 2805 Salomonis,
1005 2720 1155 2815 denique
1181 2724 1333 2820 Epistola
1368 2729 1507 2798 Canoni-

290 2852 354 2913 ca,
379 2821 423 2893 ad
446 2816 651 2912 corrigenda
665 2812 808 2901 delicta,
836 2812 1015 2886 occasione
1043 2816 1286 2893 incursationis
1304 2820 1506 2910 Gothorum

290 2922 332 2997 in
349 2920 521 3002 Pontum,
544 2934 581 2984 et
599 2909 699 2999 Asiae
717 2909 937 3005 provincias,
958 2911 1154 2985 commissa:
1180 2937 1266 3008 quae
1282 2914 1420 2995 seorsim
1440 2919 1504 2992 Gr.

290 3035 335 3091 et
351 3013 454 3099 Lat,
478 3031 545 3082 una
568 3029 650 3079 curn
675 3003 815 3077 scholiis
832 3003 1058 3095 Balsamonis,
1083 3012 1257 3101 reperitur
1272 3009 1310 3082 in
1330 3013 1504 3084 Pundetlr‘s

291 3113 458 3195 canonum
480 3101 676 3196 Beveregii.
730 3099 857 3173 Omnia
889 3121 976 3170 vero
1003 3101 1077 3193 ejus
1107 3125 1215 3193 opera
1248 3104 1344 3178 edita
1373 3106 1452 3178 sunt
1482 3128 1505 3180 a

290 3204 441 3291 vomo,
461 3220 499 3273 et
513 3198 595 3272 dein
606 3193 749 3270 Parisiis.
777 3196 845 3268 Sed
865 3189 1108 3289 Confefflonm,
1128 3196 1235 3268 modo
1255 3219 1505 3292 memoratam,

282 3297 474 3395 Gregorio
492 3292 732 3380 acatholicis,
760 3290 853 3363 forte
869 3291 944 3384 ipso
961 3291 1333 3389 GregorioNyss’eno,
1360 3293 1430 3369 else
1446 3295 1507 3370 ad·

289 3398 432 3481 fidiam,
465 3410 505 3464 ut
530 3388 689 3477 Arianis,
724 3387 782 3482 qui
806 3388 848 3459 ad
876 3388 1375 3484 Gregoriunrprovocabant,
1403 3394 1507 3468 obvi-

288 3518 348 3570 am
373 3491 502 3572 iretur,
528 3484 619 3559 haud
646 3485 733 3556 male
759 3481 911 3577 disputat
928 3485 998 3556 Vir
1015 3484 1150 3558 Doctus
1168 3485 1204 3557 in
1222 3482 1387 3562 Biblioth.
1415 3490 1506 3564 Ger·

290 3611 383 3667 man.
410 3605 437 3660 t.
462 3583 565 3657 XVI.
619 3580 701 3653 Fuit
724 3579 844 3674 utique
870 3580 1023 3652 Eusebio
1038 3580 1180 3678 ignota,
1207 3604 1245 3655 ut
1269 3607 1306 3660 et
1324 3584 1507 3682 Hierony·
1579 3599 1583 3607 ’

292 3707 377 3771 tuo,
408 3705 447 3754 ac
474 3678 570 3766 aliis,
596 3696 633 3749 et
651 3674 805 3752 ridiculis
821 3673 872 3746 est
896 3675 1023 3749 vestita
1045 3677 1366 3753 circumstantiisde
1387 3681 1506 3752 divina

292 3781 373 3869 ejus
403 3775 539 3873 origine
571 3771 660 3867 apud
686 3771 799 3864 ¹Greg.
833 3771 981 3865 Nyllen.
1034 3773 1120 3846 Vid.
1155 3772 1261 3845 etiam
1295 3774 1441 3870 Saligius
1465 3774 1504 3848 iti

291 3868 584 3963 Eutychianismo
614 3886 694 3939 ante
719 3865 904 3959 Eutychen
935 3888 1008 3955 cap.
1039 3872 1094 3939 τό.
1409 3902 1412 3908 «
1489 3871 1492 3949 f

338 3968 371 4069 s.
398 3970 500 4041 Vlll.
542 3966 639 4036 Inter
672 3957 816 4032 Latinos
853 3976 923 4031 tres
954 3958 1098 4033 illustres
1135 3959 1322 4055 scriptores
1358 3964 1508 4045 nostram

290 4064 479 4163 inprimis
504 4053 967 4143 merenturadtentionem,
1000 4056 1175 4130 Minutius
1202 4059 1321 4145 Felix,
1363 4065 1508 4159 Cypria·

264 4187 378 4258 ¹uus,
402 4157 696 4233 etNovatianus:
724 4174 869 4248 quorum
887 4150 1032 4224 duorum
1049 4153 1128 4240 hic,
1155 4154 1210 4227 sed
1229 4154 1395 4250 postremi
1412 4159 1508 4254 post·

284 4275 355 4349 (ea,
376 4259 413 4330 in
430 4252 567 4327 historia
582 4247 782 4324 Schismatis
800 4250 839 4321 N
842 4246 1017 4337 ovatiani,
1042 4249 1203 4323 notitiam
1222 4250 1363 4326 tradam.
1414 4256 1443 4326 F
1445 4256 1510 4330 uis·

287 4357 329 4451 se
345 4354 531 4430 Minatium
545 4347 694 4441 Afrum,
720 4367 766 4425 ex
787 4342 869 4420 stilo
898 4367 970 4416 non
996 4364 1153 4441 tantum,
1178 4343 1237 4444 sed
1254 4365 1352 4426 etex
1376 4367 1420 4421 eo
1438 4353 1511 4427 col·

829 4440 1006 4540 sueta
1366 4446 1510 4541 linitura
