3609 5500
816 930 924 1007 Secul.
950 929 984 1007 Ι.
1447 959 1516 1036 157

286 1106 427 1190 ritualia
453 1129 528 1187 non
551 1111 731 1204 oratorie,
763 1129 825 1187 aut
858 1112 1042 1208 elegante,
1086 1106 1146 1203 sed
1177 1105 1327 1276 simplici
1352 1129 1393 1185 et
1417 1114 1516 1188 nudo

285 1205 384 1297 stilo,
410 1208 532 1282 efferri
559 1232 602 1282 ac
628 1207 834 1282 adnuntiari
859 1210 902 1280 ab
923 1206 1118 1304 Apostolo,
1143 1228 1211 1278 nec
1260 1229 1427 1299 umanae,
1454 1209 1514 1285 sed

285 1300 455 1393 divinae,
484 1303 678 1400 sapientiae
702 1304 977 1378 convenienter:
1022 1304 1109 1398 aspar
1136 1301 1264 1375 adadu
1291 1301 1403 1403 strip.
1434 1305 1515 1381 sunt

286 1396 470 1474 sermones
491 1401 516 1474 S
543 1399 646 1474 iritua
668 1402 703 1474 S.
728 1402 832 1474 rebus
855 1419 893 1471 et
919 1400 1129 1471 revelationi
1154 1398 1315 1494 congrui.

332 1492 368 1590 ᾗ.
391 1494 492 1566 CXL
533 1550 543 1569 .
577 1503 611 1573 6.
635 1493 883 1592 Praerogativa
908 1495 1047 1602 prorsus
1078 1494 1255 1591 singularis
1278 1493 1371 1567 dona
1394 1491 1509 1588 Spiri-

285 1608 343 1663 tus
368 1590 407 1660 S.
434 1591 730 1683 extraordinaria,
764 1590 941 1687 inspecte
967 1590 1183 1687 linguarum,
1216 1611 1297 1664 cum
1323 1588 1513 1684 baptizatis

284 1707 351 1781 per
365 1683 592 1778 inpoſstiontm
615 1711 768 1762 manuam
791 1683 1104 1775 communicandi,
1120 1683 1333 1768 novin:
1362 1692 1422 1775 16,
1449 1707 1508 1783 17.

283 1798 323 1856 et
347 1780 451 1854 XIX:
478 1787 511 1856 6.
558 1782 724 1877 Denique
748 1806 782 1877 7.
806 1778 960 1877 potestas
984 1780 1220 1878 inmorigerot
1244 1778 1417 1855 divinitus
1470 1805 1508 1856 u·

285 1874 440 1952 aiendi:
482 1897 570 1973 quae
602 1881 719 1973 uirgae
751 1874 951 1973 Apostolicae
986 1875 1131 1949 nomine
1169 1871 1335 1973 insignita
1374 1898 1419 1951 ex
1470 1895 1517 1970 t,

290 1972 404 2047 1-Cor.
429 1972 499 2046 lV:
525 1993 585 2045 ar.
609 1971 690 2047 alias
715 1975 848 2047 traditio
871 1974 1018 2046 Satanae
1041 1969 1233 2070 adpellatur
1256 1970 1294 2046 in
1308 1972 1510 2068 perniciem

288 2065 424 2152 ernis,
448 2085 487 2139 et
512 2067 656 2140 salutem
684 2071 707 2142 S
733 2067 836 2142 iritua
861 2091 927 2164 per
950 2063 1223 2162 refipiscentiam
1250 2090 1266 2141 1
1288 2069 1369 2142 Cor.
1394 2064 1445 2143 V:
1465 2063 1521 2162 '5.¹

291 2179 335 2236 et
363 2161 500 2235 tTim.
531 2162 562 2236 1:
589 2185 648 2238 20.
725 2163 800 2260 ujus
825 2164 941 2237 etiam
974 2161 1139 2242 meminit
1161 2160 1352 2259 Apostolus
1384 2165 1505 2242 aCor.

290 2255 340 2344 X:
360 2258 396 2332 6.
426 2255 490 2331 ubi
515 2255 625 2348 dicit,
666 2258 704 2332 se
733 2258 772 2332 in
803 2279 949 2353 promtu
983 2258 1114 2333 habere
1142 2279 1285 2331 ornnem
1317 2254 1517 2352 vindicare:
1645 2320 1650 2330 .

287 2347 570 2427 inobedientiam
592 2370 856 2427 contumacem:
900 2376 972 2452 quo
997 2354 1105 2429 etiam
1137 2370 1212 2428 tota
1237 2351 1406 2449 pericopa
1431 2354 1507 2451 ejus

286 2466 365 2541 cap.
390 2452 505 2528 1.·-6·
536 2445 720 2521 referenda
755 2447 827 2536 est,
868 2449 962 2548 quod
995 2450 1107 2546 probe
1130 2446 1267 2522 adverti
1291 2446 1421 2538 velim,
1461 2450 1519 2525 ad¹

290 2541 521 2616 autoritatem
544 2560 631 2638 puta
655 2559 692 2615 et
714 2543 924 2640 potestatem
945 2541 1208 2638 Apostolicam,
1247 2565 1329 2618 cum
1353 2540 1391 2616 in
1418 2565 1518 2619 con·.

286 2636 489 2728 vincendo,
513 2653 589 2711 tum
614 2636 653 2710 in
676 2637 777 2735 virga
801 2638 1008 2737 Apostolica
1033 2636 1235 2734 puniendo,
1259 2635 1378 2729 litam,
1405 2633 1520 2718 conf(

287 2731 399 2807 etiam
427 2758 465 2809 v.
502 2739 536 2813 8.
582 2730 767 2808 Addantur
800 2743 832 2816 8.
869 2735 965 2833 signa
991 2731 1216 2833 Apostolatus
1251 2731 1289 2809 in
1323 2732 1442 2811 multia
1464 2756 1503 2812 et

286 2826 430 2901 eximiis
454 2827 652 2918 miraculis,
694 2853 782 2926 quae
806 2850 945 2928 patrare
972 2846 1156 2926 poterant,
1190 2829 1269 2904 data
1294 2826 1500 2924 occasione,

289 2941 331 2996 et
351 2942 551 3019 patrarum,
584 2924 691 2997 Rom.
718 2924 803 3000 XV:
833 2936 891 3017 18,
920 2948 978 3016 19.
1029 2927 1152 3000 aCor.
1177 2926 1260 2998 ΧΠ.
1296 2945 1333 2999 et
1358 2922 1501 3022 ubique.

288 3018 449 3091 Fuerunt
471 3016 648 3114 postremo
665 3017 734 3092 viri
752 3019 888 3094 summo
930 3017 1037 3094 loriae
1052 3018 1148 3108 Dei,
1174 3040 1211 3092 et
1228 3019 1328 3116 regni
1349 3020 1517 3112 Christi,

287 3114 373 3185 zelo
397 3112 572 3204 ardentes,
617 3113 814 3188 admiranda
841 3046 1024 3188 sansstitate
1058 3113 1257 3207 fulgentes,
1295 3113 1503 3205 stupendam

288 3203 526 3281 constantiam
550 3206 583 3281 in
608 3209 745 3299 labore,
771 3228 808 3281 et
828 3207 1036 3304 patientiam
1060 3205 1100 3277 iu
1124 3206 1240 3293 malis,
1263 3202 1501 3281 demonstran·

286 3319 371 3393 tea,
397 3323 484 3375 vere
503 3302 618 3400 itaque
646 3306 723 3393 lux,
748 3321 785 3375 et
799 3305 861 3398 sal
882 3306 1011 3386 maadi,
1036 3296 1186 3393 Ecclesta
1215 3303 1247 3372 in
1269 3317 1372 3372 anonte
1396 3296 1502 3397 pofito

286 3397 494 3485 etc.1lsatt.
520 3399 570 3473 V.
619 3398 724 3471 Tales
757 3399 915 3495 tantique
941 3396 1011 3471 viri
1037 3395 1121 3470 licet
1140 3394 1286 3468 suerint
1312 3397 1342 3467 A
1373 3394 1499 3491 ostoli,

286 3515 356 3571 nec
384 3509 502 3564 tamen
526 3489 646 3565 omnia
669 3516 753 3565 mox
778 3513 814 3566 et
840 3495 980 3589 semper
1002 3492 1200 3579 sciverunt,
1242 3513 1310 3563 nec
1401 3495 1499 3571 omni

287 3610 405 3661 naevo
427 3586 589 3661 inmunes
604 3585 766 3675 fuerunt,
793 3612 859 3661 nee
875 3588 1025 3684 denique
1044 3611 1109 3683 pro
1137 3584 1325 3658 autoritate
1342 3588 1497 3683 Aposto-

284 3683 351 3756 liea
375 3683 516 3851 semper
540 3702 700 3779 egerunt.
747 3683 883 3780 Utique
909 3683 946 3756 in
970 3682 1169 3780 principio,
1210 3680 1347 3776 Spiritu
1368 3687 1402 3757 S.
1423 3689 1498 3782 jam

284 3776 417 3864 effirs0,
465 3802 485 3851 e
511 3776 682 3851 Gentium
707 3780 919 3866 vocatione,
943 3798 1002 3851 aut
1025 3773 1246 3851 credentium
1273 3799 1318 3849 ex
1344 3777 1410 3851 illis
1430 3807 1513 3859 una.

285 3895 363 3947 cum
393 3872 537 3969 Jodaeis
556 3873 689 3967 aequali
714 3876 806 3947 sorte
829 3874 868 3946 in
891 3898 1003 3982 regno
1027 3874 1227 3959 coelorum,
1252 3872 1340 3945 nulla
1357 3874 1499 3968 Judaeia

284 3967 406 4045 relicta
430 3967 695 4064 praerogativa,
727 3968 771 4041 de
797 3969 884 4065 legis
915 3969 1047 4042 ritualia
1080 3964 1270 4064 plenissima
1298 3966 1511 4065 abrogatio-¹

284 4086 330 4136 ne
352 4063 568 4161 Jodaeorum
593 4086 702 4158 aeque
731 4087 776 4137 ae
800 4063 970 4137 Gentium
993 4060 1172 4160 respecto,
1212 4060 1327 4135 minua
1353 4063 1499 4145 suerunt

285 4157 464 4247 intructi,
499 4178 559 4233 aut
585 4156 750 4254 persuasi,
791 4158 842 4232 nti
866 4159 911 4233 de
934 4162 1038 4235 Petro
1054 4178 1099 4232 et
1125 4158 1258 4254 Jacobo
1285 4158 1418 4233 constat
1451 4188 1497 4241 ex

289 4252 368 4329 aetia
389 4252 518 4351 Apost.
544 4256 577 4326 X
601 4272 639 4324 ct
662 4255 758 4327 XXI.
810 4251 1060 4329 Existimarunt
1094 4254 1188 4326 sorte
1223 4254 1261 4326 in
1294 4253 1499 4360 principio,

286 4347 326 4421 se
346 4352 389 4428 ad
413 4349 588 4428 israelitas
614 4345 716 4425 suiffe
747 4348 893 4523 millosx}
926 4352 1025 4428 etin
1050 4348 1187 4427 thronis
1217 4348 1403 4425 duodecim
1421 4350 1497 4519 thri·

918 4469 940 4544 3
1459 4468 1503 4521 aa
