3609 5500
223 432 1630 734 -ιΙ

667 957 688 1034 ι’
812 959 923 1048 Serui.
955 967 994 1047 1:
1403 1052 1405 1055 ,
1462 977 1515 1068 33·

283 1161 351 1227 t'um
386 1140 477 1250 ergo
512 1150 584 1244 est,
626 1172 697 1250 quo
723 1141 1034 1241 crucifixus'suit,
1067 1150 1112 1227 de
1138 1173 1207 1247 quo
1236 1151 1368 1250 postea.
1416 1147 1507 1225 Cum

286 1252 406 1345 itaque
443 1273 462 1320 a
496 1250 616 1345 primo
649 1248 812 1345 paschate
846 1250 884 1321 in
920 1249 1042 1345 primis
1073 1251 1248 1344 publicam
1275 1247 1445 1323 Dotboris
1470 1280 1508 1331 et

287 1344 415 1440 Legati
432 1346 505 1418 Dei
532 1344 715 1441 personam
734 1366 840 1448 agere
863 1346 1045 1441 coeperit,
1072 1365 1109 1417 et
1126 1346 1251 1419 ultimo
1271 1345 1381 1419 suerit
1398 1374 1418 1420 e
1438 1364 1506 1425 ter.

288 1465 326 1513 ra
346 1442 551 1514 viventium
586 1442 735 1530 ablatus,
767 1458 835 1513 tres
860 1462 970 1513 annos
994 1442 1190 1535 completos
1224 1441 1377 1514 muneris
1407 1444 1505 1522 sunc-

288 1538 382 1610 tioni
407 1536 626 1627 insumserit,
658 1536 796 1610 necesse
824 1535 889 1609 est.
943 1537 1048 1641 Quod
1077 1536 1101 1609 li
1137 1536 1278 1610 initium
1306 1538 1380 1632 ejus
1405 1562 1507 1641 repe·

287 1653 384 1706 tatur
407 1656 429 1705 a
453 1633 627 1730 baptismo
653 1632 835 1728 suscepto,
874 1654 945 1729 quo
980 1631 1150 1705 divinitus
1177 1632 1227 1707 est
1260 1632 1505 1729 inauguratus,

286 1732 502 1824 aliquantum
527 1729 702 1825 temporis
725 1730 832 1800 tubus
857 1727 924 1802 illis
948 1728 1049 1801 annis
1072 1726 1267 1802 addendum
1293 1728 1365 1817 est,
1410 1734 1506 1828 quod

288 1852 309 1897 a
333 1826 509 1921 baptismo
534 1827 577 1898 ad
602 1823 753 1920 primum
782 1824 927 1919 pascha,
967 1848 1038 1919 quo
1064 1823 1347 1922 Hierosolymam
1372 1830 1517 1920 rediit,¹

291 1922 369 2017 Joh.
396 1924 445 1993 11:
477 1945 533 2014 13.
558 1919 686 2008 fluxit,
711 1920 887 1992 incertum
914 1941 1092 2016 quantum.
1560 1991 1562 1995 .

339 2016 371 2114 5.
406 2019 560 2090 XXXll.
604 2016 822 2089 Intermedio
853 2033 970 2112 autem
997 2015 1055 2088 illo
1079 2032 1275 2109 tempore,
1318 2034 1358 2088 ut
1383 2019 1510 2094 ordine

294 2113 364 2209 ejus
380 2111 455 2186 sata
477 2130 515 2184 et
531 2110 647 2208 gesta,
672 2110 729 2183 sed
747 2110 885 2219 paucis,
912 2133 1089 2200 enarrem,
1118 2134 1148 2184 1.
1174 2110 1309 2206 Spiritu
1338 2111 1374 2184 in
1393 2116 1508 2187 deser·

295 2230 364 2282 tum
389 2207 559 2282 abdutbus
581 2229 632 2299 40
654 2205 728 2280 dies
751 2210 803 2279 rbi
832 2206 953 2295 trivit,
974 2232 998 2279 a
1012 2210 1136 2280 Satana
1159 2223 1333 2297 tentatus,
1358 2208 1511 2287 sednon

292 2306 497 2402 superatus,
522 2303 607 2399 quin
622 2303 700 2399 ejus
725 2302 862 2393 vislor,
889 2322 926 2376 et
941 2302 1101 2377 ababtor:
1128 2300 1177 2374 ita
1200 2321 1239 2376 ut
1261 2306 1303 2376 ab
1328 2304 1406 2399 ipso
1429 2305 1509 2403 sup·

292 2400 484 2498 plantando
516 2398 680 2472 defistere
704 2399 888 2490 debuerit,
928 2397 1049 2494 postea
1081 2398 1211 2494 majore
1244 2398 1281 2473 vi
1307 2398 1419 2497 ipsum
1452 2402 1511 2476 ad

294 2498 490 2594 gressuros,
516 2494 707 2593 sicutsecit
722 2514 794 2568 tem
824 2518 884 2568 ore
900 2494 1086 2589 paffionis;
1113 2517 1219 2589 quare
1244 2496 1329 2569 Luc.
1356 2498 1424 2570 lV:
1454 2522 1509 2594 13.

292 2598 434 2667 Satanas
449 2595 496 2665 ad
511 2612 636 2687 tempus
651 2589 765 2686 ipsum
788 2520 1007 2686 dereliquisse
1023 2590 1164 2664 dicitur.
1218 2590 1317 2690 Quae
1336 2594 1510 2683 tentatio,

292 2689 407 2763 sinon
432 2688 471 2762 in
497 2688 573 2762 viso
599 2684 787 2777 ecstatico,
808 2687 907 2783 -quod
934 2685 1090 2759 nonnulli
1118 2708 1189 2759 non
1217 2686 1288 2761 fine
1304 2686 1421 2785 specie
1445 2689 1513 2763 dis·

294 2805 439 2882 putant,
466 2784 524 2858 sed
549 2785 695 2880 proprie
719 2803 763 2857 et
778 2782 1027 2880 corporaliter,
1051 2784 1146 2880 quod
1171 2782 1260 2873 mihi
1283 2785 1425 2859 videtur
1449 2807 1512 2860 ve·

291 2882 385 2973 rius,
410 2899 449 2953 et
466 2878 701 2966 communiter
723 2877 940 2968 admittitur,
964 2900 1112 2976 propter
1137 2880 1346 2954 narrationis
1372 2880 1513 2955 histori-

291 3001 352 3051 cae
388 2975 669 3071 srmplieitatem,
710 2977 780 3049 duo
805 2995 940 3065 tamen,
983 2975 1077 3050 forte
1103 2978 1218 3051 minus
1241 2979 1301 3050 vul
1328 2995 1403 3066 ata,
1438 3000 1510 3052 non

290 3072 433 3170 polium
451 3072 535 3167 quin
558 3071 695 3161 obiter,
719 3072 760 3146 ad
776 3071 981 3169 ungularem
1002 3072 1096 3146 hunc
1123 3075 1236 3147 casum
1254 3001 1349 3146 [θέε
1370 3074 1513 3235 capien-

294 3170 406 3253 dum,
443 3167 614 3261 proferam
645 3166 840 3241 observata.
899 3171 1010 3237 Unum
1043 3167 1114 3253 est,
1147 3171 1328 3252 satanam,
1362 3167 1404 3237 ad
1422 3185 1517 3241 umta

293 3260 451 3361 persona
471 3259 596 3360 Angeli
610 3263 716 3351 boni,
742 3261 822 3351 seu,
848 3279 887 3334 ut
915 3263 1028 3337 2C0r.
1056 3260 1120 3332 Xl:
1150 3283 1204 3352 14.
1232 3259 1276 3332 de
1301 3258 1378 3356 ipso
1404 3258 1515 3334 tradi·

291 3378 372 3447 tur,
408 3359 511 3447 lucis,
544 3374 623 3433 cum
653 3356 792 3432 Christo
817 3380 837 3430 e
866 3355 946 3448 lle,
979 3372 1018 3428 et
1041 3359 1083 3431 ab
1108 3355 1184 3452 ipso
1216 3353 1400 3430 trablaturn
1424 3355 1517 3448 else,
1555 3382 1561 3392 ·

292 3457 413 3528 donec
431 3452 549 3528 ultima
567 3453 765 3529 tentatione
782 3380 1038 3550 maiignitatem
1055 3453 1253 3542 detexerit,
1272 3471 1310 3525 et
1325 3478 1345 3527 a
1362 3453 1516 3546 Christe,

296 3550 405 3623 titulo
433 3552 577 3625 Satanae
604 3548 754 3640 inustus,
786 3547 941 3647 repulsus
965 3547 1028 3637 srt,
1069 3566 1107 3620 et
1132 3548 1310 3622 discedere
1342 3549 1516 3627 debuerit.

296 3648 351 3720 Ex
374 3670 446 3743 quo
461 3645 556 3720 limul
582 3646 713 3742 liquet,
738 3645 900 3719 ordinem
925 3645 1162 3718 tentationum
1190 3645 1260 3718 else
1275 3648 1516 3741 perturbatum

296 3746 383 3816 Luc.
411 3744 503 3835 1v.‚
527 3741 588 3816 ubi
625 3745 782 3817 erundum
800 3743 917 3816 locum
934 3757 1034 3812 tenet
1052 3741 1202 3816 tentatio
1219 3741 1264 3814 de
1280 3741 1398 3839 regnis
1413 3767 1515 3818 mun·

295 3839 330 3914 di
346 3836 488 3913 Christo
511 3838 652 3930 dandis,
676 3861 764 3933 quae
791 3860 875 3911 vere
901 3836 1006 3910 tertia
1032 3834 1102 3909 fuit
1125 3855 1162 3911 et
1177 3837 1318 3925 ultima,
1344 3856 1382 3909 ut
1404 3839 1520 3918 Matr,
1582 3853 1584 3856 ⁴

299 3938 366 4009 lv.
390 3935 563 4025 habetur,
595 3953 705 4008 etex
729 3955 773 4005 eo
790 3934 1039 4022 confirmatur,
1075 3933 1169 4028 quod
1192 3935 1334 4006 Satanas
1355 3933 1520 4029 jubeatur

296 4030 488 4105 discedere.
532 4029 649 4105 Gesslt
669 4031 786 4127 itaque
811 4030 881 4103 sese
899 4053 982 4127 erga
1001 4027 1195 4119 Christum,
1219 4027 1407 4103 secundum
1423 4031 1519 4106 Ada-

295 4153 413 4219 mum,
447 4128 535 4202 sicut
561 4149 641 4200 curn
692 4126 784 4201 rimo
811 4145 932 4222 egerat
955 4125 993 4198 in
1017 4125 1196 4217 Paradiso,
1235 4122 1370 4200 nonin
1396 4145 1432 4198 et
1457 4128 1520 4201 sub

296 4224 479 4320 serpente,
509 4223 581 4297 sed
604 4219 642 4296 in
665 4151 778 4298 sonna
805 4223 919 4317 angeli
944 4220 1051 4310 lueis3
1075 4222 1150 4314 uti,
1175 4221 1254 4319 post
1271 4221 1519 4318 Amyraldum,

299 4318 577 4418 aC.V1‘tringa
602 4319 639 4392 P.
665 4319 754 4394 adn
786 4377 794 4394 .
820 4319 901 4393 XII.
927 4337 965 4391 et
987 4320 1052 4407 F.‚
1077 4317 1117 4393 in
1139 4316 1372 4418 peculiaribus
1399 4313 1521 4387 disser-

300 4417 517 4506 rationibus,
560 4415 698 4495 abunde
729 4343 781 4498 eli
813 4413 983 4495 evitium.
1034 4415 1152 4520 Quem
1183 4434 1367 4508 utrumque
1401 4407 1524 4505 casum

339 4512 428 4601 Tem.
456 4511 535 4590 m.
890 4510 924 4586 E
1398 4506 1520 4586 Paulus
