3609 5500
307 917 385 1010 σῃ
693 902 844 1005 antona
875 898 1149 1006 nceteyctnyt.
1297 875 1300 882 ’

311 1110 398 1182 ant,
434 1085 525 1163 uuila
548 1081 634 1162 licet
667 1083 911 1183 poenitentiae
944 1086 1024 1181 lege
1057 1083 1249 1164 observata.
1298 1083 1450 1186 lte-qo
1473 1101 1526 1176 te,

311 1187 477 1264 meritate
509 1179 719 1280 conquestor
749 1179 801 1256 est
832 1181 998 1281 Cyprian.
1031 1204 1088 1278 ep.
1115 1204 1173 1258 22.
1205 1179 1280 1258 vid.
1313 1200 1353 1256 et
1386 1205 1442 1282 ep.
1465 1205 1521 1262 at.

314 1309 348 1382 3.
371 1279 642 1377 Adscripserunt
691 1301 824 1374 troque,
863 1280 958 1387 quod
981 1279 1052 1352 hoc
1076 1299 1236 1375 tempore
1258 1301 1398 1354 novum
1432 1299 1523 1372 erat,

310 1301 1000 1549 φῑιΐηγςτωηίἰηιεζὲεᾷδοηὲίὲυῖἑιυίῃίυω
1024 1373 1115 1543 apl-ud
1138 1372 1418 1543 ipsuit‘ritmikum.
1446 1376 1525 1570 „85

310 1502 387 1554 re
491 1494 613 1546 tant
676 1495 724 1541 ι.
908 1493 1212 1547 tstctentustt
1392 1492 1412 1542 e

309 1499 658 1744 1{aditeriipplnrinnnn
684 1495 1035 1660 nrortyrntnprnerr‘ta,
1072 1581 1105 1639 et
1136 1494 1232 1659 opita
1260 1569 1306 1666 jn
1458 1587 1521 1645 etc.

395 1689 466 1763 quo
487 1664 588 1759 supra
608 1660 640 1760 i.
666 1662 799 1736 XXXI.
825 1662 925 1757 plura
946 1659 1034 1736 dixi.
1079 1658 1204 1751 Addo,
1221 1660 1521 1762 intercessionibue

310 1781 501 1860 martyrum
522 1761 595 1856 jam
618 1756 708 1832 adeo
733 1755 845 1830 fidisse
869 1756 1018 1846 mustos,
1048 1777 1087 1832 ut
1108 1779 1253 1852 pacem,
1288 1759 1334 1834 ab
1362 1757 1446 1855 Ipsi·
1463 1759 1516 1834 da·

309 1875 403 1948 tam,
443 1880 512 1954 pro
544 1854 617 1952 ipsa
649 1852 836 1929 habuerint
868 1852 1067 1926 remissione
1090 1851 1232 1945 divina,
1266 1877 1378 1952 quam
1405 1853 1513 1965 itaque

309 1951 481 2053 Episcopi
505 1949 577 2026 stne
610 1949 772 2024 examine
809 1947 997 2021 admittere
1034 1946 1237 2040 debebant,
1279 1949 1516 2046 poenitentiae

308 2053 396 2128 licet
417 2049 554 2144 tegibus
576 2068 649 2119 non
674 2042 876 2119 observatis.
928 2043 1042 2142 Quam
1069 2045 1305 2119 temeritatem
1334 2065 1519 2138 memorat,

307 2146 407 2223 simui
423 2145 582 2231 damnat,
606 2140 772 2236 Cypriam
796 2162 817 2213 e
846 2196 855 2215 .
882 2162 928 2231 29
955 2157 993 2212 et
1011 2162 1069 2235 30.
1118 2161 1157 2232 4.
1179 2140 1386 2242 Martyrum
1402 2159 1440 2216 et
1454 2141 1519 2220 vir·

307 2242 431 2340 ginum
446 2233 748 2310 interceffionibur
772 2234 843 2308 see
865 2233 904 2310 iu
935 2233 1006 2308 hac
1034 2233 1129 2326 vita,
1170 2233 1267 2333 quod-
1298 2233 1410 2312 etiam
1438 2237 1519 2314 novi

307 2333 393 2436 quid
413 2351 509 2422 erat,
537 2330 610 2429 jam
633 2330 946 2420 commendarunt,
976 2349 1015 2403 ut
1031 2328 1072 2404 in
1086 2330 1197 2406 coelia
1217 2353 1284 2428 pro
1308 2331 1349 2408 st
1373 2351 1517 2410 warenn

306 2436 434 2514 Preces
456 2427 598 2528 quidem
621 2423 665 2500 ad
691 2448 772 2517 eor,
807 2423 940 2523 jamin
970 2426 1109 2501 eoelum
1135 2425 1335 2521 adfirmtoe,
1366 2427 1516 2504 noudum
1542 2491 1544 2495 .

304 2531 532 2614 direxerunt,
555 2523 636 2611 sed,
662 2544 706 2596 an
768 2545 846 2596 uam
864 2518 1124 2611 euvenissent,
1148 2540 1312 2614 orarunt,
1349 2543 1389 2602 ut
1404 2524 1453 2600 sui
1468 2521 1516 2600 es·

305 2627 382 2708 sent
407 2643 602 2709 memorer,
626 2638 750 2692 crema
798 2617 917 2690 Deum
940 2615 1119 2691 venerint.
1168 2615 1229 2700 Sic
1252 2617 1368 2716 Epist.
1392 2643 1449 2716 57.
1470 2617 1512 2696 ad

304 2716 530 2804 Cornelium,
555 2714 593 2789 in
607 2712 673 2791 fin..
685 2735 835 2788 mentones
851 2707 953 2810 nttstn
970 2715 1105 2790 invitem
1115 2710 1243 2808 finnt,
1260 2712 1381 2815 iuquit
1397 2713 1516 2817 Cypri·

304 2840 386 2903 an,
409 2814 576 2888 concordet
590 2827 686 2904 atque
702 2812 871 2883 unanimes
884 2811 1048 2905 utrobique
1059 2830 1119 2905 pro
1135 2808 1363 2909 nobitsmnptr
1373 2834 1512 2901 mm,

302 2929 336 2995 et
358 2909 391 3006 fi
412 2913 485 3004 pair
506 2904 605 3006 istinc
628 2904 766 3003 nrtstrurn
785 2908 875 3001 prior
892 2906 1019 2980 divinoe
1035 2906 1233 3000 dignationis
1246 2911 1415 2987 celeritate
1426 2929 1516 3007 pree·

302 3010 447 3108 usserit,
485 3008 662 3102 perseveret
684 3002 773 3099 apud
791 3003 966 3077 Dominum
997 2999 1105 3098 nostre
1128 3002 1255 3078 dilessin
1271 3023 1332 3100 pro
1347 3004 1516 3104 fratribus

302 3127 337 3182 et
353 3104 518 3205 strennuus
546 3097 683 3198 nostrie,
714 3100 801 3196 opud
823 3097 1074 3186 misericordiam
1094 3099 1207 3176 Patris
1228 3122 1290 3177 non
1331 3102 1427 3201 ceffet
1447 3124 1517 3179 tta·

302 3210 364 3279 tio.
414 3202 574 3304 Quorum
595 3196 710 3272 seusun
733 3193 804 3286 est,
837 3218 938 3285 eum,
1003 3192 1038 3267 ui
1065 3191 1168 3290 prior
1190 3218 1405 3289 coronatur,
1446 3222 1517 3275 nou

300 3301 433 3389 debere
457 3299 501 3369 ab
524 3293 688 3367 oratione
718 3314 782 3387 pro
811 3291 905 3365 vivis
937 3312 979 3362 ce
1008 3312 1086 3378 are,
1131 3287 1226 3366 secus
1255 3303 1299 3369 ac
1331 3297 1447 3371 Fertur
1477 3288 1518 3371 ad

299 3399 412 3490 cypr.
438 3390 622 3485 opinatur,
654 3386 714 3482 qui
740 3386 786 3459 de
811 3408 873 3475 eo,
908 3384 966 3483 qui
999 3384 1036 3460 in
1060 3385 1155 3460 vivis
1177 3407 1298 3464 manet
1326 3389 1518 3488 superstet,

298 3486 493 3577 intelligit,
533 3482 599 3554 aest
629 3481 660 3554 ir
691 3480 728 3553 in
782 3480 962 3553 recatione
993 3504 1142 3579 pergere
1173 3480 1336 3557 deberet:
1376 3483 1469 3580 quod
1492 3508 1518 3561 a

299 3578 400 3663 sensu
430 3575 502 3651 loci
536 3576 684 3649 omnino
709 3505 893 3682 abiorret:
935 3575 1048 3649 sermo
1078 3577 1175 3652 enim
1202 3578 1246 3653 de
1267 3600 1310 3653 eo
1333 3576 1405 3667 est,
1447 3576 1513 3675 qui

328 3677 400 3753 rior
416 3671 615 3771 praecessit,
646 3685 684 3742 et
708 3668 752 3742 de
771 3688 933 3744 oratione
953 3693 1030 3755 ,non
1049 3671 1220 3751 cessatura
1232 3670 1415 3759 admonet,
1448 3672 1514 3751 ubi

297 3771 417 3851 videri
446 3768 558 3866 posset
582 3768 700 3845 locum
723 3787 794 3841 non
821 3763 1001 3858 habitura,
1035 3769 1202 3845 nimirum
1227 3767 1406 3848 incoctis.
1457 3772 1515 3847 De

301 3868 535 3967 Virginibus,
559 3865 680 3961 quibus
703 3862 736 3935 se
761 3863 987 3938 commendat
1013 3865 1228 3961 Cyprianus,
1263 3867 1432 3965 egregius
1454 3890 1515 3943 ex·

301 3970 367 4046 stat
394 3968 492 4039 locus
516 3963 552 4036 in
577 3962 636 4036 sib.
662 3962 707 4033 de
729 3960 844 4032 herbita
863 3962 1043 4052 virginum,
1067 3961 1152 4051 fin,
1176 3978 1303 4036 tanturn
1328 3978 1516 4039 mementote

300 4083 379 4141 tunt
402 4056 519 4169 nnfl'ri,
545 4081 616 4129 cntn
640 4059 769 4148 incipiet
795 4061 829 4128 in
852 4059 940 4129 tobis
964 4057 1139 4150 virginitas
1156 4059 1327 4151 maneri,
1353 4082 1426 4137 uon
1448 4082 1513 4158 pet

298 4175 526 4251 martynum,
557 4171 598 4230 ut
622 4152 751 4238 Fellus,
785 4170 823 4224 et
846 4149 1031 4225 noviffime
1055 4151 1224 4244 Baluiiut,
1255 4155 1422 4252 accepit,
1454 4152 1512 4231 sed

299 4276 366 4359 per
388 4271 557 4328 eoronam
579 4243 787 4335 coelestem3
826 4245 985 4344 martyrii
1011 4245 1103 4323 euim
1130 4247 1193 4325 hic
1225 4250 1319 4327 nuta
1344 4251 1389 4327 fit
1414 4274 1514 4326 men·

291 4352 376 4447 tior
400 4345 556 4450 tkgioea
577 4367 664 4426 veto
685 4365 795 4441 aeque
820 4367 861 4424 ac
884 4345 1299 4450 momenmentum
1324 4347 1369 4433 ad
1391 4344 1518 4527 paneg

216 4490 218 4495 .
277 4506 299 4545 ἦ
357 4482 361 4487 .
1270 4516 1276 4531 ι
