<?xml version="1.0" encoding="UTF-8"?>
<!DOCTYPE html PUBLIC "-//W3C//DTD XHTML 1.0 Transitional//EN"
    "http://www.w3.org/TR/xhtml1/DTD/xhtml1-transitional.dtd">
<html xmlns="http://www.w3.org/1999/xhtml" xml:lang="en" lang="en">
 <head>
  <title>
</title>
<meta http-equiv="Content-Type" content="text/html;charset=utf-8" />
  <meta name='ocr-system' content='tesseract 3.04.00' />
  <meta name='ocr-capabilities' content='ocr_page ocr_carea ocr_par ocr_line ocrx_word'/>
</head>
<body>
  <div class='ocr_page' id='page_1' title='image "./hermannivenemai05venegoog_0023.png"; bbox 0 0 3609 5500; ppageno 0'>
   <div class='ocr_carea' id='block_1_1' title="bbox 292 954 1133 1061">
    <p class='ocr_par' dir='ltr' id='par_1_1' title="bbox 292 954 1133 1061">
     <span class='ocr_line' id='line_1_1' title="bbox 292 954 1133 1061; baseline 0.01 -31"><span class='ocrx_word' id='word_1_1' title='bbox 292 976 349 1042; x_wconf 74' lang='grc' dir='ltr'><strong>ιο</strong></span> <span class='ocrx_word' id='word_1_2' title='bbox 687 957 835 1061; x_wconf 70' lang='lat' dir='ltr'><strong>Historia</strong></span> <span class='ocrx_word' id='word_1_3' title='bbox 856 954 986 1061; x_wconf 78' lang='lat' dir='ltr'><strong>Eccles.</strong></span> <span class='ocrx_word' id='word_1_4' title='bbox 1015 960 1133 1061; x_wconf 69' lang='lat' dir='ltr'><strong>alost.</strong></span> 
     </span>
    </p>
   </div>
   <div class='ocr_carea' id='block_1_2' title="bbox 216 1134 1569 4410">
    <p class='ocr_par' dir='ltr' id='par_1_2' title="bbox 297 1134 1524 1241">
     <span class='ocr_line' id='line_1_2' title="bbox 297 1134 1524 1241; baseline -0.001 -21"><span class='ocrx_word' id='word_1_5' title='bbox 297 1145 339 1220; x_wconf 90' lang='lat' dir='ltr'><strong>lis</strong></span> <span class='ocrx_word' id='word_1_6' title='bbox 365 1140 472 1231; x_wconf 83' lang='lat' dir='ltr'><strong>Rerr,</strong></span> <span class='ocrx_word' id='word_1_7' title='bbox 507 1134 608 1213; x_wconf 70' lang='lat' dir='ltr'><strong>amur</strong></span> <span class='ocrx_word' id='word_1_8' title='bbox 628 1137 702 1235; x_wconf 76' lang='lat' dir='ltr'><strong>ejus</strong></span> <span class='ocrx_word' id='word_1_9' title='bbox 729 1159 767 1215; x_wconf 93' lang='lat' dir='ltr'><strong>et</strong></span> <span class='ocrx_word' id='word_1_10' title='bbox 792 1143 953 1241; x_wconf 83' lang='lat' dir='ltr'><strong>gentium</strong></span> <span class='ocrx_word' id='word_1_11' title='bbox 982 1142 1164 1235; x_wconf 82' lang='lat' dir='ltr'><strong>servator,</strong></span> <span class='ocrx_word' id='word_1_12' title='bbox 1205 1163 1246 1217; x_wconf 87' lang='lat' dir='ltr'><strong>ac</strong></span> <span class='ocrx_word' id='word_1_13' title='bbox 1272 1138 1447 1216; x_wconf 84' lang='lat' dir='ltr'><strong>Eccleliae</strong></span> <span class='ocrx_word' id='word_1_14' title='bbox 1472 1160 1524 1220; x_wconf 69' lang='lat' dir='ltr'><strong>ex</strong></span> 
     </span>
    </p>

    <p class='ocr_par' dir='ltr' id='par_1_3' title="bbox 296 1237 1518 1335">
     <span class='ocr_line' id='line_1_3' title="bbox 296 1237 1518 1335; baseline -0.002 -21"><span class='ocrx_word' id='word_1_15' title='bbox 296 1237 463 1314; x_wconf 85' lang='lat' dir='ltr'><strong>Israelitis</strong></span> <span class='ocrx_word' id='word_1_16' title='bbox 486 1260 528 1310; x_wconf 87' lang='lat' dir='ltr'><strong>ae</strong></span> <span class='ocrx_word' id='word_1_17' title='bbox 555 1241 719 1333; x_wconf 88' lang='lat' dir='ltr'><strong>gentibus</strong></span> <span class='ocrx_word' id='word_1_18' title='bbox 747 1239 940 1328; x_wconf 84' lang='lat' dir='ltr'><strong>conflatae,</strong></span> <span class='ocrx_word' id='word_1_19' title='bbox 967 1257 1005 1312; x_wconf 86' lang='lat' dir='ltr'><strong>et</strong></span> <span class='ocrx_word' id='word_1_20' title='bbox 1036 1242 1079 1314; x_wconf 89' lang='lat' dir='ltr'><strong>in</strong></span> <span class='ocrx_word' id='word_1_21' title='bbox 1106 1263 1214 1312; x_wconf 88' lang='lat' dir='ltr'><strong>unum</strong></span> <span class='ocrx_word' id='word_1_22' title='bbox 1240 1263 1371 1335; x_wconf 87' lang='lat' dir='ltr'><strong>eorpus</strong></span> <span class='ocrx_word' id='word_1_23' title='bbox 1397 1239 1518 1312; x_wconf 84' lang='lat' dir='ltr'><strong>redae·</strong></span> 
     </span>
    </p>

    <p class='ocr_par' dir='ltr' id='par_1_4' title="bbox 295 1332 1552 1530">
     <span class='ocr_line' id='line_1_4' title="bbox 295 1332 1552 1431; baseline 0 -23"><span class='ocrx_word' id='word_1_24' title='bbox 295 1347 376 1423; x_wconf 85' lang='lat' dir='ltr'>tae,</span> <span class='ocrx_word' id='word_1_25' title='bbox 412 1353 538 1429; x_wconf 82' lang='lat' dir='ltr'><strong>caput,</strong></span> <span class='ocrx_word' id='word_1_26' title='bbox 563 1332 699 1428; x_wconf 85' lang='lat' dir='ltr'><strong>JESUS</strong></span> <span class='ocrx_word' id='word_1_27' title='bbox 724 1335 992 1425; x_wconf 83' lang='lat' dir='ltr'><strong>CHRISTUS,</strong></span> <span class='ocrx_word' id='word_1_28' title='bbox 1035 1335 1225 1414; x_wconf 80' lang='lat' dir='ltr'>Dominus,</span> <span class='ocrx_word' id='word_1_29' title='bbox 1242 1336 1377 1409; x_wconf 88' lang='lat' dir='ltr'>noster:</span> <span class='ocrx_word' id='word_1_30' title='bbox 1420 1337 1552 1431; x_wconf 73' lang='lat' dir='ltr'><strong>cujus.</strong></span> 
     </span>
     <span class='ocr_line' id='line_1_5' title="bbox 296 1430 1525 1530; baseline 0 -24"><span class='ocrx_word' id='word_1_31' title='bbox 296 1449 409 1519; x_wconf 73' lang='lat' dir='ltr'><strong>ortus,</strong></span> <span class='ocrx_word' id='word_1_32' title='bbox 434 1435 508 1504; x_wconf 73' lang='lat' dir='ltr'><strong>rito</strong></span> <span class='ocrx_word' id='word_1_33' title='bbox 525 1447 562 1501; x_wconf 89' lang='lat' dir='ltr'><strong>et</strong></span> <span class='ocrx_word' id='word_1_34' title='bbox 588 1433 717 1519; x_wconf 71' lang='lat' dir='ltr'><strong>exieus,</strong></span> <span class='ocrx_word' id='word_1_35' title='bbox 744 1431 892 1523; x_wconf 80' lang='lat' dir='ltr'><strong>ordine,</strong></span> <span class='ocrx_word' id='word_1_36' title='bbox 914 1433 974 1506; x_wconf 87' lang='lat' dir='ltr'><strong>sed</strong></span> <span class='ocrx_word' id='word_1_37' title='bbox 999 1431 1202 1524; x_wconf 61' lang='lat' dir='ltr'><strong>maciniie,</strong></span> <span class='ocrx_word' id='word_1_38' title='bbox 1223 1450 1390 1529; x_wconf 85' lang='lat' dir='ltr'><strong>quantum</strong></span> <span class='ocrx_word' id='word_1_39' title='bbox 1407 1430 1525 1530; x_wconf 89' lang='lat' dir='ltr'><strong>scopo</strong></span> 
     </span>
    </p>

    <p class='ocr_par' dir='ltr' id='par_1_5' title="bbox 295 1523 1429 1615">
     <span class='ocr_line' id='line_1_6' title="bbox 295 1523 1429 1615; baseline -0.008 -11"><span class='ocrx_word' id='word_1_40' title='bbox 295 1525 455 1615; x_wconf 83' lang='lat' dir='ltr'><strong>sufficit,</strong></span> <span class='ocrx_word' id='word_1_41' title='bbox 480 1523 531 1597; x_wconf 90' lang='lat' dir='ltr'><strong>est</strong></span> <span class='ocrx_word' id='word_1_42' title='bbox 556 1525 781 1599; x_wconf 80' lang='lat' dir='ltr'><strong>enarrandus.</strong></span> <span class='ocrx_word' id='word_1_43' title='bbox 1425 1587 1429 1595; x_wconf 91' lang='lat'><em>.</em></span> 
     </span>
    </p>

    <p class='ocr_par' dir='ltr' id='par_1_6' title="bbox 293 1620 1524 1912">
     <span class='ocr_line' id='line_1_7' title="bbox 344 1620 1518 1722; baseline 0.003 -27"><span class='ocrx_word' id='word_1_44' title='bbox 344 1623 376 1722; x_wconf 79' lang='lat'><strong>§.</strong></span> <span class='ocrx_word' id='word_1_45' title='bbox 403 1623 451 1695; x_wconf 91' lang='lat' dir='ltr'><strong>X.</strong></span> <span class='ocrx_word' id='word_1_46' title='bbox 494 1624 583 1693; x_wconf 86' lang='lat' dir='ltr'><strong>Cum</strong></span> <span class='ocrx_word' id='word_1_47' title='bbox 608 1622 790 1696; x_wconf 87' lang='lat' dir='ltr'><strong>adortum</strong></span> <span class='ocrx_word' id='word_1_48' title='bbox 820 1622 895 1718; x_wconf 73' lang='lat' dir='ltr'><strong>ejus</strong></span> <span class='ocrx_word' id='word_1_49' title='bbox 918 1620 1019 1696; x_wconf 88' lang='lat' dir='ltr'><strong>inter</strong></span> <span class='ocrx_word' id='word_1_50' title='bbox 1041 1624 1205 1698; x_wconf 78' lang='lat' dir='ltr'><strong>homines</strong></span> <span class='ocrx_word' id='word_1_51' title='bbox 1230 1622 1371 1698; x_wconf 67' lang='lat' dir='ltr'><strong>⁴noticia·</strong></span> <span class='ocrx_word' id='word_1_52' title='bbox 1396 1644 1518 1718; x_wconf 81' lang='lat' dir='ltr'><strong>paren·</strong></span> 
     </span>
     <span class='ocr_line' id='line_1_8' title="bbox 294 1716 1524 1816; baseline 0.002 -22"><span class='ocrx_word' id='word_1_53' title='bbox 294 1738 364 1795; x_wconf 72' lang='lat' dir='ltr'><strong>lum</strong></span> <span class='ocrx_word' id='word_1_54' title='bbox 387 1736 424 1789; x_wconf 86' lang='lat' dir='ltr'><strong>et</strong></span> <span class='ocrx_word' id='word_1_55' title='bbox 450 1716 625 1805; x_wconf 85' lang='lat' dir='ltr'><strong>familiae,</strong></span> <span class='ocrx_word' id='word_1_56' title='bbox 668 1722 729 1793; x_wconf 81' lang='lat' dir='ltr'><strong>lori</strong></span> <span class='ocrx_word' id='word_1_57' title='bbox 754 1742 796 1792; x_wconf 87' lang='lat' dir='ltr'><strong>ac</strong></span> <span class='ocrx_word' id='word_1_58' title='bbox 822 1722 994 1814; x_wconf 78' lang='lat' dir='ltr'><strong>ternporis,</strong></span> <span class='ocrx_word' id='word_1_59' title='bbox 1022 1721 1217 1816; x_wconf 88' lang='lat' dir='ltr'><strong>pertineat,</strong></span> <span class='ocrx_word' id='word_1_60' title='bbox 1253 1745 1294 1795; x_wconf 90' lang='lat' dir='ltr'><strong>ea</strong></span> <span class='ocrx_word' id='word_1_61' title='bbox 1319 1720 1524 1797; x_wconf 75' lang='lat' dir='ltr'><strong>adcurarr&#39;uo</strong></span> 
     </span>
     <span class='ocr_line' id='line_1_9' title="bbox 293 1811 1515 1912; baseline 0.002 -23"><span class='ocrx_word' id='word_1_62' title='bbox 293 1812 462 1890; x_wconf 82' lang='lat' dir='ltr'><strong>tradendo</strong></span> <span class='ocrx_word' id='word_1_63' title='bbox 486 1811 554 1886; x_wconf 52' lang='lat' dir='ltr'><strong>est,</strong></span> <span class='ocrx_word' id='word_1_64' title='bbox 598 1816 763 1888; x_wconf 85' lang='lat' dir='ltr'><strong>Parentes</strong></span> <span class='ocrx_word' id='word_1_65' title='bbox 788 1812 933 1887; x_wconf 89' lang='lat' dir='ltr'><strong>fuerunt</strong></span> <span class='ocrx_word' id='word_1_66' title='bbox 956 1816 1130 1912; x_wconf 84' lang='lat' dir='ltr'><strong>Joseplrus</strong></span> <span class='ocrx_word' id='word_1_67' title='bbox 1155 1835 1192 1889; x_wconf 89' lang='lat' dir='ltr'><strong>et</strong></span> <span class='ocrx_word' id='word_1_68' title='bbox 1218 1816 1357 1904; x_wconf 89' lang='lat' dir='ltr'><strong>Maria,</strong></span> <span class='ocrx_word' id='word_1_69' title='bbox 1382 1817 1440 1891; x_wconf 90' lang='lat' dir='ltr'><strong>sed</strong></span> <span class='ocrx_word' id='word_1_70' title='bbox 1456 1818 1515 1891; x_wconf 91' lang='lat' dir='ltr'><strong>ille</strong></span> 
     </span>
    </p>

    <p class='ocr_par' dir='ltr' id='par_1_7' title="bbox 284 1908 1569 3447">
     <span class='ocr_line' id='line_1_10' title="bbox 322 1908 1523 2009; baseline 0.002 -24"><span class='ocrx_word' id='word_1_71' title='bbox 322 1931 397 1985; x_wconf 86' lang='lat' dir='ltr'><strong>ater</strong></span> <span class='ocrx_word' id='word_1_72' title='bbox 415 1908 621 2006; x_wconf 63' lang='lat' dir='ltr'><strong>putatitiae,</strong></span> <span class='ocrx_word' id='word_1_73' title='bbox 653 1910 741 1984; x_wconf 90' lang='lat' dir='ltr'><strong>haec</strong></span> <span class='ocrx_word' id='word_1_74' title='bbox 766 1932 848 1984; x_wconf 87' lang='lat' dir='ltr'><strong>vera</strong></span> <span class='ocrx_word' id='word_1_75' title='bbox 872 1929 985 1984; x_wconf 79' lang='lat' dir='ltr'><strong>mater</strong></span> <span class='ocrx_word' id='word_1_76' title='bbox 1011 1932 1049 1984; x_wconf 91' lang='lat' dir='ltr'><strong>et</strong></span> <span class='ocrx_word' id='word_1_77' title='bbox 1091 1912 1287 1986; x_wconf 76' lang='lat' dir='ltr'>recreatrix</span> <span class='ocrx_word' id='word_1_78' title='bbox 1310 1914 1400 2002; x_wconf 83' lang='lat' dir='ltr'><strong>sola,</strong></span> <span class='ocrx_word' id='word_1_79' title='bbox 1426 1937 1523 2009; x_wconf 83' lang='lat' dir='ltr'><strong>quae·</strong></span> 
     </span>
     <span class='ocr_line' id='line_1_11' title="bbox 291 2005 1518 2106; baseline 0.001 -24"><span class='ocrx_word' id='word_1_80' title='bbox 291 2009 428 2106; x_wconf 65' lang='lat' dir='ltr'><strong>epsum,</strong></span> <span class='ocrx_word' id='word_1_81' title='bbox 471 2024 658 2101; x_wconf 79' lang='lat' dir='ltr'><strong>antequam</strong></span> <span class='ocrx_word' id='word_1_82' title='bbox 691 2030 716 2079; x_wconf 78' lang='lat' dir='ltr'><strong>a</strong></span> <span class='ocrx_word' id='word_1_83' title='bbox 743 2005 898 2103; x_wconf 70' lang='lat' dir='ltr'><strong>josepho</strong></span> <span class='ocrx_word' id='word_1_84' title='bbox 933 2006 1003 2081; x_wconf 86' lang='lat' dir='ltr'><strong>fuit</strong></span> <span class='ocrx_word' id='word_1_85' title='bbox 1073 2008 1152 2082; x_wconf 67' lang='lat' dir='ltr'><strong>olla</strong></span> <span class='ocrx_word' id='word_1_86' title='bbox 1185 2025 1222 2083; x_wconf 91' lang='lat' dir='ltr'><strong>et</strong></span> <span class='ocrx_word' id='word_1_87' title='bbox 1257 2007 1426 2104; x_wconf 85' lang='lat' dir='ltr'><strong>cognita,</strong></span> <span class='ocrx_word' id='word_1_88' title='bbox 1477 2008 1518 2083; x_wconf 84' lang='lat' dir='ltr'><strong>ei</strong></span> 
     </span>
     <span class='ocr_line' id='line_1_12' title="bbox 290 2101 1517 2201; baseline -0.002 -19"><span class='ocrx_word' id='word_1_89' title='bbox 290 2122 431 2183; x_wconf 72' lang='lat' dir='ltr'><strong>tanturn</strong></span> <span class='ocrx_word' id='word_1_90' title='bbox 457 2101 681 2198; x_wconf 76' lang='lat' dir='ltr'>desponsata,</span> <span class='ocrx_word' id='word_1_91' title='bbox 716 2125 739 2174; x_wconf 95' lang='lat' dir='ltr'><strong>o</strong></span> <span class='ocrx_word' id='word_1_92' title='bbox 765 2101 925 2175; x_wconf 81' lang='lat' dir='ltr'>eratione</span> <span class='ocrx_word' id='word_1_93' title='bbox 951 2103 1073 2178; x_wconf 79' lang='lat' dir='ltr'><strong>divina</strong></span> <span class='ocrx_word' id='word_1_94' title='bbox 1094 2104 1399 2201; x_wconf 69' lang='lat' dir='ltr'>supernaturaliter</span> <span class='ocrx_word' id='word_1_95' title='bbox 1424 2128 1517 2178; x_wconf 69' lang='lat' dir='ltr'><strong>oon«</strong></span> 
     </span>
     <span class='ocr_line' id='line_1_13' title="bbox 291 2199 1520 2297; baseline -0.001 -21"><span class='ocrx_word' id='word_1_96' title='bbox 291 2201 419 2297; x_wconf 80' lang='lat' dir='ltr'><strong>cepit,</strong></span> <span class='ocrx_word' id='word_1_97' title='bbox 440 2216 653 2294; x_wconf 85' lang='lat' dir='ltr'><strong>conceptum</strong></span> <span class='ocrx_word' id='word_1_98' title='bbox 679 2221 699 2271; x_wconf 88' lang='lat' dir='ltr'><strong>e</strong></span> <span class='ocrx_word' id='word_1_99' title='bbox 740 2222 784 2271; x_wconf 81' lang='lat' dir='ltr'><strong>rra</strong></span> <span class='ocrx_word' id='word_1_100' title='bbox 809 2220 914 2272; x_wconf 84' lang='lat' dir='ltr'><strong>carne</strong></span> <span class='ocrx_word' id='word_1_101' title='bbox 936 2199 1055 2291; x_wconf 80' lang='lat' dir='ltr'><strong>fovit,</strong></span> <span class='ocrx_word' id='word_1_102' title='bbox 1081 2221 1119 2274; x_wconf 88' lang='lat' dir='ltr'><strong>et</strong></span> <span class='ocrx_word' id='word_1_103' title='bbox 1144 2200 1322 2274; x_wconf 86' lang='lat' dir='ltr'><strong>ordinario</strong></span> <span class='ocrx_word' id='word_1_104' title='bbox 1346 2201 1454 2274; x_wconf 91' lang='lat' dir='ltr'><strong>modo</strong></span> <span class='ocrx_word' id='word_1_105' title='bbox 1472 2225 1520 2275; x_wconf 77' lang='lat' dir='ltr'><strong>ae</strong></span> 
     </span>
     <span class='ocr_line' id='line_1_14' title="bbox 291 2292 1518 2394; baseline -0.002 -21"><span class='ocrx_word' id='word_1_106' title='bbox 291 2318 456 2394; x_wconf 84' lang='lat' dir='ltr'><strong>tempore</strong></span> <span class='ocrx_word' id='word_1_107' title='bbox 482 2292 646 2390; x_wconf 81' lang='lat' dir='ltr'><strong>peperit,</strong></span> <span class='ocrx_word' id='word_1_108' title='bbox 690 2295 799 2369; x_wconf 78' lang='lat' dir='ltr'><strong>Matr.</strong></span> <span class='ocrx_word' id='word_1_109' title='bbox 825 2297 854 2369; x_wconf 93' lang='lat' dir='ltr'><strong>I.</strong></span> <span class='ocrx_word' id='word_1_110' title='bbox 880 2312 919 2367; x_wconf 85' lang='lat' dir='ltr'><strong>et</strong></span> <span class='ocrx_word' id='word_1_111' title='bbox 943 2296 1038 2371; x_wconf 70' lang='lat' dir='ltr'><strong>Luc,</strong></span> <span class='ocrx_word' id='word_1_112' title='bbox 1058 2298 1091 2371; x_wconf 94' lang='grc' dir='ltr'><strong>Ι..</strong></span> <span class='ocrx_word' id='word_1_113' title='bbox 1135 2297 1298 2393; x_wconf 87' lang='lat' dir='ltr'><strong>Emphasr</strong></span> <span class='ocrx_word' id='word_1_114' title='bbox 1321 2319 1410 2370; x_wconf 80' lang='lat' dir='ltr'><strong>vero</strong></span> <span class='ocrx_word' id='word_1_115' title='bbox 1438 2321 1518 2371; x_wconf 88' lang='lat' dir='ltr'><strong>non·</strong></span> 
     </span>
     <span class='ocr_line' id='line_1_15' title="bbox 291 2389 1569 2490; baseline -0.003 -19"><span class='ocrx_word' id='word_1_116' title='bbox 291 2413 406 2483; x_wconf 80' lang='lat' dir='ltr'><strong>caret,</strong></span> <span class='ocrx_word' id='word_1_117' title='bbox 448 2408 487 2463; x_wconf 91' lang='lat' dir='ltr'><strong>ut</strong></span> <span class='ocrx_word' id='word_1_118' title='bbox 516 2389 552 2462; x_wconf 91' lang='lat' dir='ltr'><strong>id</strong></span> <span class='ocrx_word' id='word_1_119' title='bbox 577 2392 696 2463; x_wconf 88' lang='lat' dir='ltr'><strong>obiter</strong></span> <span class='ocrx_word' id='word_1_120' title='bbox 728 2392 950 2490; x_wconf 83' lang='lat' dir='ltr'><strong>observem,</strong></span> <span class='ocrx_word' id='word_1_121' title='bbox 977 2391 1073 2489; x_wconf 91' lang='lat' dir='ltr'><strong>quod</strong></span> <span class='ocrx_word' id='word_1_122' title='bbox 1096 2394 1206 2467; x_wconf 62' lang='grc' dir='ltr'><strong>Μαι.</strong></span> <span class='ocrx_word' id='word_1_123' title='bbox 1233 2393 1355 2483; x_wconf 79' lang='lat'>1:25..</span> <span class='ocrx_word' id='word_1_124' title='bbox 1392 2392 1514 2468; x_wconf 87' lang='lat' dir='ltr'><strong>Maria</strong></span> <span class='ocrx_word' id='word_1_125' title='bbox 1567 2432 1569 2434; x_wconf 55' lang='lat'>&gt;</span> 
     </span>
     <span class='ocr_line' id='line_1_16' title="bbox 288 2486 1517 2587; baseline -0.005 -19"><span class='ocrx_word' id='word_1_126' title='bbox 288 2493 430 2568; x_wconf 83' lang='lat' dir='ltr'><strong>dicatur</strong></span> <span class='ocrx_word' id='word_1_127' title='bbox 454 2486 628 2583; x_wconf 72' lang='lat' dir='ltr'><strong>peperisse</strong></span> <span class='ocrx_word' id='word_1_128' title='bbox 656 2488 766 2583; x_wconf 76' lang='lat' dir='ltr'><strong>filium</strong></span> <span class='ocrx_word' id='word_1_129' title='bbox 790 2487 890 2583; x_wconf 71' lang='lat' dir='ltr'><strong>suum</strong></span> <span class='ocrx_word' id='word_1_130' title='bbox 926 2486 1008 2587; x_wconf 81' lang='lat' dir='ltr'><strong>(seo</strong></span> <span class='ocrx_word' id='word_1_131' title='bbox 1038 2488 1110 2561; x_wconf 88' lang='lat' dir='ltr'><strong>fine</strong></span> <span class='ocrx_word' id='word_1_132' title='bbox 1135 2512 1206 2586; x_wconf 90' lang='lat' dir='ltr'><strong>ope</strong></span> <span class='ocrx_word' id='word_1_133' title='bbox 1231 2488 1302 2562; x_wconf 81' lang='lat' dir='ltr'><strong>viri</strong></span> <span class='ocrx_word' id='word_1_134' title='bbox 1326 2512 1372 2561; x_wconf 83' lang='lat' dir='ltr'><strong>ex</strong></span> <span class='ocrx_word' id='word_1_135' title='bbox 1397 2487 1433 2561; x_wconf 90' lang='lat' dir='ltr'><strong>se</strong></span> <span class='ocrx_word' id='word_1_136' title='bbox 1456 2490 1517 2562; x_wconf 72' lang='lat' dir='ltr'><strong>so-</strong></span> 
     </span>
     <span class='ocr_line' id='line_1_17' title="bbox 287 2581 1516 2681; baseline -0.001 -21"><span class='ocrx_word' id='word_1_137' title='bbox 287 2592 323 2666; x_wconf 82' lang='lat' dir='ltr'><strong>la</strong></span> <span class='ocrx_word' id='word_1_138' title='bbox 339 2605 480 2670; x_wconf 84' lang='lat' dir='ltr'><strong>natum,</strong></span> <span class='ocrx_word' id='word_1_139' title='bbox 514 2607 620 2680; x_wconf 83' lang='lat' dir='ltr'><strong>quare</strong></span> <span class='ocrx_word' id='word_1_140' title='bbox 646 2607 691 2655; x_wconf 87' lang='lat' dir='ltr'><strong>ex</strong></span> <span class='ocrx_word' id='word_1_141' title='bbox 715 2588 847 2658; x_wconf 77' lang='lat' dir='ltr'><strong>muliere</strong></span> <span class='ocrx_word' id='word_1_142' title='bbox 873 2585 1040 2680; x_wconf 86' lang='lat' dir='ltr'><strong>genitum</strong></span> <span class='ocrx_word' id='word_1_143' title='bbox 1056 2583 1146 2659; x_wconf 88' lang='lat' dir='ltr'><strong>dicit</strong></span> <span class='ocrx_word' id='word_1_144' title='bbox 1168 2587 1290 2659; x_wconf 87' lang='lat' dir='ltr'><strong>Paulus</strong></span> <span class='ocrx_word' id='word_1_145' title='bbox 1318 2584 1394 2659; x_wconf 85' lang='lat' dir='ltr'><strong>Gal&#39;.</strong></span> <span class='ocrx_word' id='word_1_146' title='bbox 1420 2581 1516 2681; x_wconf 85' lang='lat' dir='ltr'><strong>IV.)¹</strong></span> 
     </span>
     <span class='ocr_line' id='line_1_18' title="bbox 288 2678 1512 2850; baseline -0.006 -91"><span class='ocrx_word' id='word_1_147' title='bbox 288 2716 337 2764; x_wconf 71' lang='lat' dir='ltr'><em>w</em></span> <span class='ocrx_word' id='word_1_148' title='bbox 362 2679 548 2781; x_wconf 64' lang='lat' dir='ltr'><strong>aepalmo</strong></span> <span class='ocrx_word' id='word_1_149' title='bbox 571 2678 648 2778; x_wconf 87' lang='lat' dir='ltr'><strong>(seu</strong></span> <span class='ocrx_word' id='word_1_150' title='bbox 668 2684 774 2776; x_wconf 81' lang='lat' dir='ltr'><strong>primo</strong></span> <span class='ocrx_word' id='word_1_151' title='bbox 796 2686 943 2850; x_wconf 56' lang='lat' dir='ltr'><strong>penitam</strong></span> <span class='ocrx_word' id='word_1_152' title='bbox 968 2686 1082 2770; x_wconf 77' lang='lat' dir='ltr'><strong>illum3</strong></span> <span class='ocrx_word' id='word_1_153' title='bbox 1109 2705 1183 2755; x_wconf 91' lang='lat' dir='ltr'><strong>non</strong></span> <span class='ocrx_word' id='word_1_154' title='bbox 1210 2681 1330 2755; x_wconf 87' lang='lat' dir='ltr'><strong>addito</strong></span> <span class='ocrx_word' id='word_1_155' title='bbox 1356 2688 1444 2764; x_wconf 67' lang='grc' dir='ltr'><strong><em>ἀυτῆς</em></strong></span> <span class='ocrx_word' id='word_1_156' title='bbox 1474 2707 1512 2753; x_wconf 83' lang='lat' dir='ltr'><strong>u·</strong></span> 
     </span>
     <span class='ocr_line' id='line_1_19' title="bbox 287 2778 1512 2875; baseline -0.008 -15"><span class='ocrx_word' id='word_1_157' title='bbox 287 2811 367 2872; x_wconf 76' lang='lat' dir='ltr'><strong>aar,</strong></span> <span class='ocrx_word' id='word_1_158' title='bbox 391 2780 450 2852; x_wconf 92' lang='lat' dir='ltr'><strong>sed</strong></span> <span class='ocrx_word' id='word_1_159' title='bbox 477 2779 630 2851; x_wconf 86' lang='lat' dir='ltr'><strong>absolute</strong></span> <span class='ocrx_word' id='word_1_160' title='bbox 658 2796 696 2848; x_wconf 87' lang='lat' dir='ltr'><strong>et</strong></span> <span class='ocrx_word' id='word_1_161' title='bbox 721 2794 801 2873; x_wconf 86' lang='lat' dir='ltr'><strong>emp</strong></span> <span class='ocrx_word' id='word_1_162' title='bbox 828 2778 922 2851; x_wconf 86' lang='lat' dir='ltr'><strong>atice</strong></span> <span class='ocrx_word' id='word_1_163' title='bbox 945 2784 1191 2875; x_wconf 78' lang='lat' dir='ltr'><strong>primogenitom</strong></span> <span class='ocrx_word' id='word_1_164' title='bbox 1215 2781 1305 2851; x_wconf 85' lang='lat' dir='ltr'><strong>illum</strong></span> <span class='ocrx_word' id='word_1_165' title='bbox 1314 2804 1328 2866; x_wconf 92' lang='lat'><strong>,·</strong></span> <span class='ocrx_word' id='word_1_166' title='bbox 1354 2781 1512 2872; x_wconf 90' lang='lat' dir='ltr'><strong>adeoque</strong></span> 
     </span>
     <span class='ocr_line' id='line_1_20' title="bbox 286 2871 1511 2971; baseline -0.007 -18"><span class='ocrx_word' id='word_1_167' title='bbox 286 2875 390 2956; x_wconf 88' lang='lat' dir='ltr'><strong>omni</strong></span> <span class='ocrx_word' id='word_1_168' title='bbox 414 2894 536 2971; x_wconf 90' lang='lat' dir='ltr'><strong>parte,</strong></span> <span class='ocrx_word' id='word_1_169' title='bbox 581 2871 736 2946; x_wconf 86' lang='lat' dir='ltr'><strong>absolute</strong></span> <span class='ocrx_word' id='word_1_170' title='bbox 762 2892 800 2945; x_wconf 91' lang='lat' dir='ltr'><strong>et</strong></span> <span class='ocrx_word' id='word_1_171' title='bbox 827 2873 979 2963; x_wconf 78' lang='lat' dir='ltr'><strong>eximie,</strong></span> <span class='ocrx_word' id='word_1_172' title='bbox 1009 2880 1254 2970; x_wconf 77' lang='lat' dir='ltr'><strong>primogenitum</strong></span> <span class='ocrx_word' id='word_1_173' title='bbox 1288 2881 1398 2948; x_wconf 83' lang='lat' dir='ltr'><strong>omnis-</strong></span> <span class='ocrx_word' id='word_1_174' title='bbox 1420 2899 1511 2946; x_wconf 71' lang='lat' dir='ltr'><strong>mea-</strong></span> 
     </span>
     <span class='ocr_line' id='line_1_21' title="bbox 285 2969 1518 3068; baseline -0.004 -20"><span class='ocrx_word' id='word_1_175' title='bbox 285 2996 404 3060; x_wconf 69' lang='lat' dir='ltr'><strong>nurae,</strong></span> <span class='ocrx_word' id='word_1_176' title='bbox 447 2989 484 3042; x_wconf 85' lang='lat' dir='ltr'><strong>et</strong></span> <span class='ocrx_word' id='word_1_177' title='bbox 511 2969 548 3042; x_wconf 93' lang='lat' dir='ltr'><strong>in</strong></span> <span class='ocrx_word' id='word_1_178' title='bbox 580 2970 725 3041; x_wconf 80' lang='lat' dir='ltr'><strong>omnibus</strong></span> <span class='ocrx_word' id='word_1_179' title='bbox 750 2974 913 3066; x_wconf 82' lang='lat' dir='ltr'><strong>primurn,</strong></span> <span class='ocrx_word' id='word_1_180' title='bbox 949 2971 1077 3046; x_wconf 71' lang='lat' dir='ltr'><strong>Cori</strong></span> <span class='ocrx_word' id='word_1_181' title='bbox 1126 2970 1291 3068; x_wconf 87' lang='lat' dir='ltr'><strong>Denique</strong></span> <span class='ocrx_word' id='word_1_182' title='bbox 1308 2970 1426 3042; x_wconf 88' lang='lat' dir='ltr'><strong>Maria</strong></span> <span class='ocrx_word' id='word_1_183' title='bbox 1443 2969 1518 3043; x_wconf 78' lang='lat' dir='ltr'><strong>fuir</strong></span> 
     </span>
     <span class='ocr_line' id='line_1_22' title="bbox 286 3063 1518 3169; baseline -0.006 -22"><span class='ocrx_word' id='word_1_184' title='bbox 286 3092 399 3169; x_wconf 75' lang='lat' dir='ltr'><strong>aeque</strong></span> <span class='ocrx_word' id='word_1_185' title='bbox 423 3088 470 3140; x_wconf 63' lang='lat' dir='ltr'><strong>ae*</strong></span> <span class='ocrx_word' id='word_1_186' title='bbox 492 3063 665 3164; x_wconf 77' lang='lat' dir='ltr'><strong>Josephua</strong></span> <span class='ocrx_word' id='word_1_187' title='bbox 696 3064 739 3138; x_wconf 89' lang='lat' dir='ltr'><strong>de</strong></span> <span class='ocrx_word' id='word_1_188' title='bbox 766 3065 859 3140; x_wconf 82' lang='lat' dir='ltr'><strong>tribu</strong></span> <span class='ocrx_word' id='word_1_189' title='bbox 884 3067 993 3163; x_wconf 85' lang='lat' dir='ltr'><strong>Juda,</strong></span> <span class='ocrx_word' id='word_1_190' title='bbox 1034 3087 1071 3141; x_wconf 89' lang='lat' dir='ltr'><strong>et</strong></span> <span class='ocrx_word' id='word_1_191' title='bbox 1099 3092 1120 3141; x_wconf 88' lang='lat' dir='ltr'><strong>e</strong></span> <span class='ocrx_word' id='word_1_192' title='bbox 1144 3067 1252 3164; x_wconf 88' lang='lat' dir='ltr'><strong>stirpe</strong></span> <span class='ocrx_word' id='word_1_193' title='bbox 1277 3067 1375 3161; x_wconf 86' lang='lat' dir='ltr'><strong>regia</strong></span> <span class='ocrx_word' id='word_1_194' title='bbox 1398 3067 1518 3139; x_wconf 72' lang='lat' dir='ltr'><strong>Davi·</strong></span> 
     </span>
     <span class='ocr_line' id='line_1_23' title="bbox 286 3159 1509 3261; baseline -0.009 -16"><span class='ocrx_word' id='word_1_195' title='bbox 286 3171 367 3260; x_wconf 88' lang='lat' dir='ltr'><strong>dis,</strong></span> <span class='ocrx_word' id='word_1_196' title='bbox 392 3164 451 3240; x_wconf 85' lang='lat' dir='ltr'><strong>fed</strong></span> <span class='ocrx_word' id='word_1_197' title='bbox 474 3188 518 3237; x_wconf 89' lang='lat' dir='ltr'><strong>ex</strong></span> <span class='ocrx_word' id='word_1_198' title='bbox 547 3165 611 3236; x_wconf 86' lang='lat' dir='ltr'><strong>alia</strong></span> <span class='ocrx_word' id='word_1_199' title='bbox 638 3159 750 3254; x_wconf 89' lang='lat' dir='ltr'><strong>linea,</strong></span> <span class='ocrx_word' id='word_1_200' title='bbox 774 3189 840 3260; x_wconf 92' lang='lat' dir='ltr'><strong>per</strong></span> <span class='ocrx_word' id='word_1_201' title='bbox 866 3164 1100 3257; x_wconf 81' lang='lat' dir='ltr'><strong>Nathanem,</strong></span> <span class='ocrx_word' id='word_1_202' title='bbox 1127 3188 1207 3238; x_wconf 82' lang='lat' dir='ltr'><strong>eum</strong></span> <span class='ocrx_word' id='word_1_203' title='bbox 1232 3163 1405 3261; x_wconf 86' lang='lat' dir='ltr'><strong>Josephus</strong></span> <span class='ocrx_word' id='word_1_204' title='bbox 1432 3161 1509 3234; x_wconf 89' lang='lat' dir='ltr'><strong>fue·</strong></span> 
     </span>
     <span class='ocr_line' id='line_1_24' title="bbox 285 3256 1509 3369; baseline -0.01 -28"><span class='ocrx_word' id='word_1_205' title='bbox 285 3269 338 3341; x_wconf 72' lang='lat' dir='ltr'><strong>rit</strong></span> <span class='ocrx_word' id='word_1_206' title='bbox 373 3286 438 3369; x_wconf 87' lang='lat' dir='ltr'><strong>per</strong></span> <span class='ocrx_word' id='word_1_207' title='bbox 457 3263 701 3347; x_wconf 87' lang='lat' dir='ltr'><strong>Salomonem,</strong></span> <span class='ocrx_word' id='word_1_208' title='bbox 743 3282 893 3355; x_wconf 81' lang='lat' dir='ltr'><strong>atroque</strong></span> <span class='ocrx_word' id='word_1_209' title='bbox 919 3261 1061 3354; x_wconf 81' lang='lat' dir='ltr'><strong>quidem</strong></span> <span class='ocrx_word' id='word_1_210' title='bbox 1091 3263 1236 3331; x_wconf 91' lang='lat' dir='ltr'><strong>nomine</strong></span> <span class='ocrx_word' id='word_1_211' title='bbox 1259 3260 1382 3328; x_wconf 88' lang='lat' dir='ltr'><strong>haeres</strong></span> <span class='ocrx_word' id='word_1_212' title='bbox 1406 3256 1509 3350; x_wconf 86' lang='lat' dir='ltr'><strong>regni</strong></span> 
     </span>
     <span class='ocr_line' id='line_1_25' title="bbox 284 3348 1517 3447; baseline -0.001 -22"><span class='ocrx_word' id='word_1_213' title='bbox 284 3354 481 3441; x_wconf 85' lang='lat' dir='ltr'><strong>Davrdici,</strong></span> <span class='ocrx_word' id='word_1_214' title='bbox 507 3355 565 3425; x_wconf 86' lang='lat' dir='ltr'><strong>sed</strong></span> <span class='ocrx_word' id='word_1_215' title='bbox 592 3353 733 3423; x_wconf 77' lang='lat' dir='ltr'><strong>veriore</strong></span> <span class='ocrx_word' id='word_1_216' title='bbox 762 3372 801 3424; x_wconf 88' lang='lat' dir='ltr'><strong>et</strong></span> <span class='ocrx_word' id='word_1_217' title='bbox 825 3352 996 3447; x_wconf 87' lang='lat' dir='ltr'><strong>propiore</strong></span> <span class='ocrx_word' id='word_1_218' title='bbox 1022 3357 1139 3427; x_wconf 81' lang='lat' dir='ltr'><strong>nzarrir</strong></span> <span class='ocrx_word' id='word_1_219' title='bbox 1165 3348 1308 3434; x_wconf 82' lang='lat' dir='ltr'><strong>nomine</strong></span> <span class='ocrx_word' id='word_1_220' title='bbox 1318 3372 1332 3420; x_wconf 74' lang='grc' dir='ltr'><strong>ε·</strong></span> <span class='ocrx_word' id='word_1_221' title='bbox 1354 3350 1517 3424; x_wconf 76' lang='lat' dir='ltr'><strong>Sammo·-</strong></span> 
     </span>
    </p>

    <p class='ocr_par' dir='ltr' id='par_1_8' title="bbox 216 3444 1529 4315">
     <span class='ocr_line' id='line_1_26' title="bbox 216 3444 1518 3545; baseline -0.008 -13"><span class='ocrx_word' id='word_1_222' title='bbox 216 3507 217 3510; x_wconf 57' lang='lat'><em>=</em></span> <span class='ocrx_word' id='word_1_223' title='bbox 284 3458 342 3532; x_wconf 80' lang='lat' dir='ltr'><strong>nis</strong></span> <span class='ocrx_word' id='word_1_224' title='bbox 369 3450 465 3523; x_wconf 83' lang='lat' dir='ltr'><strong>eninr</strong></span> <span class='ocrx_word' id='word_1_225' title='bbox 492 3449 584 3521; x_wconf 87' lang='lat' dir='ltr'><strong>linea</strong></span> <span class='ocrx_word' id='word_1_226' title='bbox 617 3445 720 3539; x_wconf 79' lang='lat' dir='ltr'><strong>regia</strong></span> <span class='ocrx_word' id='word_1_227' title='bbox 751 3445 788 3518; x_wconf 88' lang='lat' dir='ltr'><strong>in</strong></span> <span class='ocrx_word' id='word_1_228' title='bbox 814 3447 988 3545; x_wconf 87' lang='lat' dir='ltr'><strong>Jechonia</strong></span> <span class='ocrx_word' id='word_1_229' title='bbox 1019 3447 1088 3522; x_wconf 90' lang='lat' dir='ltr'><strong>fuit</strong></span> <span class='ocrx_word' id='word_1_230' title='bbox 1123 3444 1243 3533; x_wconf 79' lang='lat' dir='ltr'><strong>finita,</strong></span> <span class='ocrx_word' id='word_1_231' title='bbox 1286 3462 1322 3515; x_wconf 83' lang='lat' dir='ltr'><strong>er</strong></span> <span class='ocrx_word' id='word_1_232' title='bbox 1344 3446 1518 3521; x_wconf 83' lang='lat' dir='ltr'><strong>saccellio·</strong></span> 
     </span>
     <span class='ocr_line' id='line_1_27' title="bbox 285 3541 1522 3640; baseline -0.006 -16"><span class='ocrx_word' id='word_1_233' title='bbox 285 3546 484 3632; x_wconf 84' lang='lat' dir='ltr'><strong>Nathanis,</strong></span> <span class='ocrx_word' id='word_1_234' title='bbox 510 3542 573 3616; x_wconf 86' lang='lat' dir='ltr'><strong>filii</strong></span> <span class='ocrx_word' id='word_1_235' title='bbox 595 3565 734 3637; x_wconf 88' lang='lat' dir='ltr'><strong>quoque</strong></span> <span class='ocrx_word' id='word_1_236' title='bbox 752 3541 923 3633; x_wconf 84' lang='lat' dir='ltr'><strong>Davidis,</strong></span> <span class='ocrx_word' id='word_1_237' title='bbox 947 3541 1068 3640; x_wconf 89' lang='lat' dir='ltr'><strong>stirpi,</strong></span> <span class='ocrx_word' id='word_1_238' title='bbox 1092 3541 1130 3614; x_wconf 91' lang='lat' dir='ltr'><strong>in</strong></span> <span class='ocrx_word' id='word_1_239' title='bbox 1149 3541 1407 3632; x_wconf 88' lang='lat' dir='ltr'><strong>Zerubbabele‚</strong></span> <span class='ocrx_word' id='word_1_240' title='bbox 1444 3568 1522 3639; x_wconf 84' lang='lat' dir='ltr'><strong>per</strong></span> 
     </span>
     <span class='ocr_line' id='line_1_28' title="bbox 282 3638 1514 3736; baseline -0.007 -16"><span class='ocrx_word' id='word_1_241' title='bbox 282 3646 356 3727; x_wconf 90' lang='lat' dir='ltr'><strong>Dei</strong></span> <span class='ocrx_word' id='word_1_242' title='bbox 377 3639 648 3716; x_wconf 77' lang='lat' dir='ltr'><strong>declarationem</strong></span> <span class='ocrx_word' id='word_1_243' title='bbox 668 3640 786 3736; x_wconf 85' lang='lat' dir='ltr'><strong>Hagg.</strong></span> <span class='ocrx_word' id='word_1_244' title='bbox 805 3640 877 3729; x_wconf 79' lang='lat' dir='ltr'><strong>IL,</strong></span> <span class='ocrx_word' id='word_1_245' title='bbox 903 3640 1019 3715; x_wconf 87' lang='lat' dir='ltr'><strong>infin.</strong></span> <span class='ocrx_word' id='word_1_246' title='bbox 1040 3638 1237 3734; x_wconf 82' lang='lat' dir='ltr'><strong>adfignata3</strong></span> <span class='ocrx_word' id='word_1_247' title='bbox 1263 3639 1315 3709; x_wconf 89' lang='lat' dir='ltr'><strong>uti</strong></span> <span class='ocrx_word' id='word_1_248' title='bbox 1331 3640 1403 3735; x_wconf 86' lang='lat' dir='ltr'><strong>jam</strong></span> <span class='ocrx_word' id='word_1_249' title='bbox 1423 3640 1514 3711; x_wconf 83' lang='lat' dir='ltr'><strong>olim</strong></span> 
     </span>
     <span class='ocr_line' id='line_1_29' title="bbox 283 3731 1512 3830; baseline -0.006 -14"><span class='ocrx_word' id='word_1_250' title='bbox 283 3739 420 3821; x_wconf 82' lang='lat' dir='ltr'><strong>Davidi</strong></span> <span class='ocrx_word' id='word_1_251' title='bbox 456 3756 530 3810; x_wconf 87' lang='lat' dir='ltr'><strong>erat</strong></span> <span class='ocrx_word' id='word_1_252' title='bbox 561 3733 765 3830; x_wconf 76' lang='lat' dir='ltr'><strong>promillum</strong></span> <span class='ocrx_word' id='word_1_253' title='bbox 803 3739 931 3810; x_wconf 74' lang='lat' dir='ltr'><strong>asam.</strong></span> <span class='ocrx_word' id='word_1_254' title='bbox 959 3737 1053 3810; x_wconf 70' lang='lat' dir='ltr'><strong>Vll:</strong></span> <span class='ocrx_word' id='word_1_255' title='bbox 1076 3742 1130 3808; x_wconf 90' lang='lat'><strong>16.</strong></span> <span class='ocrx_word' id='word_1_256' title='bbox 1164 3731 1251 3806; x_wconf 82' lang='lat' dir='ltr'><strong>sicut</strong></span> <span class='ocrx_word' id='word_1_257' title='bbox 1283 3732 1326 3805; x_wconf 92' lang='lat' dir='ltr'><strong>in·</strong></span> <span class='ocrx_word' id='word_1_258' title='bbox 1361 3734 1512 3810; x_wconf 82' lang='lat' dir='ltr'><strong>historia</strong></span> 
     </span>
     <span class='ocr_line' id='line_1_30' title="bbox 283 3829 1508 3931; baseline -0.007 -18"><span class='ocrx_word' id='word_1_259' title='bbox 283 3835 434 3920; x_wconf 83' lang='lat' dir='ltr'><strong>Davidis</strong></span> <span class='ocrx_word' id='word_1_260' title='bbox 468 3852 505 3903; x_wconf 88' lang='lat' dir='ltr'><strong>et</strong></span> <span class='ocrx_word' id='word_1_261' title='bbox 528 3831 782 3905; x_wconf 87' lang='lat' dir='ltr'><strong>Zerubbabelis·</strong></span> <span class='ocrx_word' id='word_1_262' title='bbox 806 3833 907 3929; x_wconf 87' lang='lat' dir='ltr'><strong>supra</strong></span> <span class='ocrx_word' id='word_1_263' title='bbox 939 3829 1006 3904; x_wconf 84' lang='lat' dir='ltr'><strong>suis</strong></span> <span class='ocrx_word' id='word_1_264' title='bbox 1040 3829 1127 3907; x_wconf 82' lang='lat' dir='ltr'><strong>locis</strong></span> <span class='ocrx_word' id='word_1_265' title='bbox 1163 3829 1364 3904; x_wconf 84' lang='lat' dir='ltr'><strong>observavi..</strong></span> <span class='ocrx_word' id='word_1_266' title='bbox 1406 3832 1508 3931; x_wconf 78' lang='lat' dir='ltr'><strong>Quae</strong></span> 
     </span>
     <span class='ocr_line' id='line_1_31' title="bbox 282 3927 1529 4024; baseline -0.01 -12"><span class='ocrx_word' id='word_1_267' title='bbox 282 3938 379 4012; x_wconf 84' lang='lat' dir='ltr'><strong>ratio</strong></span> <span class='ocrx_word' id='word_1_268' title='bbox 420 3928 490 4013; x_wconf 85' lang='lat' dir='ltr'><strong>est,</strong></span> <span class='ocrx_word' id='word_1_269' title='bbox 533 3950 638 4021; x_wconf 89' lang='lat' dir='ltr'><strong>quare</strong></span> <span class='ocrx_word' id='word_1_270' title='bbox 665 3927 809 4024; x_wconf 85' lang='lat' dir='ltr'><strong>Josephi</strong></span> <span class='ocrx_word' id='word_1_271' title='bbox 843 3952 916 4001; x_wconf 94' lang='lat' dir='ltr'><strong>non</strong></span> <span class='ocrx_word' id='word_1_272' title='bbox 952 3946 1091 4003; x_wconf 86' lang='lat' dir='ltr'><strong>tantum</strong></span> <span class='ocrx_word' id='word_1_273' title='bbox 1122 3927 1349 4024; x_wconf 83' lang='lat' dir='ltr'><strong>genealogia,</strong></span> <span class='ocrx_word' id='word_1_274' title='bbox 1389 3928 1448 4000; x_wconf 88' lang='lat' dir='ltr'><strong>sed</strong></span> <span class='ocrx_word' id='word_1_275' title='bbox 1466 3946 1529 4000; x_wconf 73' lang='lat' dir='ltr'><strong>et¹</strong></span> 
     </span>
     <span class='ocr_line' id='line_1_32' title="bbox 280 4023 1515 4120; baseline -0.006 -16"><span class='ocrx_word' id='word_1_276' title='bbox 280 4032 448 4114; x_wconf 86' lang='lat' dir='ltr'><strong>Mariae,</strong></span> <span class='ocrx_word' id='word_1_277' title='bbox 471 4023 579 4096; x_wconf 84' lang='lat' dir='ltr'><strong>fuerit</strong></span> <span class='ocrx_word' id='word_1_278' title='bbox 595 4025 638 4095; x_wconf 88' lang='lat' dir='ltr'><strong>ab</strong></span> <span class='ocrx_word' id='word_1_279' title='bbox 658 4023 888 4119; x_wconf 80' lang='lat' dir='ltr'><strong>Euangelistis</strong></span> <span class='ocrx_word' id='word_1_280' title='bbox 906 4025 948 4096; x_wconf 93' lang='lat' dir='ltr'><strong>in·</strong></span> <span class='ocrx_word' id='word_1_281' title='bbox 960 4027 1073 4098; x_wconf 88' lang='lat' dir='ltr'><strong>lucem</strong></span> <span class='ocrx_word' id='word_1_282' title='bbox 1092 4023 1280 4120; x_wconf 67' lang='lat' dir='ltr'><strong>produ&amp;a‚</strong></span> <span class='ocrx_word' id='word_1_283' title='bbox 1315 4047 1360 4098; x_wconf 77' lang='lat' dir='ltr'><strong>ac</strong></span> <span class='ocrx_word' id='word_1_284' title='bbox 1374 4023 1438 4096; x_wconf 87' lang='lat' dir='ltr'><strong>scri</strong></span> <span class='ocrx_word' id='word_1_285' title='bbox 1468 4043 1515 4097; x_wconf 84' lang='lat' dir='ltr'><strong>to</strong></span> 
     </span>
     <span class='ocr_line' id='line_1_33' title="bbox 283 4049 1502 4219; baseline -0.007 -20"><span class='ocrx_word' id='word_1_286' title='bbox 283 4126 508 4219; x_wconf 73' lang='lat' dir='ltr'><strong>consignata,</strong></span> <span class='ocrx_word' id='word_1_287' title='bbox 535 4142 554 4191; x_wconf 91' lang='lat' dir='ltr'><strong>e</strong></span> <span class='ocrx_word' id='word_1_288' title='bbox 573 4118 697 4191; x_wconf 86' lang='lat' dir='ltr'><strong>tabulis</strong></span> <span class='ocrx_word' id='word_1_289' title='bbox 724 4122 816 4215; x_wconf 90' lang='lat' dir='ltr'><strong>apud</strong></span> <span class='ocrx_word' id='word_1_290' title='bbox 840 4119 999 4216; x_wconf 90' lang='lat' dir='ltr'><strong>posteros</strong></span> <span class='ocrx_word' id='word_1_291' title='bbox 1022 4120 1171 4195; x_wconf 86' lang='lat' dir='ltr'><strong>Davidis</strong></span> <span class='ocrx_word' id='word_1_292' title='bbox 1190 4118 1341 4192; x_wconf 82' lang='lat' dir='ltr'><strong>studiose</strong></span> <span class='ocrx_word' id='word_1_293' title='bbox 1363 4049 1502 4193; x_wconf 60' lang='lat' dir='ltr'><strong>conlin-</strong></span> 
     </span>
     <span class='ocr_line' id='line_1_34' title="bbox 280 4213 1509 4315; baseline -0.009 -17"><span class='ocrx_word' id='word_1_294' title='bbox 280 4224 392 4309; x_wconf 79' lang='lat' dir='ltr'><strong>vatis‚</strong></span> <span class='ocrx_word' id='word_1_295' title='bbox 427 4220 519 4290; x_wconf 70' lang='lat' dir='ltr'><strong>illiue</strong></span> <span class='ocrx_word' id='word_1_296' title='bbox 542 4239 566 4288; x_wconf 90' lang='lat' dir='ltr'><strong>a·</strong></span> <span class='ocrx_word' id='word_1_297' title='bbox 587 4216 696 4289; x_wconf 79' lang='lat' dir='ltr'><strong>Matr.</strong></span> <span class='ocrx_word' id='word_1_298' title='bbox 722 4219 750 4291; x_wconf 87' lang='lat' dir='ltr'><strong>I.</strong></span> <span class='ocrx_word' id='word_1_299' title='bbox 785 4220 891 4313; x_wconf 74' lang='lat' dir='ltr'><strong>liuj‘ur</strong></span> <span class='ocrx_word' id='word_1_300' title='bbox 918 4242 938 4290; x_wconf 88' lang='lat' dir='ltr'><strong>a</strong></span> <span class='ocrx_word' id='word_1_301' title='bbox 962 4217 1048 4291; x_wconf 79' lang='lat' dir='ltr'>Luc:</span> <span class='ocrx_word' id='word_1_302' title='bbox 1075 4218 1140 4290; x_wconf 81' lang='grc' dir='ltr'><strong>ΙΙΙ.</strong></span> <span class='ocrx_word' id='word_1_303' title='bbox 1191 4213 1290 4315; x_wconf 81' lang='lat' dir='ltr'><strong>Quae</strong></span> <span class='ocrx_word' id='word_1_304' title='bbox 1321 4215 1409 4287; x_wconf 87' lang='lat' dir='ltr'><strong>duae</strong></span> <span class='ocrx_word' id='word_1_305' title='bbox 1435 4215 1509 4288; x_wconf 52' lang='lat' dir='ltr'><strong>dis»</strong></span> 
     </span>
    </p>

    <p class='ocr_par' dir='ltr' id='par_1_9' title="bbox 240 4308 1502 4410">
     <span class='ocr_line' id='line_1_35' title="bbox 240 4308 1502 4410; baseline -0.008 -17"><span class='ocrx_word' id='word_1_306' title='bbox 240 4388 242 4393; x_wconf 78' lang='grc'>,</span> <span class='ocrx_word' id='word_1_307' title='bbox 280 4319 419 4398; x_wconf 64' lang='lat' dir='ltr'><strong>linoae-</strong></span> <span class='ocrx_word' id='word_1_308' title='bbox 437 4314 516 4386; x_wconf 86' lang='lat' dir='ltr'><strong>lunt</strong></span> <span class='ocrx_word' id='word_1_309' title='bbox 541 4308 783 4403; x_wconf 75' lang='lat' dir='ltr'><strong>recensiones,</strong></span> <span class='ocrx_word' id='word_1_310' title='bbox 817 4331 855 4385; x_wconf 91' lang='lat' dir='ltr'><strong>et</strong></span> <span class='ocrx_word' id='word_1_311' title='bbox 872 4313 1048 4402; x_wconf 88' lang='lat' dir='ltr'><strong>diversae,</strong></span> <span class='ocrx_word' id='word_1_312' title='bbox 1076 4312 1190 4410; x_wconf 88' lang='lat' dir='ltr'><strong>quoad</strong></span> <span class='ocrx_word' id='word_1_313' title='bbox 1215 4308 1374 4408; x_wconf 88' lang='lat' dir='ltr'><strong>posteros</strong></span> <span class='ocrx_word' id='word_1_314' title='bbox 1391 4311 1502 4384; x_wconf 79' lang='lat' dir='ltr'><strong>Dani·</strong></span> 
     </span>
    </p>
   </div>
   <div class='ocr_carea' id='block_1_3' title="bbox 276 4407 1509 4577">
    <p class='ocr_par' dir='ltr' id='par_1_10' title="bbox 276 4407 1509 4577">
     <span class='ocr_line' id='line_1_36' title="bbox 276 4407 1509 4577; baseline -0.019 -77"><span class='ocrx_word' id='word_1_315' title='bbox 276 4418 358 4511; x_wconf 70' lang='lat' dir='ltr'><strong>dia,</strong></span> <span class='ocrx_word' id='word_1_316' title='bbox 388 4409 523 4513; x_wconf 71' lang='lat' dir='ltr'><strong>quippe</strong></span> <span class='ocrx_word' id='word_1_317' title='bbox 545 4407 640 4506; x_wconf 76' lang='lat' dir='ltr'><strong>apud</strong></span> <span class='ocrx_word' id='word_1_318' title='bbox 664 4411 784 4491; x_wconf 61' lang='lat' dir='ltr'><strong>Man„</strong></span> <span class='ocrx_word' id='word_1_319' title='bbox 803 4431 854 4487; x_wconf 75' lang='lat' dir='ltr'><strong>ex</strong></span> <span class='ocrx_word' id='word_1_320' title='bbox 873 4411 1091 4505; x_wconf 76' lang='lat' dir='ltr'><strong>salomone,</strong></span> <span class='ocrx_word' id='word_1_321' title='bbox 1125 4408 1219 4508; x_wconf 80' lang='lat' dir='ltr'><strong>apud</strong></span> <span class='ocrx_word' id='word_1_322' title='bbox 1233 4408 1332 4482; x_wconf 76' lang='lat' dir='ltr'><strong>-Luc,</strong></span> <span class='ocrx_word' id='word_1_323' title='bbox 1357 4408 1509 4577; x_wconf 49' lang='lat' dir='ltr'><strong>effip-</strong></span> 
     </span>
    </p>
   </div>
   <div class='ocr_carea' id='block_1_4' title="bbox 0 0 1810 5500">
    <p class='ocr_par' dir='ltr' id='par_1_11' title="bbox 0 0 1810 5500">
     <span class='ocr_line' id='line_1_37' title="bbox 0 0 1810 5500; baseline 0 12"><span class='ocrx_word' id='word_1_324' title='bbox 0 0 1810 5500; x_wconf 95' lang='lat' dir='ltr'><strong> </strong></span> 
     </span>
    </p>
   </div>
  </div>
 </body>
</html>
