<?xml version="1.0" encoding="UTF-8"?>
<!DOCTYPE html PUBLIC "-//W3C//DTD XHTML 1.0 Transitional//EN"
    "http://www.w3.org/TR/xhtml1/DTD/xhtml1-transitional.dtd">
<html xmlns="http://www.w3.org/1999/xhtml" xml:lang="en" lang="en">
 <head>
  <title>
</title>
<meta http-equiv="Content-Type" content="text/html;charset=utf-8" />
  <meta name='ocr-system' content='tesseract 3.04.00' />
  <meta name='ocr-capabilities' content='ocr_page ocr_carea ocr_par ocr_line ocrx_word'/>
</head>
<body>
  <div class='ocr_page' id='page_1' title='image "./hermannivenemai05venegoog_0024.png"; bbox 0 0 3609 5500; ppageno 0'>
   <div class='ocr_carea' id='block_1_1' title="bbox 789 936 1590 1064">
    <p class='ocr_par' dir='ltr' id='par_1_1' title="bbox 789 936 1590 1064">
     <span class='ocr_line' id='line_1_1' title="bbox 789 936 1590 1064; baseline -0.016 -14"><span class='ocrx_word' id='word_1_1' title='bbox 789 971 988 1050; x_wconf 50' lang='lat' dir='ltr'><strong>&amp;citt</strong></span> <span class='ocrx_word' id='word_1_2' title='bbox 1108 985 1116 1000; x_wconf 88' lang='lat'><strong><em>‘</em></strong></span> <span class='ocrx_word' id='word_1_3' title='bbox 1479 1006 1524 1064; x_wconf 79' lang='lat' dir='ltr'><strong>rt</strong></span> <span class='ocrx_word' id='word_1_4' title='bbox 1588 936 1590 940; x_wconf 27' lang='lat'>⁵</span> 
     </span>
    </p>
   </div>
   <div class='ocr_carea' id='block_1_2' title="bbox 286 1149 1666 4428">
    <p class='ocr_par' dir='ltr' id='par_1_2' title="bbox 286 1149 1666 4014">
     <span class='ocr_line' id='line_1_2' title="bbox 290 1149 1520 1256; baseline 0.008 -30"><span class='ocrx_word' id='word_1_5' title='bbox 290 1149 406 1226; x_wconf 84' lang='lat' dir='ltr'><strong>thane.</strong></span> <span class='ocrx_word' id='word_1_6' title='bbox 462 1150 562 1256; x_wconf 88' lang='lat' dir='ltr'><strong>Quae</strong></span> <span class='ocrx_word' id='word_1_7' title='bbox 590 1150 797 1250; x_wconf 81' lang='lat' dir='ltr'><strong>hypothesis</strong></span> <span class='ocrx_word' id='word_1_8' title='bbox 831 1172 869 1227; x_wconf 91' lang='lat' dir='ltr'><strong>et</strong></span> <span class='ocrx_word' id='word_1_9' title='bbox 895 1176 941 1226; x_wconf 90' lang='lat' dir='ltr'><strong>eo</strong></span> <span class='ocrx_word' id='word_1_10' title='bbox 966 1152 1002 1227; x_wconf 87' lang='lat' dir='ltr'><strong>so</strong></span> <span class='ocrx_word' id='word_1_11' title='bbox 1030 1154 1276 1246; x_wconf 77' lang='lat' dir='ltr'><strong>commendat,</strong></span> <span class='ocrx_word' id='word_1_12' title='bbox 1361 1158 1406 1232; x_wconf 91' lang='lat' dir='ltr'><strong>od</strong></span> <span class='ocrx_word' id='word_1_13' title='bbox 1436 1159 1520 1241; x_wconf 71' lang='lat' dir='ltr'><strong>duas</strong></span> 
     </span>
     <span class='ocr_line' id='line_1_3' title="bbox 293 1248 1519 1345; baseline 0.011 -26"><span class='ocrx_word' id='word_1_14' title='bbox 293 1248 358 1320; x_wconf 78' lang='lat' dir='ltr'><strong>ill-is</strong></span> <span class='ocrx_word' id='word_1_15' title='bbox 377 1249 605 1345; x_wconf 82' lang='lat' dir='ltr'><strong>genealogias</strong></span> <span class='ocrx_word' id='word_1_16' title='bbox 626 1249 725 1323; x_wconf 85' lang='lat' dir='ltr'><strong>facili</strong></span> <span class='ocrx_word' id='word_1_17' title='bbox 749 1248 811 1323; x_wconf 86' lang='lat' dir='ltr'><strong>via</strong></span> <span class='ocrx_word' id='word_1_18' title='bbox 836 1252 954 1324; x_wconf 83' lang='lat' dir='ltr'><strong>secum</strong></span> <span class='ocrx_word' id='word_1_19' title='bbox 980 1248 1171 1340; x_wconf 85' lang='lat' dir='ltr'>conciliet,</span> <span class='ocrx_word' id='word_1_20' title='bbox 1199 1275 1279 1325; x_wconf 89' lang='lat' dir='ltr'><strong>cum</strong></span> <span class='ocrx_word' id='word_1_21' title='bbox 1307 1253 1363 1328; x_wconf 84' lang='lat' dir='ltr'><strong>ila</strong></span> <span class='ocrx_word' id='word_1_22' title='bbox 1383 1258 1519 1335; x_wconf 85' lang='lat' dir='ltr'><strong>Matth.</strong></span> 
     </span>
     <span class='ocr_line' id='line_1_4' title="bbox 288 1343 1519 1447; baseline 0.008 -32"><span class='ocrx_word' id='word_1_23' title='bbox 288 1343 325 1415; x_wconf 88' lang='lat' dir='ltr'><strong>lit</strong></span> <span class='ocrx_word' id='word_1_24' title='bbox 345 1345 517 1442; x_wconf 72' lang='lat' dir='ltr'><strong>josephi,</strong></span> <span class='ocrx_word' id='word_1_25' title='bbox 537 1347 644 1418; x_wconf 88' lang='lat' dir='ltr'><strong>altera</strong></span> <span class='ocrx_word' id='word_1_26' title='bbox 660 1348 747 1419; x_wconf 88' lang='lat' dir='ltr'><strong>Luc.</strong></span> <span class='ocrx_word' id='word_1_27' title='bbox 766 1346 927 1434; x_wconf 85' lang='lat' dir='ltr'><strong>Mariae,</strong></span> <span class='ocrx_word' id='word_1_28' title='bbox 952 1344 1079 1419; x_wconf 82' lang='lat' dir='ltr'><strong>unicae</strong></span> <span class='ocrx_word' id='word_1_29' title='bbox 1097 1348 1349 1444; x_wconf 83' lang='lat' dir='ltr'><strong>progenitrieis</strong></span> <span class='ocrx_word' id='word_1_30' title='bbox 1367 1356 1394 1423; x_wconf 82' lang='lat' dir='ltr'><em>C</em></span> <span class='ocrx_word' id='word_1_31' title='bbox 1398 1351 1519 1447; x_wconf 77' lang='lat' dir='ltr'><strong>xristi,</strong></span> 
     </span>
     <span class='ocr_line' id='line_1_5' title="bbox 293 1440 1651 1540; baseline 0.01 -29"><span class='ocrx_word' id='word_1_32' title='bbox 293 1445 420 1537; x_wconf 88' lang='lat' dir='ltr'><strong>quippe</strong></span> <span class='ocrx_word' id='word_1_33' title='bbox 453 1464 475 1513; x_wconf 90' lang='lat' dir='ltr'><strong>e</strong></span> <span class='ocrx_word' id='word_1_34' title='bbox 503 1446 637 1514; x_wconf 76' lang='lat' dir='ltr'><strong>mulleri</strong></span> <span class='ocrx_word' id='word_1_35' title='bbox 665 1442 754 1530; x_wconf 87' lang='lat' dir='ltr'><strong>sola,</strong></span> <span class='ocrx_word' id='word_1_36' title='bbox 788 1440 860 1515; x_wconf 88' lang='lat' dir='ltr'><strong>stne</strong></span> <span class='ocrx_word' id='word_1_37' title='bbox 892 1467 962 1538; x_wconf 91' lang='lat' dir='ltr'><strong>ope</strong></span> <span class='ocrx_word' id='word_1_38' title='bbox 997 1443 1087 1528; x_wconf 89' lang='lat' dir='ltr'><strong>viri,</strong></span> <span class='ocrx_word' id='word_1_39' title='bbox 1126 1444 1221 1532; x_wconf 88' lang='lat' dir='ltr'><strong>nati,</strong></span> <span class='ocrx_word' id='word_1_40' title='bbox 1265 1467 1370 1540; x_wconf 86' lang='lat' dir='ltr'><strong>quare</strong></span> <span class='ocrx_word' id='word_1_41' title='bbox 1396 1448 1520 1525; x_wconf 69' lang='lat' dir='ltr'><strong>Paulus</strong></span> <span class='ocrx_word' id='word_1_42' title='bbox 1641 1443 1651 1453; x_wconf 67' lang='grc'><strong>’</strong></span> 
     </span>
     <span class='ocr_line' id='line_1_6' title="bbox 295 1538 1521 1635; baseline 0.009 -26"><span class='ocrx_word' id='word_1_43' title='bbox 295 1538 364 1609; x_wconf 86' lang='lat' dir='ltr'><strong>Gal.</strong></span> <span class='ocrx_word' id='word_1_44' title='bbox 392 1538 464 1610; x_wconf 85' lang='lat' dir='ltr'><strong>IV:</strong></span> <span class='ocrx_word' id='word_1_45' title='bbox 489 1561 525 1627; x_wconf 81' lang='lat'>4</span> <span class='ocrx_word' id='word_1_46' title='bbox 552 1562 632 1610; x_wconf 84' lang='lat' dir='ltr'><strong>eum</strong></span> <span class='ocrx_word' id='word_1_47' title='bbox 657 1538 860 1634; x_wconf 72' lang='lat' dir='ltr'><strong>emphatice</strong></span> <span class='ocrx_word' id='word_1_48' title='bbox 893 1539 1045 1635; x_wconf 85' lang='lat' dir='ltr'><strong>adpellat</strong></span> <span class='ocrx_word' id='word_1_49' title='bbox 1067 1538 1175 1629; x_wconf 68' lang='lat' dir='ltr'><strong>filium</strong></span> <span class='ocrx_word' id='word_1_50' title='bbox 1197 1540 1287 1628; x_wconf 78' lang='lat' dir='ltr'><strong>Dei,</strong></span> <span class='ocrx_word' id='word_1_51' title='bbox 1327 1546 1475 1634; x_wconf 75' lang='lat' dir='ltr'><strong>gemtum</strong></span> <span class='ocrx_word' id='word_1_52' title='bbox 1502 1570 1521 1621; x_wconf 83' lang='lat' dir='ltr'><strong>e</strong></span> 
     </span>
     <span class='ocr_line' id='line_1_7' title="bbox 291 1632 1516 1731; baseline 0.007 -27"><span class='ocrx_word' id='word_1_53' title='bbox 291 1637 432 1705; x_wconf 73' lang='lat' dir='ltr'><strong>muliere.</strong></span> <span class='ocrx_word' id='word_1_54' title='bbox 485 1634 592 1731; x_wconf 82' lang='lat' dir='ltr'><strong>Quod</strong></span> <span class='ocrx_word' id='word_1_55' title='bbox 608 1634 685 1729; x_wconf 87' lang='lat' dir='ltr'><strong>ipse</strong></span> <span class='ocrx_word' id='word_1_56' title='bbox 711 1636 820 1722; x_wconf 75' lang='lat' dir='ltr'><strong>Lue,</strong></span> <span class='ocrx_word' id='word_1_57' title='bbox 846 1632 1090 1731; x_wconf 80' lang='lat' dir='ltr'><strong>genealogiam</strong></span> <span class='ocrx_word' id='word_1_58' title='bbox 1109 1655 1230 1707; x_wconf 87' lang='lat' dir='ltr'><strong>texere</strong></span> <span class='ocrx_word' id='word_1_59' title='bbox 1248 1635 1321 1708; x_wconf 89' lang='lat' dir='ltr'><strong>inci</strong></span> <span class='ocrx_word' id='word_1_60' title='bbox 1350 1636 1448 1726; x_wconf 88' lang='lat' dir='ltr'><strong>iens,</strong></span> <span class='ocrx_word' id='word_1_61' title='bbox 1482 1661 1516 1713; x_wconf 85' lang='lat' dir='ltr'><strong>c.</strong></span> 
     </span>
     <span class='ocr_line' id='line_1_8' title="bbox 295 1663 1517 1828; baseline 0.007 -28"><span class='ocrx_word' id='word_1_62' title='bbox 295 1730 355 1800; x_wconf 91' lang='lat' dir='ltr'><strong>lll:</strong></span> <span class='ocrx_word' id='word_1_63' title='bbox 386 1751 444 1823; x_wconf 61' lang='lat'><strong>2}</strong></span> <span class='ocrx_word' id='word_1_64' title='bbox 472 1728 563 1801; x_wconf 89' lang='lat' dir='ltr'><strong>haud</strong></span> <span class='ocrx_word' id='word_1_65' title='bbox 590 1732 736 1805; x_wconf 83' lang='lat' dir='ltr'>obscure</span> <span class='ocrx_word' id='word_1_66' title='bbox 763 1730 957 1825; x_wconf 81' lang='lat' dir='ltr'><strong>significat,</strong></span> <span class='ocrx_word' id='word_1_67' title='bbox 1000 1729 1108 1803; x_wconf 92' lang='lat' dir='ltr'><strong>modo</strong></span> <span class='ocrx_word' id='word_1_68' title='bbox 1136 1733 1244 1804; x_wconf 88' lang='lat' dir='ltr'><strong>verba</strong></span> <span class='ocrx_word' id='word_1_69' title='bbox 1276 1663 1373 1804; x_wconf 62' lang='lat' dir='ltr'><strong>redte</strong></span> <span class='ocrx_word' id='word_1_70' title='bbox 1400 1733 1517 1828; x_wconf 92' lang='lat' dir='ltr'><strong>dispo·</strong></span> 
     </span>
     <span class='ocr_line' id='line_1_9' title="bbox 292 1823 1520 1925; baseline 0.002 -28"><span class='ocrx_word' id='word_1_71' title='bbox 292 1844 417 1897; x_wconf 83' lang='lat' dir='ltr'><strong>nantur</strong></span> <span class='ocrx_word' id='word_1_72' title='bbox 451 1844 489 1897; x_wconf 91' lang='lat' dir='ltr'><strong>et</strong></span> <span class='ocrx_word' id='word_1_73' title='bbox 514 1824 719 1920; x_wconf 84' lang='lat' dir='ltr'><strong>capiuntur,</strong></span> <span class='ocrx_word' id='word_1_74' title='bbox 743 1827 914 1914; x_wconf 77' lang='lat' dir='ltr'><strong>uocibus,</strong></span> <span class='ocrx_word' id='word_1_75' title='bbox 928 1823 1024 1917; x_wconf 77' lang='lat' dir='ltr'><strong>sicut</strong></span> <span class='ocrx_word' id='word_1_76' title='bbox 1039 1831 1221 1918; x_wconf 80' lang='lat' dir='ltr'><strong>putabatur</strong></span> <span class='ocrx_word' id='word_1_77' title='bbox 1241 1828 1338 1921; x_wconf 78' lang='lat' dir='ltr'><strong>filius</strong></span> <span class='ocrx_word' id='word_1_78' title='bbox 1357 1826 1520 1925; x_wconf 82' lang='lat' dir='ltr'><strong>Joseplii‘,</strong></span> 
     </span>
     <span class='ocr_line' id='line_1_10' title="bbox 292 1918 1517 2017; baseline 0.002 -24"><span class='ocrx_word' id='word_1_79' title='bbox 292 1922 405 1993; x_wconf 88' lang='lat' dir='ltr'><strong>secum</strong></span> <span class='ocrx_word' id='word_1_80' title='bbox 430 1918 565 2016; x_wconf 70' lang='lat' dir='ltr'><strong>jundlis</strong></span> <span class='ocrx_word' id='word_1_81' title='bbox 589 1943 628 1994; x_wconf 86' lang='lat' dir='ltr'><strong>et</strong></span> <span class='ocrx_word' id='word_1_82' title='bbox 653 1922 852 2017; x_wconf 87' lang='lat' dir='ltr'><strong>parenthesi</strong></span> <span class='ocrx_word' id='word_1_83' title='bbox 885 1920 1047 2007; x_wconf 89' lang='lat' dir='ltr'><strong>inclusis,</strong></span> <span class='ocrx_word' id='word_1_84' title='bbox 1090 1941 1273 2017; x_wconf 83' lang='lat' dir='ltr'><strong>praeterea</strong></span> <span class='ocrx_word' id='word_1_85' title='bbox 1311 1925 1371 2000; x_wconf 67' lang='lat' dir='ltr'><strong>illi</strong></span> <span class='ocrx_word' id='word_1_86' title='bbox 1403 1924 1517 2015; x_wconf 80' lang='lat' dir='ltr'><strong>filius,</strong></span> 
     </span>
     <span class='ocr_line' id='line_1_11' title="bbox 292 2014 1518 2111; baseline 0.002 -24"><span class='ocrx_word' id='word_1_87' title='bbox 292 2019 365 2104; x_wconf 78' lang='lat' dir='ltr'><strong>iel,</strong></span> <span class='ocrx_word' id='word_1_88' title='bbox 392 2037 432 2089; x_wconf 89' lang='lat' dir='ltr'><strong>ut</strong></span> <span class='ocrx_word' id='word_1_89' title='bbox 459 2017 617 2089; x_wconf 85' lang='lat' dir='ltr'><strong>nonnulli</strong></span> <span class='ocrx_word' id='word_1_90' title='bbox 638 2017 725 2092; x_wconf 87' lang='lat' dir='ltr'><strong>Cod.</strong></span> <span class='ocrx_word' id='word_1_91' title='bbox 749 2019 903 2105; x_wconf 88' lang='lat' dir='ltr'><strong>habent,</strong></span> <span class='ocrx_word' id='word_1_92' title='bbox 931 2040 1011 2091; x_wconf 90' lang='lat' dir='ltr'><strong>cuin</strong></span> <span class='ocrx_word' id='word_1_93' title='bbox 1035 2014 1076 2086; x_wconf 65' lang='lat' dir='ltr'><strong>dv</strong></span> <span class='ocrx_word' id='word_1_94' title='bbox 1103 2016 1242 2111; x_wconf 78' lang='lat' dir='ltr'><strong>existent</strong></span> <span class='ocrx_word' id='word_1_95' title='bbox 1261 2018 1518 2111; x_wconf 68' lang='lat' dir='ltr'><strong>connedlattir,</strong></span> 
     </span>
     <span class='ocr_line' id='line_1_12' title="bbox 295 2112 1518 2210; baseline 0.005 -29"><span class='ocrx_word' id='word_1_96' title='bbox 295 2114 454 2185; x_wconf 80' lang='lat' dir='ltr'><strong>velante</strong></span> <span class='ocrx_word' id='word_1_97' title='bbox 477 2143 516 2185; x_wconf 66' lang='grc' dir='ltr'><strong>ω</strong></span> <span class='ocrx_word' id='word_1_98' title='bbox 538 2120 588 2194; x_wconf 67' lang='lat' dir='ltr'><strong>sin</strong></span> <span class='ocrx_word' id='word_1_99' title='bbox 619 2115 675 2186; x_wconf 84' lang='lat' dir='ltr'><strong>Eli</strong></span> <span class='ocrx_word' id='word_1_100' title='bbox 699 2133 901 2210; x_wconf 84' lang='lat' dir='ltr'><strong>repetatur,</strong></span> <span class='ocrx_word' id='word_1_101' title='bbox 936 2113 1089 2201; x_wconf 80' lang='lat' dir='ltr'><strong>maxime</strong></span> <span class='ocrx_word' id='word_1_102' title='bbox 1124 2112 1294 2207; x_wconf 79' lang='lat' dir='ltr'><strong>emphasis</strong></span> <span class='ocrx_word' id='word_1_103' title='bbox 1322 2112 1430 2186; x_wconf 75' lang='lat' dir='ltr'><strong>verbi</strong></span> <span class='ocrx_word' id='word_1_104' title='bbox 1456 2113 1518 2203; x_wconf 64' lang='lat' dir='ltr'><strong>ab,</strong></span> 
     </span>
     <span class='ocr_line' id='line_1_13' title="bbox 292 2206 1518 2318; baseline 0.007 -40"><span class='ocrx_word' id='word_1_105' title='bbox 292 2207 455 2304; x_wconf 90' lang='lat' dir='ltr'><strong>opposite</strong></span> <span class='ocrx_word' id='word_1_106' title='bbox 478 2212 521 2283; x_wconf 91' lang='lat' dir='ltr'><strong>ad</strong></span> <span class='ocrx_word' id='word_1_107' title='bbox 549 2212 695 2306; x_wconf 68' lang='grc' dir='ltr'><strong>ίυομίζιιο</strong></span> <span class='ocrx_word' id='word_1_108' title='bbox 727 2215 965 2307; x_wconf 73' lang='lat' dir='ltr'><strong>reputabatur,</strong></span> <span class='ocrx_word' id='word_1_109' title='bbox 998 2206 1223 2283; x_wconf 72' lang='lat' dir='ltr'><strong>adtenditur:</strong></span> <span class='ocrx_word' id='word_1_110' title='bbox 1265 2208 1424 2318; x_wconf 78' lang='lat' dir='ltr'><strong>adeoque</strong></span> <span class='ocrx_word' id='word_1_111' title='bbox 1450 2208 1518 2287; x_wconf 81' lang='lat' dir='ltr'><strong>hac</strong></span> 
     </span>
     <span class='ocr_line' id='line_1_14' title="bbox 294 2304 1516 2401; baseline 0.002 -26"><span class='ocrx_word' id='word_1_112' title='bbox 294 2308 429 2378; x_wconf 82' lang='lat' dir='ltr'><strong>ratione</strong></span> <span class='ocrx_word' id='word_1_113' title='bbox 463 2307 673 2401; x_wconf 80' lang='lat' dir='ltr'><strong>explanetur</strong></span> <span class='ocrx_word' id='word_1_114' title='bbox 696 2305 828 2379; x_wconf 91' lang='lat' dir='ltr'><strong>serino:</strong></span> <span class='ocrx_word' id='word_1_115' title='bbox 853 2304 1016 2398; x_wconf 74' lang='lat' dir='ltr'><strong>existens,</strong></span> <span class='ocrx_word' id='word_1_116' title='bbox 1060 2326 1168 2393; x_wconf 90' lang='lat' dir='ltr'><strong>vete,</strong></span> <span class='ocrx_word' id='word_1_117' title='bbox 1206 2304 1299 2397; x_wconf 73' lang='lat' dir='ltr'><strong>filius</strong></span> <span class='ocrx_word' id='word_1_118' title='bbox 1334 2305 1439 2399; x_wconf 69' lang='lat' dir='ltr'><strong>(licut</strong></span> <span class='ocrx_word' id='word_1_119' title='bbox 1453 2326 1516 2401; x_wconf 83' lang='lat' dir='ltr'><strong>pu·</strong></span> 
     </span>
     <span class='ocr_line' id='line_1_15' title="bbox 291 2398 1516 2499; baseline 0.002 -28"><span class='ocrx_word' id='word_1_120' title='bbox 291 2407 427 2473; x_wconf 77' lang='lat' dir='ltr'><strong>rabitur</strong></span> <span class='ocrx_word' id='word_1_121' title='bbox 449 2400 611 2497; x_wconf 74' lang='lat' dir='ltr'><strong>Josepbi&#39;)</strong></span> <span class='ocrx_word' id='word_1_122' title='bbox 631 2404 710 2491; x_wconf 78' lang='lat' dir='ltr'><strong>Eli,</strong></span> <span class='ocrx_word' id='word_1_123' title='bbox 730 2404 802 2499; x_wconf 78' lang='lat' dir='ltr'><strong>filii·</strong></span> <span class='ocrx_word' id='word_1_124' title='bbox 826 2402 996 2476; x_wconf 71' lang='lat' dir='ltr'><strong>Matthaei</strong></span> <span class='ocrx_word' id='word_1_125' title='bbox 1012 2420 1082 2476; x_wconf 89' lang='lat' dir='ltr'><strong>ete.</strong></span> <span class='ocrx_word' id='word_1_126' title='bbox 1108 2398 1144 2474; x_wconf 83' lang='lat' dir='ltr'><strong>lt</strong></span> <span class='ocrx_word' id='word_1_127' title='bbox 1169 2420 1201 2470; x_wconf 89' lang='lat' dir='ltr'><strong>e.</strong></span> <span class='ocrx_word' id='word_1_128' title='bbox 1228 2422 1314 2472; x_wconf 89' lang='lat' dir='ltr'><strong>vere</strong></span> <span class='ocrx_word' id='word_1_129' title='bbox 1341 2419 1416 2473; x_wconf 86' lang='lat' dir='ltr'><strong>erar</strong></span> <span class='ocrx_word' id='word_1_130' title='bbox 1443 2422 1516 2482; x_wconf 78' lang='lat' dir='ltr'><strong>noti</strong></span> 
     </span>
     <span class='ocr_line' id='line_1_16' title="bbox 296 2494 1517 2597; baseline 0.002 -29"><span class='ocrx_word' id='word_1_131' title='bbox 296 2518 335 2568; x_wconf 89' lang='lat' dir='ltr'><strong>ex</strong></span> <span class='ocrx_word' id='word_1_132' title='bbox 363 2497 545 2593; x_wconf 89' lang='lat' dir='ltr'><strong>Josepho,</strong></span> <span class='ocrx_word' id='word_1_133' title='bbox 571 2497 740 2597; x_wconf 88' lang='lat' dir='ltr'><strong>putatitio</strong></span> <span class='ocrx_word' id='word_1_134' title='bbox 766 2518 900 2572; x_wconf 89' lang='lat' dir='ltr'><strong>tantum</strong></span> <span class='ocrx_word' id='word_1_135' title='bbox 927 2517 1047 2594; x_wconf 88' lang='lat' dir='ltr'><strong>patie,</strong></span> <span class='ocrx_word' id='word_1_136' title='bbox 1081 2495 1141 2569; x_wconf 86' lang='lat' dir='ltr'><strong>sed</strong></span> <span class='ocrx_word' id='word_1_137' title='bbox 1165 2516 1211 2566; x_wconf 87' lang='lat' dir='ltr'><strong>ex</strong></span> <span class='ocrx_word' id='word_1_138' title='bbox 1236 2494 1310 2583; x_wconf 87' lang='lat' dir='ltr'><strong>Eli,</strong></span> <span class='ocrx_word' id='word_1_139' title='bbox 1343 2518 1413 2570; x_wconf 86' lang='lat' dir='ltr'><strong>nec</strong></span> <span class='ocrx_word' id='word_1_140' title='bbox 1440 2515 1517 2572; x_wconf 88' lang='lat' dir='ltr'><strong>tan·</strong></span> 
     </span>
     <span class='ocr_line' id='line_1_17' title="bbox 293 2588 1518 2689; baseline 0.003 -26"><span class='ocrx_word' id='word_1_141' title='bbox 293 2615 393 2687; x_wconf 87' lang='lat' dir='ltr'><strong>quam</strong></span> <span class='ocrx_word' id='word_1_142' title='bbox 412 2616 534 2687; x_wconf 86' lang='lat' dir='ltr'><strong>patre,</strong></span> <span class='ocrx_word' id='word_1_143' title='bbox 562 2596 620 2669; x_wconf 87' lang='lat' dir='ltr'><strong>sed</strong></span> <span class='ocrx_word' id='word_1_144' title='bbox 639 2618 728 2683; x_wconf 83' lang='lat' dir='ltr'><strong>ave,</strong></span> <span class='ocrx_word' id='word_1_145' title='bbox 755 2596 914 2689; x_wconf 88' lang='lat' dir='ltr'><strong>adeoque</strong></span> <span class='ocrx_word' id='word_1_146' title='bbox 929 2618 993 2689; x_wconf 88' lang='lat' dir='ltr'><strong>per</strong></span> <span class='ocrx_word' id='word_1_147' title='bbox 1015 2590 1212 2689; x_wconf 79' lang='lat' dir='ltr'><strong>ejus&#39;filiam</strong></span> <span class='ocrx_word' id='word_1_148' title='bbox 1229 2588 1400 2666; x_wconf 86' lang='lat' dir='ltr'><strong>Mariam:</strong></span> <span class='ocrx_word' id='word_1_149' title='bbox 1427 2615 1518 2689; x_wconf 84' lang='lat' dir='ltr'><strong>quae</strong></span> 
     </span>
     <span class='ocr_line' id='line_1_18' title="bbox 290 2685 1628 2788; baseline 0.002 -26"><span class='ocrx_word' id='word_1_150' title='bbox 290 2690 381 2763; x_wconf 88' lang='lat' dir='ltr'><strong>ratio</strong></span> <span class='ocrx_word' id='word_1_151' title='bbox 398 2688 471 2781; x_wconf 91' lang='lat' dir='ltr'><strong>est,</strong></span> <span class='ocrx_word' id='word_1_152' title='bbox 498 2713 603 2788; x_wconf 87' lang='lat' dir='ltr'><strong>quare</strong></span> <span class='ocrx_word' id='word_1_153' title='bbox 622 2713 696 2766; x_wconf 94' lang='lat' dir='ltr'><strong>non</strong></span> <span class='ocrx_word' id='word_1_154' title='bbox 721 2697 772 2776; x_wconf 67' lang='lat' dir='ltr'><strong>uiui</strong></span> <span class='ocrx_word' id='word_1_155' title='bbox 799 2691 857 2765; x_wconf 90' lang='lat' dir='ltr'><strong>sed</strong></span> <span class='ocrx_word' id='word_1_156' title='bbox 882 2701 919 2766; x_wconf 71' lang='grc' dir='ltr'><strong>τῦ</strong></span> <span class='ocrx_word' id='word_1_157' title='bbox 939 2697 989 2775; x_wconf 69' lang='grc' dir='ltr'><strong>ἐκ</strong></span> <span class='ocrx_word' id='word_1_158' title='bbox 1014 2685 1107 2765; x_wconf 83' lang='lat' dir='ltr'><strong>dixit</strong></span> <span class='ocrx_word' id='word_1_159' title='bbox 1125 2689 1258 2772; x_wconf 84' lang='lat' dir='ltr'><strong>Lucas,</strong></span> <span class='ocrx_word' id='word_1_160' title='bbox 1287 2704 1325 2761; x_wconf 93' lang='lat' dir='ltr'><strong>ut</strong></span> <span class='ocrx_word' id='word_1_161' title='bbox 1343 2687 1516 2787; x_wconf 79' lang='lat' dir='ltr'><strong>significa·</strong></span> <span class='ocrx_word' id='word_1_162' title='bbox 1625 2777 1628 2783; x_wconf 39' lang='grc'>,</span> 
     </span>
     <span class='ocr_line' id='line_1_19' title="bbox 291 2784 1666 2882; baseline 0.004 -25"><span class='ocrx_word' id='word_1_163' title='bbox 291 2805 366 2874; x_wconf 68' lang='lat' dir='ltr'><strong>ret,</strong></span> <span class='ocrx_word' id='word_1_164' title='bbox 392 2784 548 2862; x_wconf 86' lang='lat' dir='ltr'><strong>sobolem</strong></span> <span class='ocrx_word' id='word_1_165' title='bbox 575 2787 630 2864; x_wconf 86' lang='lat' dir='ltr'><strong>Eli</strong></span> <span class='ocrx_word' id='word_1_166' title='bbox 661 2788 906 2879; x_wconf 71' lang='lat' dir='ltr'><strong>intercessisse,</strong></span> <span class='ocrx_word' id='word_1_167' title='bbox 942 2787 1034 2861; x_wconf 93' lang='lat' dir='ltr'><strong>unde</strong></span> <span class='ocrx_word' id='word_1_168' title='bbox 1058 2785 1156 2882; x_wconf 88' lang='lat' dir='ltr'><strong>Jesus</strong></span> <span class='ocrx_word' id='word_1_169' title='bbox 1179 2803 1281 2855; x_wconf 85' lang='lat' dir='ltr'><strong>nattis</strong></span> <span class='ocrx_word' id='word_1_170' title='bbox 1304 2784 1393 2877; x_wconf 89' lang='lat' dir='ltr'><strong>suit,</strong></span> <span class='ocrx_word' id='word_1_171' title='bbox 1429 2785 1518 2864; x_wconf 90' lang='lat' dir='ltr'><strong>sicut</strong></span> <span class='ocrx_word' id='word_1_172' title='bbox 1659 2784 1666 2796; x_wconf 84' lang='grc'>’</span> 
     </span>
     <span class='ocr_line' id='line_1_20' title="bbox 291 2877 1518 2983; baseline 0.002 -29"><span class='ocrx_word' id='word_1_173' title='bbox 291 2879 375 2954; x_wconf 89' lang='lat' dir='ltr'><strong>illud</strong></span> <span class='ocrx_word' id='word_1_174' title='bbox 402 2893 442 2955; x_wconf 78' lang='grc' dir='ltr'><strong>ιιῐ</strong></span> <span class='ocrx_word' id='word_1_175' title='bbox 461 2881 499 2956; x_wconf 92' lang='lat' dir='ltr'><strong>in</strong></span> <span class='ocrx_word' id='word_1_176' title='bbox 525 2885 594 2983; x_wconf 80' lang='lat' dir='ltr'><strong>seq,</strong></span> <span class='ocrx_word' id='word_1_177' title='bbox 613 2904 793 2960; x_wconf 67' lang='lat' dir='ltr'><strong>contextu</strong></span> <span class='ocrx_word' id='word_1_178' title='bbox 824 2885 876 2959; x_wconf 88' lang='lat' dir='ltr'><strong>ita</strong></span> <span class='ocrx_word' id='word_1_179' title='bbox 902 2883 989 2959; x_wconf 92' lang='lat' dir='ltr'><strong>sumi</strong></span> <span class='ocrx_word' id='word_1_180' title='bbox 1013 2884 1112 2958; x_wconf 86' lang='lat' dir='ltr'><strong>solet.</strong></span> <span class='ocrx_word' id='word_1_181' title='bbox 1160 2877 1281 2954; x_wconf 87' lang='lat' dir='ltr'><strong>Masc:</strong></span> <span class='ocrx_word' id='word_1_182' title='bbox 1307 2879 1364 2973; x_wconf 74' lang='lat' dir='ltr'><strong>ni,</strong></span> <span class='ocrx_word' id='word_1_183' title='bbox 1389 2901 1427 2956; x_wconf 90' lang='lat' dir='ltr'><strong>et</strong></span> <span class='ocrx_word' id='word_1_184' title='bbox 1443 2905 1518 2957; x_wconf 84' lang='lat' dir='ltr'><strong>non</strong></span> 
     </span>
     <span class='ocr_line' id='line_1_21' title="bbox 287 2976 1517 3079; baseline 0.001 -27"><span class='ocrx_word' id='word_1_185' title='bbox 287 2976 359 3064; x_wconf 68' lang='lat' dir='ltr'><strong>vie,</strong></span> <span class='ocrx_word' id='word_1_186' title='bbox 384 2979 464 3052; x_wconf 86' lang='lat' dir='ltr'><strong>usus</strong></span> <span class='ocrx_word' id='word_1_187' title='bbox 492 2980 561 3071; x_wconf 86' lang='lat' dir='ltr'><strong>est,</strong></span> <span class='ocrx_word' id='word_1_188' title='bbox 585 2981 672 3054; x_wconf 89' lang='lat' dir='ltr'><strong>lieet</strong></span> <span class='ocrx_word' id='word_1_189' title='bbox 696 3005 763 3079; x_wconf 92' lang='lat' dir='ltr'><strong>per</strong></span> <span class='ocrx_word' id='word_1_190' title='bbox 790 2980 899 3055; x_wconf 86' lang='lat' dir='ltr'><strong>filiam</strong></span> <span class='ocrx_word' id='word_1_191' title='bbox 921 2980 977 3054; x_wconf 78' lang='lat' dir='ltr'><strong>Eli</strong></span> <span class='ocrx_word' id='word_1_192' title='bbox 1005 3003 1050 3053; x_wconf 91' lang='lat' dir='ltr'><strong>ex</strong></span> <span class='ocrx_word' id='word_1_193' title='bbox 1066 2979 1143 3074; x_wconf 90' lang='lat' dir='ltr'><strong>ipso</strong></span> <span class='ocrx_word' id='word_1_194' title='bbox 1167 2976 1210 3051; x_wconf 90' lang='lat' dir='ltr'><strong>sit</strong></span> <span class='ocrx_word' id='word_1_195' title='bbox 1233 2977 1351 3073; x_wconf 87' lang='lat' dir='ltr'><strong>Jesus,</strong></span> <span class='ocrx_word' id='word_1_196' title='bbox 1377 2978 1455 3075; x_wconf 90' lang='lat' dir='ltr'><strong>quia</strong></span> <span class='ocrx_word' id='word_1_197' title='bbox 1473 2979 1517 3053; x_wconf 88' lang='lat' dir='ltr'><strong>ad</strong></span> 
     </span>
     <span class='ocr_line' id='line_1_22' title="bbox 289 3074 1519 3176; baseline 0.002 -30"><span class='ocrx_word' id='word_1_198' title='bbox 289 3098 372 3148; x_wconf 89' lang='lat' dir='ltr'><strong>rem</strong></span> <span class='ocrx_word' id='word_1_199' title='bbox 408 3074 515 3169; x_wconf 88' lang='lat' dir='ltr'><strong>ipsam</strong></span> <span class='ocrx_word' id='word_1_200' title='bbox 541 3077 671 3166; x_wconf 85' lang='lat' dir='ltr'><strong>mais,</strong></span> <span class='ocrx_word' id='word_1_201' title='bbox 713 3101 815 3176; x_wconf 89' lang='lat' dir='ltr'><strong>quam</strong></span> <span class='ocrx_word' id='word_1_202' title='bbox 871 3101 957 3150; x_wconf 87' lang='lat' dir='ltr'><strong>enus</strong></span> <span class='ocrx_word' id='word_1_203' title='bbox 981 3078 1042 3150; x_wconf 91' lang='lat' dir='ltr'><strong>res</strong></span> <span class='ocrx_word' id='word_1_204' title='bbox 1062 3076 1137 3150; x_wconf 82' lang='lat' dir='ltr'><strong>exit</strong></span> <span class='ocrx_word' id='word_1_205' title='bbox 1161 3074 1296 3163; x_wconf 84' lang='lat' dir='ltr'><strong>Lucas,</strong></span> <span class='ocrx_word' id='word_1_206' title='bbox 1338 3096 1376 3148; x_wconf 91' lang='lat' dir='ltr'><strong>et</strong></span> <span class='ocrx_word' id='word_1_207' title='bbox 1400 3075 1519 3149; x_wconf 81' lang='lat' dir='ltr'><strong>Maria</strong></span> 
     </span>
     <span class='ocr_line' id='line_1_23' title="bbox 286 3101 1517 3263; baseline 0.001 -19"><span class='ocrx_word' id='word_1_208' title='bbox 286 3171 369 3244; x_wconf 76' lang='lat' dir='ltr'><strong>viri</strong></span> <span class='ocrx_word' id='word_1_209' title='bbox 395 3194 505 3263; x_wconf 85' lang='lat' dir='ltr'><strong>aeque</strong></span> <span class='ocrx_word' id='word_1_210' title='bbox 530 3196 571 3244; x_wconf 83' lang='lat' dir='ltr'><strong>ae</strong></span> <span class='ocrx_word' id='word_1_211' title='bbox 595 3101 772 3248; x_wconf 58' lang='lat' dir='ltr'><strong>heminae</strong></span> <span class='ocrx_word' id='word_1_212' title='bbox 803 3173 841 3245; x_wconf 88' lang='lat' dir='ltr'><strong>iit</strong></span> <span class='ocrx_word' id='word_1_213' title='bbox 926 3172 995 3244; x_wconf 88' lang='lat' dir='ltr'><strong>fuit</strong></span> <span class='ocrx_word' id='word_1_214' title='bbox 1033 3195 1071 3244; x_wconf 91' lang='lat' dir='ltr'><strong>in</strong></span> <span class='ocrx_word' id='word_1_215' title='bbox 1099 3165 1239 3242; x_wconf 88' lang='lat' dir='ltr'><strong>Christo</strong></span> <span class='ocrx_word' id='word_1_216' title='bbox 1274 3168 1517 3263; x_wconf 78' lang='lat' dir='ltr'><strong>producendo.</strong></span> 
     </span>
     <span class='ocr_line' id='line_1_24' title="bbox 289 3263 1517 3365; baseline -0.002 -23"><span class='ocrx_word' id='word_1_217' title='bbox 289 3265 417 3342; x_wconf 79' lang='lat' dir='ltr'><strong>Aliter</strong></span> <span class='ocrx_word' id='word_1_218' title='bbox 428 3266 534 3361; x_wconf 84' lang='lat' dir='ltr'><strong>patilo</strong></span> <span class='ocrx_word' id='word_1_219' title='bbox 547 3269 728 3365; x_wconf 77' lang='lat' dir='ltr'><strong>expedivit</strong></span> <span class='ocrx_word' id='word_1_220' title='bbox 745 3268 843 3341; x_wconf 87' lang='lat' dir='ltr'><strong>hunc</strong></span> <span class='ocrx_word' id='word_1_221' title='bbox 865 3267 985 3339; x_wconf 89' lang='lat' dir='ltr'><strong>locum</strong></span> <span class='ocrx_word' id='word_1_222' title='bbox 1002 3267 1053 3338; x_wconf 73' lang='grc' dir='ltr'><strong>ΕΙ.</strong></span> <span class='ocrx_word' id='word_1_223' title='bbox 1080 3265 1137 3336; x_wconf 83' lang='lat' dir='ltr'><strong>Fr.</strong></span> <span class='ocrx_word' id='word_1_224' title='bbox 1163 3263 1323 3338; x_wconf 86' lang='lat' dir='ltr'><strong>Burman.</strong></span> <span class='ocrx_word' id='word_1_225' title='bbox 1342 3266 1517 3340; x_wconf 81' lang='lat' dir='ltr'><strong>llatmon</strong></span> 
     </span>
     <span class='ocr_line' id='line_1_25' title="bbox 290 3357 1512 3457; baseline 0 -23"><span class='ocrx_word' id='word_1_226' title='bbox 290 3363 429 3457; x_wconf 85' lang='lat' dir='ltr'><strong>Euang.</strong></span> <span class='ocrx_word' id='word_1_227' title='bbox 458 3381 482 3436; x_wconf 91' lang='lat' dir='ltr'><strong>t.</strong></span> <span class='ocrx_word' id='word_1_228' title='bbox 507 3365 535 3436; x_wconf 77' lang='lat' dir='ltr'><strong>h</strong></span> <span class='ocrx_word' id='word_1_229' title='bbox 562 3368 603 3439; x_wconf 90' lang='lat' dir='ltr'><strong>ad</strong></span> <span class='ocrx_word' id='word_1_230' title='bbox 627 3368 741 3456; x_wconf 92' lang='lat' dir='ltr'><strong>Luc.,</strong></span> <span class='ocrx_word' id='word_1_231' title='bbox 765 3362 827 3439; x_wconf 91' lang='lat' dir='ltr'><strong>ubi</strong></span> <span class='ocrx_word' id='word_1_232' title='bbox 851 3363 921 3437; x_wconf 89' lang='lat' dir='ltr'><strong>late</strong></span> <span class='ocrx_word' id='word_1_233' title='bbox 948 3381 985 3436; x_wconf 89' lang='lat' dir='ltr'><strong>et</strong></span> <span class='ocrx_word' id='word_1_234' title='bbox 1008 3357 1113 3434; x_wconf 67' lang='lat' dir='ltr'><strong>doute</strong></span> <span class='ocrx_word' id='word_1_235' title='bbox 1139 3357 1184 3430; x_wconf 90' lang='lat' dir='ltr'><strong>de</strong></span> <span class='ocrx_word' id='word_1_236' title='bbox 1210 3378 1255 3431; x_wconf 89' lang='lat' dir='ltr'><strong>eo</strong></span> <span class='ocrx_word' id='word_1_237' title='bbox 1273 3358 1428 3450; x_wconf 79' lang='lat' dir='ltr'><strong>disserit,</strong></span> <span class='ocrx_word' id='word_1_238' title='bbox 1454 3378 1512 3455; x_wconf 88' lang='lat' dir='ltr'><strong>et,</strong></span> 
     </span>
     <span class='ocr_line' id='line_1_26' title="bbox 289 3452 1516 3557; baseline 0.001 -28"><span class='ocrx_word' id='word_1_239' title='bbox 289 3460 406 3553; x_wconf 91' lang='lat' dir='ltr'><strong>quoad</strong></span> <span class='ocrx_word' id='word_1_240' title='bbox 433 3480 510 3532; x_wconf 89' lang='lat' dir='ltr'><strong>rem</strong></span> <span class='ocrx_word' id='word_1_241' title='bbox 534 3459 664 3557; x_wconf 86' lang='lat' dir='ltr'><strong>ipsam,</strong></span> <span class='ocrx_word' id='word_1_242' title='bbox 698 3459 779 3536; x_wconf 80' lang='lat' dir='ltr'><strong>satis</strong></span> <span class='ocrx_word' id='word_1_243' title='bbox 810 3457 848 3532; x_wconf 91' lang='lat' dir='ltr'><strong>in</strong></span> <span class='ocrx_word' id='word_1_244' title='bbox 878 3477 1036 3532; x_wconf 87' lang='lat' dir='ltr'><strong>mentem</strong></span> <span class='ocrx_word' id='word_1_245' title='bbox 1065 3452 1237 3541; x_wconf 88' lang='lat' dir='ltr'><strong>nostram,</strong></span> <span class='ocrx_word' id='word_1_246' title='bbox 1267 3455 1329 3553; x_wconf 91' lang='lat' dir='ltr'><strong>qui</strong></span> <span class='ocrx_word' id='word_1_247' title='bbox 1358 3455 1516 3537; x_wconf 85' lang='lat' dir='ltr'><strong>conferri</strong></span> 
     </span>
     <span class='ocr_line' id='line_1_27' title="bbox 290 3551 1518 3654; baseline 0.002 -28"><span class='ocrx_word' id='word_1_248' title='bbox 290 3573 458 3628; x_wconf 88' lang='lat' dir='ltr'><strong>meretur.</strong></span> <span class='ocrx_word' id='word_1_249' title='bbox 508 3559 696 3647; x_wconf 88' lang='lat' dir='ltr'><strong>Ceterum,</strong></span> <span class='ocrx_word' id='word_1_250' title='bbox 733 3555 816 3654; x_wconf 87' lang='lat' dir='ltr'><strong>quid</strong></span> <span class='ocrx_word' id='word_1_251' title='bbox 847 3553 1008 3628; x_wconf 85' lang='lat' dir='ltr'><strong>moverit</strong></span> <span class='ocrx_word' id='word_1_252' title='bbox 1033 3551 1259 3627; x_wconf 88' lang='lat' dir='ltr'><strong>Matthaeum</strong></span> <span class='ocrx_word' id='word_1_253' title='bbox 1282 3551 1324 3626; x_wconf 92' lang='lat' dir='ltr'><strong>ad</strong></span> <span class='ocrx_word' id='word_1_254' title='bbox 1351 3554 1518 3651; x_wconf 84' lang='lat' dir='ltr'><strong>genealo-</strong></span> 
     </span>
     <span class='ocr_line' id='line_1_28' title="bbox 291 3646 1518 3761; baseline 0.002 -38"><span class='ocrx_word' id='word_1_255' title='bbox 291 3649 382 3761; x_wconf 63' lang='lat' dir='ltr'><strong>5ium</strong></span> <span class='ocrx_word' id='word_1_256' title='bbox 410 3652 556 3750; x_wconf 82' lang='lat' dir='ltr'><strong>Josephi</strong></span> <span class='ocrx_word' id='word_1_257' title='bbox 581 3652 863 3744; x_wconf 79' lang='lat' dir='ltr'><strong>contexendam,</strong></span> <span class='ocrx_word' id='word_1_258' title='bbox 906 3651 1065 3724; x_wconf 92' lang='lat' dir='ltr'><strong>hicnon</strong></span> <span class='ocrx_word' id='word_1_259' title='bbox 1100 3646 1295 3742; x_wconf 82' lang='lat' dir='ltr'><strong>inquiram,</strong></span> <span class='ocrx_word' id='word_1_260' title='bbox 1336 3671 1404 3723; x_wconf 90' lang='lat' dir='ltr'><strong>nec</strong></span> <span class='ocrx_word' id='word_1_261' title='bbox 1430 3673 1518 3726; x_wconf 84' lang='lat' dir='ltr'><strong>nuni</strong></span> 
     </span>
     <span class='ocr_line' id='line_1_29' title="bbox 291 3741 1516 3850; baseline 0 -30"><span class='ocrx_word' id='word_1_262' title='bbox 291 3747 364 3844; x_wconf 81' lang='lat' dir='ltr'><strong>ipse</strong></span> <span class='ocrx_word' id='word_1_263' title='bbox 388 3770 434 3821; x_wconf 92' lang='lat' dir='ltr'><strong>an</strong></span> <span class='ocrx_word' id='word_1_264' title='bbox 457 3747 543 3822; x_wconf 79' lang='lat' dir='ltr'><strong>alius</strong></span> <span class='ocrx_word' id='word_1_265' title='bbox 575 3772 651 3824; x_wconf 89' lang='lat' dir='ltr'><strong>eam</strong></span> <span class='ocrx_word' id='word_1_266' title='bbox 684 3747 869 3844; x_wconf 82' lang='lat' dir='ltr'><strong>euangelio</strong></span> <span class='ocrx_word' id='word_1_267' title='bbox 903 3742 1144 3850; x_wconf 62' lang='lat' dir='ltr'><strong>praefixerit,</strong></span> <span class='ocrx_word' id='word_1_268' title='bbox 1170 3741 1311 3838; x_wconf 90' lang='lat' dir='ltr'><strong>dequo</strong></span> <span class='ocrx_word' id='word_1_269' title='bbox 1345 3744 1516 3840; x_wconf 68' lang='lat' dir='ltr'><strong>disputati</strong></span> 
     </span>
     <span class='ocr_line' id='line_1_30' title="bbox 290 3839 1518 3942; baseline 0.001 -25"><span class='ocrx_word' id='word_1_270' title='bbox 290 3840 427 3941; x_wconf 88' lang='lat' dir='ltr'><strong>potest,</strong></span> <span class='ocrx_word' id='word_1_271' title='bbox 468 3844 591 3942; x_wconf 88' lang='lat' dir='ltr'><strong>potuit</strong></span> <span class='ocrx_word' id='word_1_272' title='bbox 617 3843 712 3921; x_wconf 87' lang='lat' dir='ltr'><strong>enim</strong></span> <span class='ocrx_word' id='word_1_273' title='bbox 738 3844 827 3920; x_wconf 86' lang='lat' dir='ltr'><strong>vers.</strong></span> <span class='ocrx_word' id='word_1_274' title='bbox 857 3852 914 3924; x_wconf 89' lang='lat'><strong>18.</strong></span> <span class='ocrx_word' id='word_1_275' title='bbox 947 3839 1101 3917; x_wconf 85' lang='lat' dir='ltr'><strong>narratio</strong></span> <span class='ocrx_word' id='word_1_276' title='bbox 1133 3839 1306 3935; x_wconf 77' lang='lat' dir='ltr'><strong>incepisse</strong></span> <span class='ocrx_word' id='word_1_277' title='bbox 1338 3841 1518 3939; x_wconf 78' lang='lat' dir='ltr'><strong>etiangeli·</strong></span> 
     </span>
     <span class='ocr_line' id='line_1_31' title="bbox 288 3962 339 4014; baseline 0 0"><span class='ocrx_word' id='word_1_278' title='bbox 288 3962 339 4014; x_wconf 83' lang='lat' dir='ltr'><strong>ea</strong></span> 
     </span>
    </p>

    <p class='ocr_par' dir='ltr' id='par_1_3' title="bbox 289 4027 1520 4428">
     <span class='ocr_line' id='line_1_32' title="bbox 336 4027 1517 4136; baseline 0 -25"><span class='ocrx_word' id='word_1_279' title='bbox 336 4036 367 4136; x_wconf 64' lang='lat'><strong>5.</strong></span> <span class='ocrx_word' id='word_1_280' title='bbox 392 4037 456 4114; x_wconf 81' lang='lat' dir='ltr'><strong>XI.</strong></span> <span class='ocrx_word' id='word_1_281' title='bbox 481 4042 616 4129; x_wconf 63' lang='lat' dir='ltr'><strong>Meus,</strong></span> <span class='ocrx_word' id='word_1_282' title='bbox 664 4060 710 4114; x_wconf 92' lang='lat' dir='ltr'><strong>uo</strong></span> <span class='ocrx_word' id='word_1_283' title='bbox 734 4037 833 4135; x_wconf 87' lang='lat' dir='ltr'><strong>Jesus</strong></span> <span class='ocrx_word' id='word_1_284' title='bbox 853 4038 971 4112; x_wconf 88' lang='lat' dir='ltr'><strong>lucem</strong></span> <span class='ocrx_word' id='word_1_285' title='bbox 995 4031 1175 4132; x_wconf 80' lang='lat' dir='ltr'><strong>adspexit,</strong></span> <span class='ocrx_word' id='word_1_286' title='bbox 1201 4027 1288 4105; x_wconf 88' lang='lat' dir='ltr'><strong>sicut</strong></span> <span class='ocrx_word' id='word_1_287' title='bbox 1307 4028 1517 4112; x_wconf 85' lang='lat' dir='ltr'><strong>Bethlehem</strong></span> 
     </span>
     <span class='ocr_line' id='line_1_33' title="bbox 289 4125 1520 4224; baseline -0.001 -16"><span class='ocrx_word' id='word_1_288' title='bbox 289 4133 478 4210; x_wconf 83' lang='lat' dir='ltr'><strong>seeundum</strong></span> <span class='ocrx_word' id='word_1_289' title='bbox 507 4136 627 4211; x_wconf 88' lang='lat' dir='ltr'><strong>Mich.</strong></span> <span class='ocrx_word' id='word_1_290' title='bbox 689 4159 702 4210; x_wconf 76' lang='grc' dir='ltr'><strong><em>τ</em></strong></span> <span class='ocrx_word' id='word_1_291' title='bbox 733 4157 764 4209; x_wconf 92' lang='lat'><strong>1.</strong></span> <span class='ocrx_word' id='word_1_292' title='bbox 790 4135 860 4210; x_wconf 87' lang='lat' dir='ltr'><strong>elle</strong></span> <span class='ocrx_word' id='word_1_293' title='bbox 883 4131 1055 4221; x_wconf 87' lang='lat' dir='ltr'><strong>debebat,</strong></span> <span class='ocrx_word' id='word_1_294' title='bbox 1088 4148 1125 4205; x_wconf 89' lang='lat' dir='ltr'><strong>et</strong></span> <span class='ocrx_word' id='word_1_295' title='bbox 1151 4125 1293 4202; x_wconf 88' lang='lat' dir='ltr'><strong>haeredi</strong></span> <span class='ocrx_word' id='word_1_296' title='bbox 1316 4129 1418 4224; x_wconf 85' lang='lat' dir='ltr'><strong>tegni</strong></span> <span class='ocrx_word' id='word_1_297' title='bbox 1444 4131 1520 4208; x_wconf 88' lang='lat' dir='ltr'><strong>Da·</strong></span> 
     </span>
     <span class='ocr_line' id='line_1_34' title="bbox 289 4224 1515 4322; baseline -0.007 -18"><span class='ocrx_word' id='word_1_298' title='bbox 289 4231 421 4322; x_wconf 68' lang='lat' dir='ltr'><strong>ddici,</strong></span> <span class='ocrx_word' id='word_1_299' title='bbox 447 4257 528 4308; x_wconf 85' lang='lat' dir='ltr'><strong>eum</strong></span> <span class='ocrx_word' id='word_1_300' title='bbox 549 4233 677 4308; x_wconf 84' lang='lat' dir='ltr'><strong>civitas</strong></span> <span class='ocrx_word' id='word_1_301' title='bbox 692 4230 844 4305; x_wconf 82' lang='lat' dir='ltr'><strong>Davidis</strong></span> <span class='ocrx_word' id='word_1_302' title='bbox 859 4229 1045 4317; x_wconf 89' lang='lat' dir='ltr'><strong>audiebat,</strong></span> <span class='ocrx_word' id='word_1_303' title='bbox 1071 4225 1332 4314; x_wconf 84' lang='lat' dir='ltr'><strong>conveniebat,</strong></span> <span class='ocrx_word' id='word_1_304' title='bbox 1358 4226 1407 4298; x_wconf 88' lang='lat' dir='ltr'><strong>ita</strong></span> <span class='ocrx_word' id='word_1_305' title='bbox 1424 4224 1515 4318; x_wconf 91' lang='lat' dir='ltr'><strong>suit,</strong></span> 
     </span>
     <span class='ocr_line' id='line_1_35' title="bbox 290 4317 1518 4428; baseline -0.009 -26"><span class='ocrx_word' id='word_1_306' title='bbox 290 4329 371 4419; x_wconf 84' lang='lat' dir='ltr'><strong>sed,</strong></span> <span class='ocrx_word' id='word_1_307' title='bbox 392 4352 458 4426; x_wconf 89' lang='lat' dir='ltr'><strong>per</strong></span> <span class='ocrx_word' id='word_1_308' title='bbox 486 4330 696 4428; x_wconf 83' lang='lat' dir='ltr'><strong>singularem</strong></span> <span class='ocrx_word' id='word_1_309' title='bbox 715 4328 788 4401; x_wconf 89' lang='lat' dir='ltr'><strong>Dei</strong></span> <span class='ocrx_word' id='word_1_310' title='bbox 817 4324 1076 4412; x_wconf 65' lang='lat' dir='ltr'><strong>directionem,</strong></span> <span class='ocrx_word' id='word_1_311' title='bbox 1104 4320 1288 4397; x_wconf 82' lang='lat' dir='ltr'><strong>occasione</strong></span> <span class='ocrx_word' id='word_1_312' title='bbox 1306 4317 1518 4414; x_wconf 86' lang='lat' dir='ltr'><strong>descriptio·</strong></span> 
     </span>
    </p>
   </div>
   <div class='ocr_carea' id='block_1_3' title="bbox 287 4413 1519 4615">
    <p class='ocr_par' dir='ltr' id='par_1_4' title="bbox 287 4412 1519 4615">
     <span class='ocr_line' id='line_1_36' title="bbox 287 4413 1519 4611; baseline -0.015 -105"><span class='ocrx_word' id='word_1_313' title='bbox 287 4422 348 4505; x_wconf 77' lang='lat' dir='ltr'><strong>nis</strong></span> <span class='ocrx_word' id='word_1_314' title='bbox 370 4424 590 4528; x_wconf 60' lang='lat' dir='ltr'><strong>Augustae,</strong></span> <span class='ocrx_word' id='word_1_315' title='bbox 613 4446 683 4526; x_wconf 86' lang='lat' dir='ltr'><strong>qua</strong></span> <span class='ocrx_word' id='word_1_316' title='bbox 701 4423 809 4504; x_wconf 79' lang='lat' dir='ltr'><strong>cives</strong></span> <span class='ocrx_word' id='word_1_317' title='bbox 826 4423 980 4598; x_wconf 51' lang='lat' dir='ltr'><strong>Jlipdzpeae</strong></span> <span class='ocrx_word' id='word_1_318' title='bbox 997 4419 1187 4513; x_wconf 77' lang='lat' dir='ltr'><strong>civitates,</strong></span> <span class='ocrx_word' id='word_1_319' title='bbox 1199 4415 1313 4534; x_wconf 17' lang='lat' dir='ltr'><strong>,turpi</strong></span> <span class='ocrx_word' id='word_1_320' title='bbox 1335 4413 1519 4611; x_wconf 52' lang='lat' dir='ltr'><strong>suaprppp·</strong></span> 
     </span>
     <span class='ocr_line' id='line_1_37' title="bbox 1496 4568 1514 4615; baseline 0 0"><span class='ocrx_word' id='word_1_321' title='bbox 1496 4568 1514 4615; x_wconf 73' lang='grc'>1</span> 
     </span>
    </p>
   </div>
   <div class='ocr_carea' id='block_1_4' title="bbox 0 0 1810 5500">
    <p class='ocr_par' dir='ltr' id='par_1_5' title="bbox 0 0 1810 5500">
     <span class='ocr_line' id='line_1_38' title="bbox 0 0 1810 5500; baseline 0 1"><span class='ocrx_word' id='word_1_322' title='bbox 0 0 1810 5500; x_wconf 95' lang='lat' dir='ltr'><strong> </strong></span> 
     </span>
    </p>
   </div>
  </div>
 </body>
</html>
