3609 5500
618 866 620 871 ἲ
755 918 760 927 ’
815 921 923 1006 Secul.
949 911 1002 1006 11ss
1081 901 1107 916 ἰ
1157 958 1159 962 ·
1448 929 1518 1033 461ι

286 1108 364 1186 viru
389 1100 546 1182 ‹livinard
577 1124 620 1181 ac
649 1106 934 1185 saniiificantei'n.
987 1103 1093 1212 Quod
1112 1105 1311 1189 luculenter
1330 1107 1515 1194 confirma⁴¹

286 1229 346 1280 tur
370 1227 415 1292 eit
444 1202 643 1299 fragmento
668 1208 764 1280 Iien.
789 1207 882 1304 apud
906 1205 1088 1295 Psaffiutn,
1121 1208 1181 1282 ubi
1207 1209 1295 1284 haec
1322 1225 1514 1288 occurrunt

285 1304 416 1377 verba:
446 1304 576 1396 polleo,
601 1303 706 1397 finita
741 1304 919 1389 oblationi,
962 1313 1127 1401 inanitati
1160 1326 1323 1380 evocamus
1354 1309 1515 1402 Spirituiit

285 1401 346 1487 S.,
379 1394 439 1467 seu
463 1396 619 1469 dlvinam
645 1417 822 1489 naturam,
858 1416 893 1470 rit
917 1402 1068 1475 exhibeat
1099 1403 1184 1476 hanc
1208 1404 1371 1474 viciniam
1395 1421 1427 1477 et
1451 1421 1515 1501 pa?
1576 1429 1580 1437 ·

285 1517 360 1567 iiiiii
388 1508 500 1583 corpus
534 1490 652 1589 Christi
668 1499 754 1568 etc.
780 1515 868 1590 quae
894 1496 1017 1570 eadem
1061 1497 1136 1572 fere
1169 1498 1277 1571 verba
1309 1497 1444 1573 exstant
1474 1500 1513 1575 in

286 1583 410 1666 Coust.
434 1585 560 1681 Apost.
584 1590 607 1663 l.
634 1591 740 1664 VIII.
764 1613 797 1663 c.
834 1612 890 1664 12.
942 1592 985 1665 In
1017 1593 1164 1667 eandem
1200 1593 1431 1685 sententiam,
1472 1603 1513 1669 ut

285 1683 374 1761 illud
389 1680 604 1778 anticipem,
631 1684 762 1759 diserte
777 1684 955 1781 conspirat
973 1686 1148 1785 Origenes
1162 1691 1301 1762 Comm.
1319 1689 1358 1763 in
1374 1689 1509 1786 Matth,

285 1803 376 1857 torn.
404 1779 452 1850 II.
477 1801 512 1873 p.
539 1800 622 1870 254.
649 1780 708 1853 ubi
726 1782 952 1879 eucharistiam
971 1782 1012 1855 ad
1041 1783 1124 1858 ellat
1136 1807 1285 1880 panem,
1309 1788 1514 1880 perictioni

287 1878 358 1952 Dei
384 1894 422 1948 et
447 1877 620 1947 nationem
648 1875 884 1973 consecratum:
926 1877 985 1951 ubi
1009 1809 1076 1975 seq.
1113 1881 1221 1953 etiam
1248 1882 1395 1978 legenda
1419 1883 1509 1958 sunt.

286 1970 395 2078 Quod
426 1971 573 2065 propius
605 1972 720 2047 adhuc
755 1974 798 2047 ad
825 1972 912 2069 Just.
937 1972 1065 2047 dissum
1092 1976 1300 2072 adcederet,
1336 1975 1513 2073 sileg.li

287 2066 378 2166 texit
401 2075 453 2139 ul
477 2066 577 2163 slyr.
601 2086 641 2141 ut
656 2068 699 2141 ad
720 2092 735 2142 t
752 2068 850 2144 Tim.
869 2069 939 2143 tv:-
957 2092 991 2160 5‚
1008 2070 1223 2167 respiciatur.
1274 2070 1411 2146 Nescio
1428 2088 1513 2149 num

287 2163 458 2242 coeiiam
480 2163 687 2260 pertineant
710 2168 818 2239 verba
833 2183 930 2239 cont,
956 2165 1042 2241 Cels.
1068 2169 1091 2243 l.
1117 2169 1222 2243 Vtri.
1246 2190 1295 2264 p.·
1310 2189 1393 2263 399,
1417 2164 1511 2262 Nor,

291 2263 349 2359 prii
372 2282 478 2333 rerum
503 2262 641 2334 omnium
667 2264 823 2334 conditori
840 2264 972 2354 placeri
988 2249 1175 2357 studemus,
1209 2288 1281 2338 ciiii
1299 2267 1453 2358 precibus
1481 2282 1515 2340 ir

284 2358 471 2455 gratiarum
493 2359 615 2428 antini
633 2374 692 2449 pro
714 2357 877 2451 beneficiis
912 2364 1055 2450 acceptis
1084 2362 1208 2433 illatis
1235 2377 1339 2451 ponis
1370 2364 1513 2460 edimus,

293 2470 407 2548 coeptis
427 2454 503 2549 jam
524 2470 582 2545 per
608 2456 822 2545 precationem
841 2451 956 2547 fiilos
970 2454 1121 2552 suillum
1158 2455 1329 2548 quiddam,
1365 2471 1397 2528 et
1411 2452 1515 2550 sanc,
1642 2503 1645 2512 ·

290 2550 448 2647 sipirtus,
465 2562 590 2619 utentis
606 2571 640 2620 ii
659 2571 730 2621 cuin
738 2545 824 2641 sano
840 2548 1015 2645 propossm
1038 2548 1179 2645 possunt
1195 2548 1292 2621 enirn
1307 2550 1350 2624 ad
1370 2556 1513 2644 omnent
1528 2588 1544 2597 -

284 2646 432 2733 ctburu,
457 2665 521 2739 per
536 2665 659 2738 preces
676 2643 979 2734 sannificandum,
999 2643 1143 2733 referri,
1176 2644 1345 2737 maxime,
1373 2645 1512 2726 cumin

285 2762 422 2844 genere
447 2759 558 2834 corpus
582 2741 735 2834 quoddam
756 2740 923 2832 fandum,
967 2761 1005 2815 et
1038 2764 1108 2814 non
1145 2735 1263 2840 Cliiisti
1295 2741 1333 2816 in
1363 2741 1510 2854 specie,

286 2854 468 2914 occurrat.
518 2836 683 2931 Denique
711 2837 812 2910 Tert.
838 2855 1010 2910 memorat
1033 2837 1077 2908 de
1101 2838 1200 2914 Orat.
1226 2861 1257 2913 c.
1281 2862 1350 2929 ·14.
1383 2863 1421 2913 in
1451 2864 1514 2938 ge-

285 2956 374 3009 nere
422 2934 636 3005 acriiiioiitm
669 2934 857 3021 orationis,
907 2930 965 3003 sed
997 2931 1075 3004 adv«
1113 2934 1228 3006 Marc.
1262 2934 1336 3029 IV:¹
1366 2958 1426 3029 40.
1469 2936 1516 3029 d'e

287 3028 374 3105 curi
454 3027 563 3116 dicit,
602 3043 768 3121 acceptum
788 3047 905 3121 panim
931 3045 968 3096 et
1001 3024 1209 3120 distributum
1244 3023 1413 3121 discipulis
1447 3046 1516 3115 cii·

284 3145 348 3223 put
373 3124 474 3198 ‘illum
489 3121 588 3220 sicum
601 3122 714 3218 fecit,
746 3125 802 3195 liic
823 3120 871 3218 ist
895 3140 1005 3214 corpus
1031 3143 1132 3191 mium
1150 3121 1288 3211 dicendo.
1316 3122 1417 3217 Quae
1432 3140 1515 3198 ver·

289 3227 336 3298 bt
356 3244 378 3307 a
399 3219 772 3294 Romano-Catholicis
796 3220 837 3291 ad
858 3215 1158 3291 consecrationem
1189 3215 1277 3288 male
1294 3216 1515 3314 referuntur,
1638 3251 1640 3255 ·

292 3315 365 3393 tsfi'
384 3330 452 3414 per
477 3317 585 3388 verba
609 3315 665 3387 illa
688 3312 806 3386 suisset
828 3311 937 3397 sacia,
979 3335 1059 3384 cuni
1092 3331 1173 3385 ante
1207 3311 1397 3409 distribuitis
1426 3315 1516 3392 dict·

290 3432 369 3505 tur,
402 3433 508 3510 quatu
543 3428 672 3505 corpus
703 3405 832 3483 Christi
869 3405 1000 3496 faetus,
1041 3405 1239 3481 distributio
1270 3411 1368 3485 enim
1400 3411 1514 3510 sequi·

278 3517 350 3585 'uir
373 3505 700 3593 consecrationem,
742 3506 799 3578 sed
816 3504 938 3600 facire
958 3503 1019 3577 hic
1043 3503 1294 3595 estdeclarari,
1321 3527 1357 3580 et
1384 3508 1513 3588 consti·
1627 3529 1631 3533 ’
1675 3531 1677 3534 ·

292 3602 395 3680 tuere
425 3625 572 3697 corpus,
599 3601 692 3695 quod
710 3599 864 3675 Christus
879 3598 987 3688 fecit,
1021 3619 1101 3684 cum
1124 3623 1251 3696 panem
1277 3602 1419 3678 nornine
1442 3626 1514 3681 cir·

295 3703 381 3793 poris
394 3695 454 3794 siti
480 3696 681 3792 insignivit:
722 3721 767 3770 eo
790 3698 883 3770 enim
914 3693 991 3792 ipso
1025 3718 1149 3792 panem
1177 3700 1313 3792 corporis
1336 3697 1399 3807 sui
1423 3702 1514 3795 figit·

299 3817 372 3867 iiiiii
397 3792 568 3880 instituit,
599 3794 653 3866 uti
678 3813 762 3866 mox
786 3792 959 3889 sequitur,
995 3810 1032 3863 et
1057 3792 1257 3867 declaravit.
1308 3795 1368 3865 Sic
1389 3788 1514 3878 ,facile

300 3887 382 3964 stilo
407 3886 507 3962 Tert.
536 3886 587 3960 est
612 3908 650 3962 et
673 3887 754 3961 alibi
778 3889 973 3976 declarare,
1013 3910 1068 3960 eit.
1094 3911 1145 3983 gr.
1173 3906 1269 3960 cont.
1296 3884 1410 3961 Marc.
1443 3887 1513 3967 iv:

303 4007 356 4076 19.
383 3983 443 4058 ubi
469 3983 644 4073 Christus,
669 3981 843 4058 auditores
867 3981 1101 4078 nuncupando
1116 3980 1271 4075 fratris,
1296 3983 1515 4082 diciturfra·

299 4097 361 4155 tiis
404 4104 459 4153 iios
506 4106 553 4156 eci
583 4104 598 4150 e
1401 4150 1408 4158 .

301 4218 304 4223 ·
363 4075 625 4250 'sev-ngus
660 4173 841 4268 effiitiiles
868 4169 1098 4245 eucharistiae
1131 4170 1228 4265 sunt,
1267 4197 1286 4246 a
1316 4193 1414 4267 parte
1446 4172 1513 4249 rni-

303 4270 335 4342 ni
384 4294 484 4344 orum
516 4270 710 4355 Ecclesiae,
745 4270 895 4364 fritillo,
938 4286 976 4338 et
1009 4270 1191 4365 distributio
1224 4269 1321 4367 panis
1353 4293 1396 4342 ac
1427 4269 1517 4367 viui.
1644 4318 1647 4329 -

306 4366 414 4443 Unius
446 4368 547 4468 panis
572 4367 771 4466 stellionem
803 4367 841 4442 in
874 4363 1027 4436 Ecclesia
1062 4367 1179 4441 locutn
1214 4361 1362 4441 tenuisse
1378 4420 1406 4469 ,ι
1427 4364 1518 4442 cliia

304 4518 307 4523 .
467 4494 469 4499 ·
854 4461 985 4536 Mmiu
1009 4484 1030 4556 3
1208 4474 1212 4493 ¹
1350 4482 1523 4550 euincunt

1521 4554 1640 4824 ι
