3609 5500
839 491 848 502 ¹
877 441 881 470 l

241 395 1656 751 u

678 927 699 1002 ,ἒ
755 917 1126 1026 *autumn-3².
1183 891 1193 902 ’
1448 927 1522 1016 661.

289 1100 427 1180 calicem
444 1098 624 1199 sanguinis
652 1099 767 1198 Clrlfli
783 1107 973 1193 lilere‚'nt
986 1094 1104 1201 pnffint
1128 1115 1161 1174 et
1186 1096 1247 1197 ipſs
1259 1113 1390 1199 propter
1409 1098 1516 1200 curis·

296 1211 364 1274 tum
379 1197 731 1299 jnrzguinetnjundere.
780 1202 947 1297 Denique
975 1201 1041 1295 Ep.
1068 1220 1128 1291 57.
1153 1199 1197 1272 ad
1215 1200 1450 1292 Cornelium,
1454 1202 1520 1300 sa·

292 1300 453 1384 tendutur,
479 1298 548 1383 ait,
563 1296 741 1393 sucrifima
761 1295 828 1374 Dei
857 1297 997 1393 quotidie
1022 1296 1197 1369 celebrare.
1249 1294 1364 1392 Quem
1381 1318 1520 1375 morem

295 1392 358 1469 suo
379 1395 495 1466 adhuc
521 1412 683 1487 ternpore
705 1393 844 1466 Romae
871 1390 1041 1488 viguille,
1066 1388 1178 1462 refert
1194 1388 1347 1466 Hieron.
1371 1416 1429 1489 ep.
1454 1417 1516 1483 50,

292 1490 338 1567 ad
363 1486 631 1563 Pamrnachium.
679 1488 748 1561 Sed
775 1515 807 1587 3.
831 1488 870 1564 in
887 1486 1046 1563 Ecclesia.
1057 1483 1256 1575 Africana,
1270 1504 1432 1583 tempore
1449 1492 1519 1588 cy-

295 1584 433 1685 priani,
457 1607 551 1656 nnana
575 1603 733 1675 tantum,
758 1607 796 1660 et
813 1608 885 1660 non
909 1583 1061 1683 uespere,
1089 1580 1362 1658 habitnmfuille
1388 1587 1518 1663 eucba·
1589 1593 1591 1598 ’

293 1681 449 1770 rilliam,
490 1680 583 1777 quod
614 1704 747 1755 novum
785 1681 868 1780 quid
899 1682 1014 1782 foret,
1055 1702 1137 1753 cum
1172 1678 1322 1754 Tertull.
1355 1695 1525 1778 tempore

293 1798 482 1875 utrumque
518 1775 733 1868 obtinuerit,
772 1800 811 1853 ut
842 1777 944 1875 supra
976 1777 1039 1853 suo
1070 1776 1151 1848 loco
1180 1775 1355 1867 vidimus,
1397 1771 1519 1878 colligi

293 1875 384 1952 solet
402 1900 447 1950 ex
464 1872 531 1966 Ep.
557 1872 632 1968 ejus
651 1880 709 1968 63.
736 1874 780 1949 ad
799 1874 1012 1966 Caecilium,
1038 1870 1119 1960 ubi,
1145 1872 1320 1946 rationem
1342 1874 1518 1969 reddens,

296 1996 426 2071 quare,
453 1991 535 2042 cum
559 1968 716 2042 Christua
738 1970 818 2068 post
841 1993 969 2044 curnam
996 1966 1186 2057 obtulerit,
1212 1968 1422 2044 eucharistia
1445 1996 1516 2045 ma·

293 2094 336 2145 nt
360 2069 576 2155 celebretur,
604 2064 784 2161 Christum,
817 2065 927 2157 dicit,
966 2065 1080 2164 offerri
1104 2068 1269 2156 oportebat
1295 2068 1384 2161 circu
1411 2065 1521 2166 vespm

293 2189 367 2240 ram
384 2168 466 2255 diei,
491 2176 528 2233 ut
549 2161 630 2235 tura
653 2161 724 2258 ipsa
741 2161 908 2258 [curbicii
929 2162 1103 2260 &laudaret
1129 2158 1277 2257 occasum
1300 2179 1333 2236 et
1353 2159 1520 2259 vesperam

293 2264 403 2339 mundi
427 2294 492 2332 -.
506 2288 557 2309 -
581 2281 636 2331 nos
668 2274 777 2334 antem
809 2259 1066 2357 resurrectionem
1098 2255 1231 2331 Domini
1257 2281 1352 2333 mane
1377 2263 1522 2337 celebra·

293 2382 379 2434 mus.
428 2352 497 2427 Sed
526 2356 605 2451 jure
638 2355 770 2429 merito
801 2355 1001 2449 dubitatur,
1039 2377 1125 2430 num
1157 2355 1332 2430 matutino
1359 2355 1518 2457 tempori

293 2454 347 2531 ito
372 2447 568 2524 adstrictum
592 2450 680 2525 velit
713 2450 978 2543 eucharistiam,
1012 2471 1051 2527 ut
1073 2448 1251 2546 vespertino
1283 2473 1435 2547 nequeat
1460 2476 1520 2529 ce·

294 2546 447 2634 lebrari,
479 2568 522 2619 au
545 2569 634 2619 vero
660 2570 753 2622 mant
776 2572 886 2646 aeque
911 2571 954 2623 ac
978 2548 1105 2646 uespere
1133 2544 1296 2641 perfecie
1320 2544 1391 2622 effe
1413 2572 1432 2622 a
1457 2573 1520 2625 en·

289 2647 374 2723 dam
407 2639 574 2717 defendat
608 2643 856 2718 solummodo?
877 2642 1066 2740 ,Disputat
1099 2643 1224 2739 utique
1255 2663 1382 2718 contra
1416 2572 1518 2742 iios,

290 2738 355 2844 qui
371 2762 464 2813 mant
490 2738 657 2828 calicem,
681 2739 750 2814 sola
775 2762 864 2837 aqua
887 2742 1046 2850 plenam,
1082 2738 1155 2813 fine
1182 2738 1289 2831 vino,
1315 2740 1496 2818 sumebant

291 2835 422 2937 vespert
445 2855 562 2909 autem
584 2834 665 2933 post
689 2857 835 2910 coenam
859 2857 1010 2911 mixtum
1037 2834 1147 2923 vino,
1171 2837 1338 2936 exemplo
1364 2838 1518 2918 Domiut

291 2953 455 3023 utentes,
479 2933 540 3029 qui
568 2930 714 3028 vespere
738 2933 868 3007 obtulit
894 2934 1054 3009 calicem.
1106 2930 1202 3040 Quid
1227 2933 1364 3008 adhoc
1390 2934 1519 3035 Cypri·

292 3032 407 3108 anus?
442 3052 504 3103 eos
525 3052 598 3103 non
626 3048 761 3102 tantum
787 3052 860 3103 non
884 3025 1135 3127 reprehendit,
1169 3031 1262 3124 quod
1288 3031 1357 3102 ves
1375 3054 1435 3105 ere
1464 3032 1518 3106 su·

294 3144 459 3217 ruerent,
481 3148 549 3197 nec
573 3147 708 3199 morem
732 3124 829 3198 illum
849 3125 1035 3224 inprobat,
1061 3143 1121 3198 aut
1143 3123 1178 3197 ei
1196 3126 1432 3216 contradicit,
1457 3123 1518 3203 sed

294 3222 389 3301 haud
416 3220 561 3296 obscure
587 3220 741 3311 indicat,
773 3221 857 3296 illud
880 3245 978 3295 more
1002 3240 1149 3313 recepto
1172 3218 1271 3308 fieri,
1296 3241 1376 3294 cum
1402 3222 1518 3318 prima

291 3339 413 3397 utatur
438 3318 604 3416 persona,
645 3315 789 3408 dicens,
819 3334 929 3392 tumen
960 3317 1103 3392 cunrad
1134 3319 1327 3391 coenandum
1352 3322 1518 3412 uenimus,

293 3420 436 3491 mixtum
452 3417 592 3489 calicem
615 3411 801 3509 offerimus,
835 3435 1019 3511 praeterea
1042 3411 1192 3486 mixtum
1216 3412 1363 3487 calicem
1388 3413 1423 3490 in
1449 3440 1517 3495 om·

292 3517 390 3593 nibus
422 3509 602 3585 sacrificiis
635 3509 856 3585 offerendum
888 3510 1041 3600 adserat,
1082 3509 1119 3582 h.
1152 3531 1184 3583 e.
1218 3526 1288 3583 tarn
1313 3512 1517 3607 matutinis,

291 3635 399 3710 quam
423 3606 642 3705 vespertinis.
696 3605 792 3709 Quid
815 3630 902 3704 ergo
929 3606 1109 3705 disputat?
1133 3603 1170 3680 id
1197 3623 1352 3696 tantum,
1376 3614 1517 3687 rnintutn

292 3707 540 3783 calicemnon
566 3726 702 3779 tantum
727 3704 932 3801 vespertino
958 3723 1143 3802 tempore,
1187 3706 1278 3799 quod
1310 3704 1517 3785 adversariis

296 3802 481 3904 placebat,
507 3798 567 3872 sed
584 3820 621 3873 et
637 3806 813 3873 matutino
829 3800 899 3874 elie
918 3799 1160 3884 offerendum,
1185 3797 1258 3869 imo
1274 3821 1328 3869 ma
1357 3800 1384 3872 is
1400 3827 1517 3897 ruant,

296 3897 380 3996 quia
403 3892 548 3989 vespere
573 3912 643 3967 tam
669 3893 880 3982 solenniter,
895 3894 1118 3985 fraternitate
1140 3897 1223 3963 omni
1243 3823 1435 3990 praefinte,
1457 3922 1518 3973 ce.

299 3990 425 4072 lebrari
451 4011 523 4063 non
539 3987 678 4085 potest:
703 4009 770 4059 nec
793 3986 929 4062 obstare
946 3986 1073 4062 Christi
1095 3988 1317 4085 exemplum,
1343 3989 1423 4087 quia
1440 3988 1517 4070 ves·

295 4089 476 4194 pertinum
499 4106 637 4182 tempus
658 4081 827 4182 mysterio
851 4106 923 4158 non
940 4084 1065 4160 caruit.
1117 4086 1343 4161 llludautern
1362 4111 1516 4168 noanon
1546 4161 1548 4164 .

294 4186 455 4285 obligare
487 4208 533 4260 ex
569 4206 614 4256 eo
647 4182 795 4277 probat,
837 4180 932 4279 quod
967 4184 1176 4282 ceteroquin
1211 4185 1402 4258 dominicum
1434 4183 1516 4284 post

291 4308 441 4362 coenam
475 4279 583 4355 etiam
618 4278 796 4353 celebrare
825 4279 1063 4370 deberemus,
1105 4277 1182 4355 five
1211 4281 1402 4354 solenniter
1433 4306 1515 4361 cunr

290 4377 391 4464 omni
412 4378 517 4478 plebe
540 4377 581 4458 in
602 4377 795 4457 dominicum
816 4375 966 4466 venire,
989 4376 1086 4474 quod
1108 4395 1229 4458 amen
1252 4398 1356 4458 mane
1381 4374 1445 4481 fit,
1470 4381 1521 4457 ob

288 4554 291 4559 .
336 4554 342 4564 ,
697 4484 700 4489 ’
857 4470 1036 4570 00003
1406 4473 1518 4552 resur'.

1402 4600 1422 4642 l
