3609 5500
275 990 356 1084 aas
674 975 979 1083 infamantia
1007 977 1123 1083 asp.

281 1160 343 1250 sed
365 1159 404 1235 in
428 1156 632 1235 ortu‘etIam
655 1157 722 1233 suo
749 1160 901 1258 repressa
923 1160 975 1236 est
1006 1177 1076 1258 per·
1091 1156 1300 1236 'unanimem
1316 1159 1509 1261 Apostolo—

282 1281 361 1332 rum
386 1256 612 1346 consensum,
646 1254 729 1331 Au.
763 1256 847 1333 XV.
878 1256 918 1331 in
947 1258 1108 1332 favorem
1142 1258 1335 1347 Gentium,
1366 1258 1426 1334 sed
1453 1258 1508 1334 ita

283 1372 423 1442 tamen,
448 1372 488 1428 ut
504 1351 708 1427 Christianis
724 1375 770 1430 ex
790 1352 932 1448 Judaeis
948 1353 1059 1427 suerit
1074 1355 1297 1429 observantia
1310 1352 1399 1454 legia
1416 1377 1505 1429 con·

282 1449 394 1538 cessa,
413 1448 584 1531 Gentium
626 1471 740 1545 noque
754 1446 1126 1546 libertasaliquatenus
1142 1448 1319 1543 r'estriua,
1339 1469 1511 1548 quatenus

280 1547 327 1622 iis
352 1545 546 1641 injunilum
574 1473 644 1634 eil,
678 1563 718 1619 ut
741 1542 804 1617 sabi
834 1547 876 1620 ab
912 1544 980 1619 illis
1002 1548 1105 1620 rebus
1134 1566 1306 1636 caveant,
1340 1569 1430 1643 quae
1454 1544 1508 1620 fn·

282 1642 451 1720 miliarius
467 1665 548 1716 eum
571 1639 772 1716 Gentilibus
788 1639 981 1715 idololatris
1004 1641 1255 1718 commercium
1282 1642 1508 1733 iudicabant,

280 1763 387 1828 cum,
411 1761 456 1811 ne
471 1737 514 1812 ad
535 1737 788 1826 idololatriam,
815 1760 857 1809 ac
874 1736 1078 1832 spurcitiem
1101 1738 1342 1827 libidinosam,
1367 1760 1511 1813 cumea

280 1837 321 1912 in
331 1833 493 1929 Templis
509 1833 752 1930 majanum,
778 1831 1043 1928 abriperentur,
1069 1850 1164 1926 tum,
1187 1858 1232 1909 ne
1251 1834 1438 1909 offensioni
1457 1831 1511 1906 es·

281 1932 360 2013 sent
385 1929 546 2027 Judaeis,
562 1997 565 2002 Α
581 1930 653 2027 legi
680 1929 829 2003 nimium
854 1930 968 2003 adhuc
996 1930 1140 2021 adfixis,
1183 1951 1220 2006 et
1251 1931 1288 2004 in
1317 1930 1510 2029 synagogis

281 2050 360 2103 earn
372 2027 543 2102 continuo
561 2028 782 2123 legentibus,
809 2049 849 2097 ac
869 2026 1134 2100 observantibus
1149 2026 1187 2100 in
1204 2028 1371 2123 Templo.
1420 2027 1509 2102 Huc

281 2123 378 2201 enim
404 2124 581 2212 tendere,
603 2141 648 2195 et¹
666 2122 751 2194 hine
777 2121 1023 2216 exponendum
1048 2123 1138 2210 else,
1165 2121 1381 2213 censuerim,
1413 2120 1511 2219 quod

281 2219 366 2296 Art.
392 2220 477 2294 XV:
505 2242 552 2292 uo
576 2237 613 2289 et
638 2240 694 2290 21.
721 2218 877 2298 truditur.
932 2221 1074 2290 Metum
1099 2217 1316 2304 idololatriae
1343 2236 1383 2297 et
1413 2220 1511 2292 scor·

281 2314 429 2392 tationis
472 2313 648 2388 rationem
683 2313 783 2388 soille
816 2311 996 2386 interdidli
1038 2315 1109 2386 cibi
1142 2315 1249 2387 Idolis
1284 2314 1508 2406 consecrati,

205 2450 207 2454 <
280 2436 324 2500 ac
348 2409 542 2508 sauguinis,
567 2406 632 2581 ple
653 2407 822 2506 sefforam
846 2409 991 2499 dubito,
1018 2434 1097 2484 cum
1126 2411 1214 2482 Cod.
1242 2410 1401 2484 nonnulli
1430 2434 1507 2488 non

281 2509 455 2595 habeant,
481 2530 548 2580 nec
606 2525 720 2578 eteres
747 2503 873 2601 aliqui,
901 2506 960 2601 qni
986 2531 1052 2602 per
1078 2506 1276 2602 sauguinem
1300 2507 1512 2603 intelligunt

280 2606 506 2700 pernitidium,
533 2601 585 2687 uti
611 2602 735 2691 Tert,
769 2600 957 2697 Cypriam,
991 2603 1181 2692 Pacianus,
1209 2604 1286 2692 alii,
1321 2605 1413 2675 unde
1437 2604 1509 2676 eti·

280 2724 339 2791 am
364 2719 481 2775 ortum
517 2697 586 2788 est,
627 2697 719 2794 quod
753 2696 820 2770 tria
845 2695 990 2783 crimina
1023 2698 1153 2788 fuerint
1187 2702 1338 2787 mortalia
1366 2699 1509 2789 habita,

284 2798 510 2886 idololatriae,
541 2796 701 2867 homicidii
710 2849 720 2882 ,
752 2810 784 2866 et
805 2791 1056 2891 fornicatiouis)
1083 2819 1198 2882 exeo
1221 2796 1362 2869 vide-rur
1385 2797 1508 2891 colligi

280 2892 400 2994 polle,
426 2891 519 2988 quod
541 2890 740 2988 datrysaala
774 2895 1065 2963 contaminationes
1091 2890 1262 2966 idolorum
1290 2893 1509 2985 adpellentur

280 2990 356 3070 cibi
376 2988 477 3063 idolis
504 2990 632 3078 dicati,
659 2990 820 3086 quodque
846 2995 965 3085 παρνέιοι
990 2987 1172 3062 libidinosa
1197 2986 1401 3082 cortjundlio
1424 3012 1509 3063 cum

281 3087 486 3177 mulieribus
519 3083 678 3182 exprelle
713 3084 819 3161 fuerit
844 3104 1051 3159 memorata:
1096 3085 1192 3178 cujus
1225 3083 1312 3174 mibi
1342 3086 1405 3156 aliu
1431 3108 1507 3161 nou

282 3204 384 3284 patet
408 3182 519 3272 tatia,
554 3182 712 3278 acquod
735 3182 777 3254 ad
803 3205 879 3255 eam
902 3181 1006 3257 facile
1035 3179 1147 3275 abripi
1180 3180 1363 3275 potuerint
1390 3179 1507 3254 Chris-

282 3281 395 3369 tiani,
428 3302 508 3358 cum
532 3281 722 3375 gentilibus
746 3278 785 3352 in
813 3278 901 3352 fanis
924 3281 1189 3351 accumbentes:
1216 3275 1285 3347 suit
1310 3276 1403 3348 enlm
1430 3275 1509 3371 pas·

284 3377 350 3465 sim
379 3395 460 3467 cu1n
495 3374 669 3446 idolorum
705 3375 800 3445 cultu
835 3396 1025 3459 conuenu,¹
1057 3372 1110 3446 uti
1142 3391 1264 3447 notnur
1289 3369 1349 3445 est.
1436 3371 1511 3449 uod

283 3494 373 3557 uero
400 3470 444 3542 de
469 3466 674 3541 Christianis
700 3464 839 3561 Judaeis
866 3466 960 3558 dixi,
988 3467 1070 3540 illud
1095 3491 1139 3539 ex
1164 3466 1253 3539 vers.
1283 3491 1339 3554 21.
1375 3468 1507 3555 confir·

284 3585 423 3654 matur,
448 3567 547 3658 cujus
564 3565 711 3659 scopus,
735 3579 773 3633 et
789 3584 899 3635 nexus
916 3587 994 3637 com
1014 3562 1263 3660 praecedenti,
1291 3563 1404 3636 minus
1421 3587 1506 3659 per·

281 3661 444 3760 specius,
470 3679 510 3755 ut
535 3660 720 3755 adpareat,
756 3659 812 3728 vel
837 3658 1033 3733 addendum
1061 3658 1133 3748 est,
1168 3661 1260 3753 quod
1290 3659 1372 3734 Mn
1398 3658 1510 3756 aliqui

282 3756 455 3855 superiori
479 3753 688 3828 'interdiblo
714 3751 945 3849 subjungunt,
987 3781 1067 3852 puae
1086 3754 1154 3846 fibi
1179 3753 1254 3850 ipsts
1272 3758 1350 3852 fieri
1375 3758 1507 3849 nolint,

285 3861 363 3939 aliis
385 3877 423 3928 ne
445 3850 598 3941 faciant,
625 3851 681 3923 vel
706 3848 814 3936 limile
840 3851 923 3945 quid
952 3851 1301 3946 subintelligendum,
1327 3872 1365 3927 ut
1390 3851 1509 3927 sensus

259 3952 354 4039 stt,
388 3948 554 4046 gentiles,
584 3949 708 4045 jugum
734 3947 820 4044 legis
846 3946 907 4020 srbi
937 3948 1060 4046 inponi
1084 3951 1265 4036 nolentes,
1298 3946 1440 4044 Judaeis
1462 3948 1507 4041 lig

286 4051 461 4125 bertatem
496 4045 583 4142 legis
616 4043 1042 4120 observandaeadimere
1075 4068 1214 4141 quoque
1248 4068 1322 4119 non
1355 4044 1508 4134 debere,

284 4165 346 4220 aut
370 4167 431 4214 eos
455 4161 641 4237 propterea
668 4141 851 4233 spernere,
876 4143 1029 4216 maxime
1054 4164 1136 4215 cum
1161 4141 1305 4233 Moses,
1330 4139 1367 4214 in
1394 4143 1507 4236 Syna·

286 4239 390 4337 gagis
417 4237 487 4333 legi
515 4235 717 4333 abantiquo
742 4234 882 4326 solitus,
910 4258 981 4313 tam
997 4237 1094 4332 cito,
1122 4233 1281 4335 respectu
1305 4236 1393 4335 legis
1416 4260 1507 4334 quo·

286 4360 356 4435 que
381 4332 534 4425 ritualis,
559 4332 682 4429 seponi
710 4356 753 4404 ne
779 4351 870 4407 ueat.
1365 4384 1369 4389 .
1497 4387 1500 4395 .

284 4506 293 4519 ,
333 4430 367 4537 l.
394 4429 524 4521 CCIX,
558 4429 656 4521 Hoc.
677 4450 722 4521 eo
761 4428 879 4523 dium,
921 4431 1216 4539 veldecretum,¹
1240 4426 1509 4601 Apostolicprn,

317 4584 334 4615 22
801 4570 813 4613 ,ι
1443 4543 1505 4604 cet

903 4574 914 4615 ¹l

808 4618 875 4645 ‘U
