3609 5500
576 905 649 998 780
969 889 1119 992 ffljloria'
1136 891 1287 992 'Ecclefil
1299 889 1412 994 Clrrist.

581 1077 644 1154 die
657 1071 940 1151 dammissuille
965 1075 1143 1160 absumta3
1181 1071 1264 1170 quia
1304 1069 1734 1168 autorestssrecentior,

584 1195 747 1252 numerus
770 1170 877 1245 sidem
896 1172 1053 1267 superat:
1081 1171 1174 1244 dieta
1189 1171 1209 1244 s
1250 1169 1394 1244 ciminia
1410 1194 1498 1269 ergo
1514 1172 1718 1246 sufficiunt.

617 1268 668 1367 .§.
692 1267 834 1341 CLXX.
876 1267 1163 1342 circumstantiae
1218 1265 1346 1363 eoique
1377 1270 1534 1342 locorum.
1558 1288 1599 1342 et
1640 1286 1734 1364 tempi

584 1365 765 1440 diritatem
794 1362 1047 1460 persecutionis
1081 1365 1118 1436 in
1152 1362 1309 1436 clariore.
1323 1364 1437 1437 adhuc
1470 1366 1734 1442 collocabuntl

586 1459 766 1556 Respeilu
790 1460 948 1533 locorum
972 1459 1058 1533 dicit
1077 1460 1119 1533 ‘in
1143 1482 1275 1555 genere
1301 1458 1459 1535 basiant.
1483 1483 1517 1535 c.
1554 1468 1615 1534 16.
1668 1486 1734 1535 aex.

587 1575 644 1632 tur
668 1580 742 1651 ergo
767 1558 917 1653 uniuersa
939 1573 1051 1641 terra,
1076 1574 1127 1643 et,
1151 1572 1281 1649 praeter
1303 1557 1454 1645 Gallias,
1487 1562 1531 1630 ab
1557 1560 1734 1650 Orienterr

589 1657 634 1731 ad
657 1650 817 1747 (nt-asum
832 1668 899 1726 tres
916 1650 1136 1748 acerbiffimae
1161 1650 1281 1746 bestiae
1297 1650 1506 1749 suet-iebant.
1558 1656 1675 1727 Gallia
1690 1676 1734 1725 ex

588 1771 668 1838 tur,
707 1750 787 1843 quia
817 1748 851 1821 ei
882 1768 1041 1843 praeerat
1067 1743 1286 1820 Constantius
1311 1748 1478 1835 Chlorus,
1518 1749 1602 1842 qui,
1637 1771 1678 1822 ut
1716 1751 1734 1820 fi

588 1844 792 1932 observavi,
819 1867 940 1917 manus
955 1867 1027 1916 non
1045 1842 1207 1940 praebuit
1226 1843 1484 1936 persecutioni,
1504 1843 1569 1917 nisi
1587 1846 1684 1939 quod
1704 1845 1734 1916 'l

590 1942 650 2038 pla
666 1936 778 2035 pallus
795 1936 903 2011 suerit
921 1937 1035 2026 dirui,
1064 1936 1150 2011 telle
1178 1937 1295 2029 laci,
1319 1938 1413 2010 sorte
1440 1959 1479 2010 et
1503 1940 1587 2012 alias
1604 1942 1734 2013 vexati«

590 2037 761 2130 aplebe,
802 2036 859 2107 vel
884 2033 1090 2131 praefectis,
1132 2054 1245 2119 ortas,
1286 2056 1360 2106 non
1385 2032 1620 2129 inpediverit.
1675 2037 1734 2111 Uri

589 2128 688 2206 laet.
713 2155 744 2205 c.
772 2152 828 2220 24.
854 2154 935 2203 cum
960 2129 1101 2216 scribit,
1127 2126 1369 2221 Constantinum
1387 2128 1539 2225 suscepto
1566 2134 1710 2226 inperio,

587 2231 682 2323 prius
705 2225 867 2319 liubuiffe,
910 2252 1005 2318 quant
1032 2222 1230 2320 Christianos
1254 2226 1356 2297 cultui
1393 2249 1433 2296 uc
1466 2225 1538 2297 Deo
1559 2228 1625 2324 suo
1665 2232 1734 2302 redu

590 2320 834 2398 Constantium
856 2318 986 2418 aliquid
1010 2321 1191 2396 communi
1216 2320 1326 2394 furori
1350 2318 1537 2412 permisisse
1563 2324 1657 2396 haud
1694 2329 1734 2399 oh

592 2442 634 2493 re
658 2416 786 2493 innuit.
838 2418 920 2491 Eus.
947 2441 1087 2516 quoque
1114 2418 1157 2491 de
1178 2433 1314 2512 martyr.
1338 2414 1484 2512 Palaest.
1511 2417 1575 2492 fin.
1599 2418 1686 2492 illud
1702 2421 1734 2517 ip

592 2514 748 2603 indicat,
782 2513 842 2588 ubi
866 2514 959 2586 inter
985 2510 1194 2587 Occidentis
1216 2510 1402 2607 regiones,
1427 2536 1509 2607 quae
1527 2516 1589 2587 vix
1605 2518 1728 2589 duobus

592 2618 658 2688 mis
680 2608 933 2705 persecutionum
957 2613 1053 2682 annis
1065 2608 1217 2703 furorem
1240 2609 1315 2681 belli
1337 2623 1488 2701 expertae
1512 2607 1613 2702 futu,
1659 2634 1734 2686 rece

541 2794 546 2801 ¹
594 2727 653 2784 tur
688 2706 810 2781 Gallia.
873 2702 1053 2780 uibuscum
1080 2728 1146 2804 qua
1170 2704 1307 2781 ratione
1343 2703 1607 2782 conciliandum
1644 2708 1734 2806 sitq

594 2806 676 2881 Eus.
701 2804 751 2876 H.
780 2803 885 2877 Vll:
915 2827 971 2900 13.
997 2804 1179 2898 nequidem
1203 2802 1298 2874 aeder
1322 2798 1544 2891 Ecclrstarum
1569 2805 1734 2880 aConsta

595 2901 697 2977 suille
717 2898 913 2987 subversas,
938 2899 1084 2988 adserit,
1110 2897 1172 2971 vix
1198 2896 1390 2993 perspicio,
1410 2895 1473 2968 nisi
1491 2899 1534 2971 ab
1554 2899 1635 2993 ipso
1655 2927 1727 2975 non

598 3020 673 3073 tum
699 3017 735 3070 et
760 2993 914 3092 jussum,
954 2993 1014 3067 sed
1041 2991 1268 3090 permissum,
1301 3013 1360 3066 aut
1385 2992 1534 3088 passum,
1563 2995 1665 3087 else,
1708 3024 1734 3070 u·

599 3095 697 3169 Lati.
724 3095 744 3164 l.
772 3116 826 3180 c.,
851 3094 910 3164 vel
931 3091 1050 3187 potius
1070 3117 1100 3164 a.
1119 3094 1178 3164 ado
1195 3087 1462 3186 persecutionis,
1490 3092 1631 3186 quando
1651 3098 1734 3167 Conl

595 3193 668 3266 rius
695 3188 802 3261 satius
829 3188 880 3261 est
904 3188 1100 3275 Auoustus,
1140 3187 1191 3260 uti
1219 3186 1329 3260 refert
1353 3183 1503 3257 Eutde
1531 3188 1644 3262 Mart.
1678 3192 1733 3263 Pal

596 3290 637 3362 in
671 3287 731 3358 sm.
758 3284 794 3357 id
819 3243 1002 3379 contigisse
1034 3283 1210 3357 statuatur.
1262 3280 1417 3375 Conjicit
1443 3281 1584 3375 quidem
1624 3288 1734 3359 Baluz.

599 3383 699 3454 last.
725 3380 874 3474 viguille
900 3381 950 3452 ibi
976 3381 1011 3453 in
1040 3381 1145 3454 initio
1172 3378 1476 3477 persecutionem,
1522 3403 1698 3477 occupato
1724 3388 1734 3453 l

599 3477 726 3550 stantio
760 3478 850 3547 bello
875 3496 1000 3550 contra
1024 3479 1202 3549 Barbaros:
1242 3474 1325 3570 Pagi
1349 3495 1458 3562 ver0,
1494 3495 1579 3549 ante
1616 3479 1734 3572 ejusp

595 3573 774 3668 cipatum,
802 3571 838 3641 in
862 3570 975 3641 initiis
999 3572 1128 3663 inperii
1153 3567 1388 3657 Diocletiani,
1415 3572 1554 3664 quando
1580 3574 1734 3646 Herculei

599 3670 714 3747 adhuc
737 3665 939 3756 Caesarem,
965 3665 1003 3737 in
1030 3667 1154 3738 Gallias
1181 3666 1271 3738 misit
1298 3683 1420 3736 contra
1444 3669 1643 3762 Bagaudos:
1667 3669 1727 3741 sed

599 3772 649 3842 tia
674 3764 893 3840 Diocletiani
922 3762 1062 3838 suerunt
1088 3760 1288 3836 Christianis
1317 3759 1446 3855 ubique
1478 3765 1729 3863 pacifica„ut

599 3888 663 3963 pm
689 3863 823 3936 notavi.
877 3861 1055 3960 Quicquid
1079 3861 1140 3951 sit,
1174 3862 1423 3934 Gallicanarum
1447 3859 1680 3937 Ecclesrarum
1713 3886 1734 3935 n

594 3957 690 4034 tioni
713 3959 758 4030 de
784 3959 900 4030 multis
925 3958 974 4030 ibi
1010 3976 1098 4028 mart
1126 3955 1237 4045 ribus,
1276 3955 1335 4026 sub
1360 3953 1595 4036 Diocletiano
1623 3981 1660 4031 et
1695 3962 1734 4032 nl

596 4055 736 4140 miano,
770 4054 876 4126 fidem
903 4074 975 4124 non
1004 4050 1072 4121 effe
1097 3984 1310 4134 labendum,
1354 4049 1446 4121 clare
1473 4073 1518 4125 ex
1545 4052 1648 4128 distis
1671 4079 1734 4129 con

595 4153 784 4246 Figmenta
804 4170 942 4245 quoque
961 4147 1057 4233 sunt,
1083 4167 1170 4237 quae
1194 4147 1238 4218 de
1261 4138 1401 4235 legione
1422 4146 1594 4237 Thebea,
1619 4153 1677 4224 vel
1698 4156 1732 4226 A

595 4243 755 4323 nensrbus
792 4241 1020 4335 martyribus,
1068 4259 1206 4314 narrant
1240 4240 1517 4338 martyrologia:
1560 4247 1605 4319 de
1675 4274 1724 4322 uo

593 4340 754 4442 bordiers.
776 4337 816 4428 iu
838 4335 928 4425 Diti.
955 4335 1075 4422 Guic.
1095 4333 1140 4418 de
1163 4335 1291 4443 legione
1312 4332 1465 4441 Titler,
1490 4357 1527 4417 et
1550 4363 1654 4421 autor
1679 4347 1734 4443 Ep
