3609 5500
724 766 830 852 Sacas.
855 767 909 844 H.
1038 753 1045 760 ’
1329 763 1426 862 ἱῃῑ

200 955 268 1012 turn
292 937 400 1041 scopo
424 939 576 1039 sufficit,
602 949 782 1042 absoluta,
806 949 851 1024 de
870 940 995 1044 spuriis
1006 939 1150 1045 scriptis
1167 943 1335 1043 quaedam
1360 943 1414 1020 di-
1537 1009 1541 1015 .

200 1035 304 1110 cenda
321 1039 459 1118 restant.
511 1047 611 1118 Inter
629 1071 716 1142 quae
743 1071 822 1122 cum
841 1042 1013 1138 inlignem
1033 1059 1176 1115 teneant
1194 1043 1312 1116 locum
1331 1043 1414 1113 Cat·

200 1135 298 1236 anina,
322 1138 380 1208 vel
397 1139 563 1229 Oracula,
588 1144 755 1237 Sibyllina
777 1139 1074 1226 Christianorum,
1100 1138 1145 1210 de
1171 1137 1239 1210 illis
1256 1137 1413 1213 breviter

200 1225 374 1332 disseram,
399 1234 583 1332 postquam
607 1238 652 1311 de
669 1238 827 1334 sibyllis,
854 1253 890 1307 et
909 1233 1057 1308 oraculis
1074 1255 1213 1319 earum,
1241 1233 1413 1330 quaedam

200 1343 234 1393 tn
255 1346 389 1420 genere
415 1348 452 1401 et
484 1331 678 1406 summatim
711 1330 934 1430 praemisero.
984 1327 1104 1400 Fulior
1142 1327 1240 1401 enirn
1280 1328 1412 1404 notitia

199 1439 240 1490 ex
257 1421 391 1496 l'abric.
417 1425 503 1501 Bibl.
531 1429 592 1502 Gr.
618 1431 638 1506 l.
665 1430 694 1503 1·.
719 1450 749 1501 c.
779 1449 836 1516 29.
863 1446 901 1498 et
917 1420 995 1500 aliis
1017 1422 1171 1518 petenda
1187 1422 1250 1497 est.
1298 1421 1411 1516 Sibyl·

200 1511 263 1603 las,
286 1537 362 1610 quo
377 1519 533 1596 nomine
554 1526 716 1598 mulieres
730 1521 913 1610 fatidicae,
938 1519 1053 1592 futura
1071 1519 1334 1615 praedicentes,
1358 1522 1412 1610 in·

199 1607 339 1704 signitae
367 1611 466 1704 sunt,
491 1615 613 1708 fuisse,
638 1643 709 1693 non
736 1642 837 1691 unam
864 1614 1132 1710 antiquilhmam
1158 1614 1412 1714 Erythraeam,

200 1727 280 1798 quae
306 1709 403 1781 varia
433 1717 633 1809 peragravit
655 1716 751 1802 loca,
795 1733 832 1785 et
861 1711 946 1784 inde
980 1709 1076 1784 varia
1098 1707 1222 1783 sortita
1254 1709 1323 1784 fuit
1347 1730 1412 1783 no-

199 1799 305 1890 mina,
339 1807 435 1900 quod
464 1810 649 1883 contendit
675 1807 810 1883 Salmas.
845 1807 887 1880 ad
913 1804 1044 1896 Solim,
1078 1802 1135 1878 [εά
1162 1807 1297 1901 plures,
1332 1806 1410 1878 Ve-

200 1913 306 1970 terum
333 1899 534 1977 testimonia
561 1905 720 1980 dubitare
745 1925 815 1976 non
842 1903 974 1989 sinunt,
1001 1899 1106 1990 licet,
1140 1919 1228 1996 quot
1254 1898 1410 1992 fuerint,

202 2015 269 2066 non
290 1993 446 2087 constet,
477 1999 636 2098 plerique
660 2023 749 2072 vero
770 1999 871 2074 deant
894 2014 1090 2070 numerant.
1138 1996 1256 2092 Ipsum
1279 2019 1413 2072 nornen

205 2087 342 2184 Sibyllae
359 2091 477 2188 plures
495 2093 597 2171 soille
620 2094 757 2192 arguit,
783 2117 863 2176 cum
880 2092 922 2164 fit
939 2090 1206 2186 adpellativum,
1233 2115 1307 2165 non
1323 2115 1408 2188 pro·

204 2181 330 2292 prium,
354 2187 515 2356 origine,
540 2210 710 2289 utputo,
737 2186 991 2274 Phoenicium,
1016 2165 1133 2276 abab
1156 2204 1314 2283 portare,
1340 2211 1413 2283 quo

202 2278 378 2378 rnhguitae
424 2303 567 2374 uerunt,
610 2285 703 2384 qnod
729 2283 889 2381 spiritum
923 2280 1126 2371 fatidicum,
1168 2301 1271 2356 utero
1300 2283 1411 2357 inclu-

200 2376 288 2466 sum,
323 2377 474 2451 censitae
498 2380 634 2456 suerint
659 2377 766 2453 instar
795 2376 1019 2476 gravidarum
1049 2374 1195 2474 gestare.
1245 2376 1411 2454 Fuerint·

202 2493 243 2544 ne
267 2489 385 2550 autern
411 2477 527 2566 b‘ono,
554 2499 597 2549 an
620 2476 712 2550 malo
737 2473 855 2564 attae,
889 2473 949 2548 seu
971 2470 1225 2570 imaginatione
1252 2473 1411 2566 delusae,

201 2569 253 2642 vel
275 2589 381 2662 purae
406 2581 513 2665 putae
536 2569 696 2660 fraudes,
737 2588 776 2643 et
808 2586 1010 2643 commenta
1035 2566 1200 2662 politica,
1239 2569 1291 2641 uti
1314 2569 1412 2643 forte

203 2661 438 2738 Romanorum
451 2664 624 2759 suerunt,
649 2683 687 2742 et
709 2665 828 2740 multis
850 2665 1004 2765 disputat
1020 2665 1188 2739 Dalenius
1211 2663 1256 2738 de
1275 2666 1407 2739 Oracu·

205 2756 258 2847 lia,
298 2758 340 2833 ad
362 2782 427 2833 nos
460 2784 554 2838 nune
586 2784 706 2861 parum
726 2762 917 2930 pertinet,
956 2782 1062 2856 quare
1094 2760 1176 2837 illud
1211 2778 1409 2854 praetereo.

739 2882 757 2930 a
768 2912 779 2947 θ

206 2854 345 2929 Oracnla
369 2878 479 2946 vero,
504 2861 548 2931 ab
574 2861 659 2955 lpsts
685 2859 723 2933 fu
803 2857 875 2931 live
899 2857 911 2929 i
941 2855 996 2928 sae
1023 2876 1064 2926 ea
1091 2852 1309 2949 scripserint,
1335 2852 1411 2929 slve

207 2950 246 3021 ab
268 2950 340 3025 aliia
364 2950 430 3026 srnt
454 2974 625 3051 excepta,
660 2950 815 3027 versibus
840 2974 884 3024 co
942 2946 1032 3022 itille
1059 2948 1273 3022 hexametris
1300 2947 1412 3022 Grae·

214 3044 281 3133 cir,
300 3044 435 3121 constat
450 3048 613 3143 quidem,
639 3048 697 3122 [εά
723 3047 911 3141 scriptores
932 3068 973 3118 ea
991 3041 1161 3129 citantes,
1185 3041 1225 3149 in
1242 3043 1411 3119 summam

208 3136 342 3215 subinde
364 3140 585 3239 redigentes,
610 3145 722 3218 soluto
741 3141 945 3237 complexos
958 3139 1119 3212 sermone
1143 3136 1263 3226 fuisse,
1284 3159 1411 3215 notan·

207 3235 284 3307 dum
306 3236 374 3328 est,
407 3262 472 3328 ne,
505 3262 562 3312 eas
585 3240 745 3337 prosaico
770 3237 930 3310 sermone
961 3231 1177 3321 suiliensis,
1246 3233 1299 3307 uis
1325 3234 1413 3311 inde

209 3330 351 3443 colligat.
400 3334 529 3406 Amare
554 3354 745 3431 praeterea¹
760 3329 918 3407 solebant
941 3326 1187 3425 ocrrrstr'chr'der,
1225 3331 1311 3403 hcet
1333 3354 1410 3406 non

189 3438 320 3501 'omnia
351 3429 427 3523 ejus
454 3429 596 3527 generis
628 3430 760 3505 suerint
793 3451 912 3501 earum
947 3427 1095 3499 oracula.
1147 3425 1216 3497 Sed
1241 3448 1312 3498 non
1333 3445 1410 3500 erat

210 3524 1184 3715 lsstltlllla0‘ttlhllll”trlhltllllalll
1197 3520 1411 3691 illlata?

211 3711 293 3799 susat
317 3714 449 3811 qualia,
475 3676 602 3812 er’ngr.
628 3716 723 3802 sunt,
748 3674 836 3807 quae
852 3733 973 3806 regent
988 3710 1138 3805 aliquem
1155 3669 1412 3806 promiserunt,

210 3810 256 3881 uti
279 3808 359 3883 illud
382 3811 476 3885 circa
503 3828 664 3907 tempora
690 3807 840 3896 Christi,
880 3806 975 3903 quod
999 3805 1170 3894 hahebat,
1203 3825 1243 3878 ut
1273 3804 1412 3898 Juduea

208 3904 333 3999 proserii
355 3932 461 3980 rerum
488 3909 687 3999 potirentur,
718 3903 836 3999 cujus,
860 3919 1000 4001 praeter
1029 3900 1100 3997 Jos.
1126 3902 1165 3975 B.
1190 3899 1221 3996 J.
1247 3901 1270 3974 l.
1296 3902 1407 3989 Vll,

211 4002 435 4075 meminerunt
458 4000 577 4076 Tacit.
603 4004 652 4077 H.
679 4003 728 4077 V:
757 4022 813 4093 13.
839 4016 876 4071 et
903 3998 1114 4072 Suetonio
1141 3996 1306 4089 Vespal,
1342 4018 1412 4068 nec

212 4114 277 4169 non
300 4115 418 4191 quarta
443 4094 574 4193 Virgil.
599 4099 742 4193 ecloga,
769 4117 840 4168 non
863 4092 1035 4190 Sibyllae,
1069 4090 1128 4165 sed
1152 4089 1411 4163 Hesiodoori·

209 4191 437 4287 ginemsuam
463 4193 612 4289 debent,
645 4214 714 4273 nec
735 4190 782 4265 de
804 4210 921 4284 regno
945 4186 1096 4280 Christi,
1129 4184 1189 4261 [εά
1213 4184 1413 4290 seculoSq·

256 4284 343 4364 Tum.
368 4290 442 4365 ΙΙΙ.
766 4286 857 4365 Bbb
1279 4296 1419 4371 turtuo,
