3609 5500
271 947 333 1047 *js
671 917 967 1047 notrannus.
995 943 1107 1044 nupt
1221 887 1223 891 ⁵

283 1125 533 1238 quid-habetet
550 1123 588 1199 in
605 1124 689 1200 illud
706 1125 917 1238 contulerit,
942 1128 1029 1202 Luc.
1053 1124 1154 1201 XXI:
1183 1124 1271 1201 1.··-'
1292 1143 1331 1202 ut
1348 1124 1509 1205 animum

286 1225 706 1429 stttstftsntlll,
728 1222 1506 1428 ‘ll‘a?trtls⁰l¹n³llll⁶lptttlt

287 1440 360 1492 non
389 1433 603 1511 eontigerit,
638 1414 732 1512 quod
756 1414 838 1509 Jolu
864 1416 945 1489 Xll:
975 1438 1088 1489 20.···
1110 1414 1156 1488 de
1182 1414 1350 1505 Graecis,
1384 1415 1504 1512 ipsum

285 1513 399 1586 oculis
422 1512 586 1607 usurpare
604 1512 848 1607 cupientibus,
873 1528 911 1583 et
932 1511 1091 1584 sermone
1116 1506 1268 1599 Christi,
1301 1533 1343 1584 ea
1370 1512 1504 1604 occasi-

285 1633 359 1683 one
375 1607 516 1697 habito,
542 1624 710 1681 narratur.
759 1608 861 1679 Patet
879 1606 1000 1703 utique
1020 1629 1065 1679 ex
1083 1605 1160 1700 ipso
1174 1604 1356 1697 sermone,
1382 1607 1503 1684 Chris·

287 1724 364 1777 tum
386 1704 459 1801 jam
483 1720 657 1792 ammte,
684 1720 721 1776 et
738 1700 969 1797 pastionibus,
992 1698 1094 1776 suiffe
1112 1697 1341 1796 proximum,
1367 1720 1428 1792 et,
1453 1726 1505 1780 ex

286 1798 416 1875 inserta
440 1800 483 1873 ab
501 1795 721 1894 Euangelista
744 1797 983 1871 declaratione
1006 1794 1247 1870 obdurationis
1263 1796 1512 1893 Judaeorum,

267 1895 475 1972 „secundum
499 1893 726 1990 prophetiam
760 1892 828 1988 Jes.
863 1894 919 1969 Vl
951 1909 989 1965 et
1018 1892 1119 1967 Llli.
1152 1889 1231 1988 post
1255 1909 1311 1964 tot
1336 1893 1507 1986 miracula

288 2010 328 2065 et
352 1991 527 2065 sermones
551 1987 705 2077 Christi,
739 1988 885 2062 durante
918 2010 1063 2061 munere
1096 1987 1172 2081 ejus
1211 1987 1376 2082 publico,
1418 1990 1508 2068 illud

283 2088 357 2187 jam
373 2086 515 2160 finitum
531 2083 625 2171 esset
644 2080 817 2178 denique,
834 2083 893 2157 ubi
911 2081 1148 2180 sub'ungitur,
1167 2106 1202 2155 V.
1221 2089 1278 2176 3⁶·
1303 2083 1484 2166 Christum
1490 2088 1510 2183 ,'

287 2188 361 2263 hoc
377 2184 502 2259 ultimo
526 2179 686 2252 sermone
703 2178 846 2269 habito,
871 2181 940 2252 alrit'
966 2204 1003 2268 e,
1027 2177 1116 2251 etse
1139 2176 1310 2274 occultaffc
1335 2186 1379 2254 ab
1402 2180 1509 2279 ipfir,

286 2278 380 2357 haud
404 2278 549 2351 obscure
580 2273 605 2349 st
656 2274 815 2363 isrcatur,
856 2297 937 2348 eum
961 2277 1004 2347 ab
1026 2274 1098 2347 hoc
1131 2291 1291 2370 tempore
1318 2295 1391 2350 non
1425 2299 1505 2354 am-

286 2375 379 2489 plius
405 2372 440 2445 se
463 2366 593 2444 ma'nife
670 2393 691 2442 e
714 2368 864 2466 populo,
896 2391 938 2443 ac
964 2368 1004 2443 in
1028 2366 1206 2467 publicum
1230 2368 1416 2466 prodiisse,
1443 2374 1508 2456 sed

286 2497 327 2549 in
359 2466 500 2542 occulto
532 2488 613 2539 cum
647 2464 832 2562 discipulis
865 2464 1025 2539 tenuisse.
1083 2464 1220 2540 Haberi
1261 2462 1380 2561 itaque
1411 2467 1508 2562 haec

284 2563 411 2666 perico
438 2561 588 2637 adebet
615 2584 681 2659 pro
702 2559 968 2669 ¹additamento,
999 2583 1070 2670 qno
1095 2559 1199 2668 Joln,
1232 2564 1396 2671 omnibus
1419 2565 1506 2646 reli·

285 2659 365 2761 quis
391 2588 496 2746 aitis,
521 2677 722 2753 atempore
743 2656 877 2754 publici
903 2673 1073 2730 introitus
1096 2676 1135 2730 tn
1152 2658 1387 2751 metropolin,
1410 2662 1509 2759 apud

278 2758 454 2852 reliquos·
470 2752 707 2851 Euangelistas
737 2751 883 2845 obuiis,
932 2752 1078 2827 silentio·
1102 2748 1299 2842 involutis,
1346 2753 1509 2841 ulrimah

285 2874 405 2929 morae
440 2846 570 3018 {nisti
606 2846 865 2946 Hierosolymis
897 2867 935 2924 et
975 2846 1013 2921 in
1044 2846 1199 2942 Templo
1222 2846 1368 2936 ,scenam
1402 2873 1506 2941 com.

311 2952 451 3024 lexuse
484 3001 493 3018 .

331 3044 365 3215 p.
389 3040 560 3115 LXXVI.
592 3040 750 3137 Templo
776 3057 814 3112 et
833 3036 1092 3135 Hierosolymis
1115 3038 1268 3135 egressus
1291 3061 1374 3117 curn
1393 3037 1504 3123 disct-

289 3139 403 3246 puis,
428 3155 468 3212 ut
491 3136 717 3227 Bethaninm,
742 3136 796 3211 uti
820 3135 974 3225 solebat,
999 3153 1201 3232 repeteret,
1224 3137 1268 3211 ab
1293 3137 1374 3236 ipsus
1395 3160 1502 3236 roga·

286 3262 362 3328 turs,
388 3231 525 3334 quando
550 3233 796 3330 Hierosolyma
821 3231 1077 3334 destrueretur,
1101 3251 1140 3319 et
1166 3231 1239 3327 ipse
1263 3232 1306 3306 ad
1328 3232 1504 3330 judicium

284 3330 482 3408 universale
505 3328 703 3401 habendum
736 3326 901 3413 veniret,
942 3328 1103 3421 dequo,
1138 3326 1326 3422 discipulos
1356 3329 1504 3427 inipso

284 3423 423 3525 egressu
442 3421 690 3511 admonuerat,
715 3421 891 3495 luculento
915 3419 1094 3510 sermone,
1121 3421 1163 3496 ad
1187 3443 1345 3502 montem
1362 3425 1506 3511 Oliveti

285 3526 368 3597 cum
393 3515 474 3614 ipsas
506 3514 648 3607 sedens,
687 3535 725 3588 et
755 3514 800 3588 ad
824 3517 946 3591 urbem
978 3540 1020 3591 ac
1045 3518 1234 3615 Templum
1270 3525 1393 3599 oculos
1417 3547 1502 3601 ver-

282 3639 386 3704 tens,
417 3611 606 3706 respondet
639 3637 672 3687 a.
698 3610 739 3684 ad
769 3609 923 3706 priorem
948 3611 1095 3712 quaesiti
1120 3634 1257 3710 partem
1280 3617 1326 3693 de
1353 3619 1502 3699 excidio

286 3709 576 3805 Hierosolymo,
617 3707 712 3806 signa
736 3707 810 3801 ejus
831 3710 1081 3785 antecedentia
1110 3712 1340 3809 memorando
1363 3717 1504 3797 Mottlr.

282 3808 423 3888 XXIV:
459 3810 594 3894 6m14.
633 3822 675 3876 et
707 3802 817 3899 ipsam
847 3804 1124 3881 destrudionem
1157 3807 1416 3900 describendo,
1463 3837 1502 3889 v.

290 3924 449 3995 15-22.
475 3898 655 3994 postquam
681 3901 843 3997 generale
866 3903 1042 3978 monitum
1067 3902 1111 3977 de
1138 3927 1282 3999 eor-um,
1308 3909 1368 4003 qui
1381 3907 1504 3987 obris-

274 4019 361 4077 turn
385 3994 498 4069 adesse
524 3995 708 4084 dioerent,
747 3997 963 4096 deceptione
986 3999 1150 4088 vitanda,
1183 4002 1430 4096 praemistffet,
1463 4028 1503 4081 v.

271 4114 312 4191 ’4
334 4111 373 4167 et
398 4112 432 4179 5.
475 4096 514 4199 l.
539 4085 748 4169 Distinslius
764 4116 826 4166 eos
845 4097 1037 4184 adtribuet,
1061 4111 1103 4167 ut
1123 4097 1167 4169 ab
1190 4097 1252 4173 illo
1275 4124 1402 4190 errore,
1422 4097 1505 4179 aui·

275 4191 352 4270 -mis
378 4189 446 4262 alte
472 4185 604 4275 infixo,
629 4186 691 4259 sibi
715 4210 885 4283 caveant,
918 4213 989 4267 nec
1013 4189 1134 4285 decipi
1155 4190 1192 4266 se
1214 4217 1279 4290 per
1301 4197 1401 4284 illos,
1433 4193 1498 4292 qui

284 4286 467 4371 Meffiant,
500 4281 712 4355 servatorem
743 4287 890 4379 populi,
924 4284 1037 4362 adesse
1067 4287 1285 4381 praesentem
1315 4291 1505 4371 adnuncia·

121 4490 124 4495 ,
270 4385 426 4475 'Wjsstr
450 4378 647 4478 Patimur
668 4404 766 4471 Μ,
793 4383 888 4478 quod
912 4383 1085 4464 muman
1101 4382 1250 4467 Meffire
1274 4386 1408 4473 ooufit
1429 4410 1507 4495 uno

263 4518 268 4526 .
324 4544 338 4557 fi
826 4540 850 4577 ,
896 4542 906 4553 ‚
1465 4501 1510 4577 ω
