3609 5500
1277 923 1283 933 ι

274 941 355 1031 oei
683 936 985 1038 infimitatis.
1009 933 1122 1035 corp,

281 1139 373 1197 220.
397 1118 592 1192 multorum
609 1115 818 1216 scriptorum
852 1138 972 1208 autor,
1016 1140 1163 1215 quoium
1196 1129 1295 1191 extat
1325 1117 1510 1214 catalogos

209 1235 213 1246 ’
286 1212 327 1288 iri
351 1211 477 1286 dextro
499 1216 608 1287 litere
624 1213 753 1287 statuae
768 1238 1004 1304 marmoreae,
1028 1215 1208 1309 superiore
1233 1211 1352 1285 seculo
1371 1214 1502 1287 Romae

291 1329 474 1404 repertae,
499 1310 591 1383 haud
608 1311 730 1404 procul
746 1313 788 1385 ab
804 1312 889 1383 aede
908 1311 1108 1395 Laurentii,
1135 1329 1234 1382 extra
1248 1309 1505 1398 urbismuros,

290 1426 381 1501 quae
405 1428 577 1478 canonem
602 1406 676 1499 ejus
700 1407 895 1499 paschalem
921 1405 1285 1503 mimnipdmb
1311 1403 1506 1478 Alexandri

289 1523 369 1590 ann.
395 1501 463 1574 loro
478 1499 731 1596 incipientem,
756 1502 913 1574 exhibet.
962 1504 1068 1604 Quod
1083 1501 1278 1599 pretiosum
1294 1520 1503 1572 monumen·

277 1614 366 1671 ¹tuin
390 1621 411 1670 a
435 1597 540 1671 variis
556 1596 689 1668 editum
703 1594 772 1683 est,
798 1596 1016 1670 noviffimea
1033 1595 1217 1682 Fabricio,
1242 1596 1281 1666 in
1304 1592 1503 1691 Hippolyti

287 1691 555 1790 opusculorum,
587 1714 675 1785 quae
700 1690 900 1785 supersunt,
935 1692 1103 1767 editione.
1151 1689 1225 1765 Ubi
1250 1708 1439 1783 comparet
1450 1694 1502 1763 de·

289 1785 474 1884 monstratio
506 1787 550 1859 de
575 1786 817 1876 Antichristo,
859 1807 897 1859 et
920 1787 1080 1861 adversus
1096 1787 1273 1956 judaeos,
1307 1783 1497 1879 fragmenta

288 1882 568 2055 {piisimi}
591 1878 1019 2052 lhhhahhhlh
1043 1881 1500 2050 ‘hl‘hlhl’hlli‘

293 2004 342 2149 rii
359 2004 548 2180 Scripsi-S.
566 2001 675 2181 ioca.¹
698 2072 835 2180 Υᾼάἀίῑει
858 2072 936 2145 sunt
953 2003 1078 2170 senili
1095 2071 1290 2169 Hippolyti
1313 2003 1501 2161 i'hebanvia,

291 2167 360 2243 sec.
381 2169 425 2241 X.
442 2168 640 2261 scriptoris,
658 2186 716 2238 cni
732 2169 904 2263 Basnage,
932 2167 974 2240 ad
993 2167 1105 2244 Canis.
1115 2171 1225 2263 antiq.
1243 2166 1325 2243 lere
1342 2186 1429 2241 torn.
1441 2168 1501 2243 lll.

224 2331 227 2337 .
289 2286 432 2362 quoque
455 2259 577 2334 tribuit
601 2259 782 2334 tradlatum
807 2263 851 2335 de
866 2264 1026 2338 duodecim
1040 2262 1239 2361 Apostolis,
1264 2285 1396 2344 nornen
1414 2262 1502 2358 Hip·

286 2357 406 2460 polyti
457 2356 700 2431 raeferentem.
752 2359 886 2431 Floruit
919 2358 1026 2431 etiam
1058 2361 1128 2432 hoc
1157 2357 1274 2432 seculo
1299 2358 1500 2445 Methodici,

210 2453 230 2488 ²
293 2458 440 2554 Olympi
464 2452 616 2550 Lyciae,
640 2473 677 2526 et
693 2451 812 2549 postea
831 2453 944 2549 Tyri,
970 2454 1185 2551 Episcopus,
1208 2452 1401 2527 secundum
1418 2454 1519 2527 Hie·-

293 2576 480 2646 ronymum
500 2549 667 2642 martyrio
684 2547 840 2620 adseclas
856 2550 915 2620 sub
940 2549 1192 2637 Diocletiano,
1218 2552 1371 2623 irritaris
1389 2550 1501 2623 acerri-

293 2671 365 2720 mur
392 2644 536 2739 defensor
560 2643 671 2715 didius
695 2642 823 2739 Epiph.
849 2643 944 2717 haer.
974 2651 1032 2734 64.
1081 2643 1249 2740 Origenis
1276 2668 1417 2740 quoque
1450 2646 1497 2717 iu·

291 2765 381 2842 gens
396 2735 627 2825 adversarius,
644 2737 701 2811 sed
718 2759 754 2810 et
771 2737 892 2835 postca
908 2740 1117 2830 admirator,
1136 2739 1224 2814 teste
1240 2738 1388 2835 dialogo,
1407 2762 1500 2837 quem

292 2860 446 2913 renonem
472 2833 666 2928 inscripsit,
698 2852 736 2907 ut
761 2833 870 2907 refert
896 2839 1029 2911 Socrat.
1065 2838 1115 2911 H.
1147 2838 1188 2911 E.
1220 2837 1242 2908 l.
1280 2837 1348 2910 Vl.
1384 2859 1415 2910 c.
1449 2857 1499 2929 13.

289 2935 357 3033 qui
382 2933 490 3005 multa
514 2927 670 3024 scripsit,
712 2954 861 3024 quorum
886 2930 1081 3025 fragmenta
1112 2931 1218 3004 habet
1252 2931 1401 3014 Photius,
1430 2933 1501 3003 cod.

295 3053 389 3204 {lh
429 3027 500 3198 {ii
524 3026 667 3195 {hh
688 3024 1337 3195 lllhlllelsQ¹¹¹izsllliillle²didi2
1361 3029 1502 3194 illl·

298 3247 338 3297 et
365 3181 476 3294 liliero
502 3218 667 3305 arbitrio,
700 3220 875 3288 coriarium
907 3219 1067 3312 virginum
1098 3237 1185 3305 etc,
1229 3177 1321 3312 ‹iuod
1352 3174 1505 3290 ultimuni

296 3317 400 3393 fuisse
423 3318 481 3388 suo
499 3335 660 3407 tempore
683 3311 931 3404 interpolatum
959 3313 1001 3382 ab
1026 3309 1184 3400 Arianis,
1210 3311 1315 3384 tradit
1340 3313 1504 3402 Photius,

224 3459 229 3469 -
298 3412 399 3501 cnjus
431 3431 547 3481 tamen
582 3409 642 3478 vix
674 3407 776 3477 ullum
811 3428 903 3477 nunc
938 3406 1049 3479 eistat
1083 3406 1280 3503 vestigium.
1342 3407 1432 3484 Vid.
1465 3409 1506 3483 de

294 3503 380 3600 Ipso
403 3507 480 3573 Leo
507 3500 653 3573 Allatius
678 3499 713 3571 in
738 3498 885 3571 diatriba
910 3498 953 3571 de
980 3502 1191 3575 Methodiis.

346 3598 378 3697 h.
403 3599 490 3670 Vll.
510 3597 683 3687 Gregorius
699 3593 1017 3689 Neo-caesarienstt,
1036 3597 1142 3670 etiam
1156 3597 1505 3690 Theodorusdisius,

293 3689 525 3792 ⁴Episcoporum
539 3688 645 3785 nostro
660 3705 769 3761 aerato
786 3694 1007 3764 celeberrimus
1021 3692 1100 3765 Eus.
1127 3695 1176 3766 H.
1202 3695 1269 3766 Vl:
1298 3719 1355 3788 30.
1396 3696 1505 3794 Apol·

301 3793 438 3868 tolir‘et
454 3786 638 3882 Prophetis
662 3784 892 3859 accensendus
917 3787 1011 3860 Basil.
1028 3788 1092 3876 M.
1117 3788 1160 3860 de
1179 3788 1312 3884 Spiritu
1329 3795 1366 3866 S.
1393 3816 1425 3867 c.
1455 3815 1510 3882 29.

300 3911 411 3985 opera
439 3883 605 3977 Origenis
625 3882 676 3955 ,ad
702 3880 931 3955 Christianam
957 3883 1063 3955 fidem
1080 3882 1285 3973 conversus,
1311 3905 1349 3958 et
1375 3887 1510 3962 institu-

288 4004 374 4069 rus,
400 3980 546 4053 mirabili
573 3979 678 4050 niodo
702 3978 895 4073 Episcopus
911 3978 1230 4052 Neo-caesariensis
1248 3980 1285 4051 in
1304 3983 1422 4056 Ponto
1441 3985 1509 4058 fac·

301 4099 379 4169 tiis,
411 4098 446 4148 et
471 4073 666 4147 incredibili
686 4073 878 4147 Gentilium
896 4073 1145 4162 conversione,
1171 4099 1212 4147 ac
1242 4077 1509 4171 miraculorum,

287 4177 339 4253 dn
367 4172 487 4271 primis
517 4168 742 4265 prophetiae,
785 4169 900 4254 dono,
942 4171 1050 4243 clarus
1082 4170 1238 4244 traditur.
1291 4176 1381 4249 Cum
1415 4177 1511 4252 enim

301 4295 347 4366 17
383 4288 516 4344 tantum
542 4265 591 4337 ibi
618 4260 797 4356 reperisset
821 4262 1052 4351 Christianos,
1086 4265 1284 4355 universum
1307 4273 1507 4367 populum,

137 4416 140 4421 -
283 4371 465 4491 :oppium
490 4382 527 4444 et
549 4357 734 4452 suricum,
759 4359 803 4445 eil
815 4361 923 4443 fidem
938 4359 1085 4468 adduxit
1098 4362 1372 4465 ampledlendain
1381 4368 1507 4541 ὥς

832 4802 941 4840 Α
