3609 5500
239 422 1562 746 -Ι

691 959 702 976 ·
820 956 1004 1040 ntur·
1101 949 1122 1024 ·.
1445 957 1525 1058 m

291 1134 506 1212 madversuns
538 1136 668 1213 erroris
679 1138 816 1215 eausam
848 1138 1040 1237 praebuit,
1081 1134 1149 1214 acsi
1181 1159 1228 1215 ex
1258 1136 1374 1217 nostra
1404 1139 1516 1216 resur·

290 1234 449 1309 teutone
473 1234 605 1310 sublata
628 1237 714 1310 iilud
739 1237 928 1313 derivasset
952 1235 1162 1334 Apostolus,
1196 1260 1277 1310 curn
1303 1263 1349 1313 ex
1374 1236 1516 1313 Christo

288 1355 363 1406 non
394 1331 603 1407 resuscitato
641 1333 845 1406 ratiocinari
888 1332 1073 1408 manifeste
1112 1351 1239 1430 pergat
1261 1358 1281 1408 ε.
1313 1353 1352 1407 ut
1387 1334 1516 1432 cuique

285 1428 469 1502 admonito
493 1428 530 1500 in
556 1429 681 1514 oeulos
702 1431 863 1502 incurrit.
903 1430 1018 1505 -Plena
1044 1427 1138 1502 soret
1156 1429 1292 1503 orario:
1318 1454 1394 1525 ergo
1414 1436 1514 1506 eriam

284 1528 318 1597 ia
345 1520 478 1619 Christo
502 1529 621 1597 mortui
645 1530 832 1622 persistunt,
873 1549 962 1624 ergo
987 1527 1024 1599 in
1049 1524 1117 1598 hac
1142 1526 1219 1598 vita
1244 1524 1351 1599 unice
1375 1526 1516 1620 inipso

285 1622 527 1717 speraremus3
565 1619 722 1717 adeoque
758 1621 927 1714 miserrimi
959 1626 1095 1695 omnium
1127 1620 1279 1716 effamur,
1322 1621 1346 1694 fi
1380 1619 1517 1696 scilicet

285 1717 324 1791 in
357 1714 503 1789 Christo
537 1715 753 1814 speraremus
782 1719 890 1791 solum
926 1716 963 1790 in
995 1719 1063 1791 hac
1089 1716 1175 1791 vita.
1224 1718 1511 1813 Hincquoque,

285 1810 381 1910 quod
397 1810 581 1899 observo,
596 1810 742 1885 effatum
756 1814 793 1885 Α
823 1812 944 1902 ostoli,
971 1817 1047 1908 quid
1057 1809 1216 1903 faciant,
1262 1824 1365 1912 quana
1383 1814 1512 1910 inepte

285 1925 417 2005 agunt,
448 1926 489 1980 et
511 1905 684 1981 infelices:
698 1835 822 2007 eruntg
845 1912 906 2006 qui
937 1914 1010 2008 ὑπὲρ
1033 1919 1087 1982 τῦ
1113 1907 1213 2008 sup&
1251 1932 1328 2006 uper
1352 1926 1514 2002 mortuos,

285 2005 347 2080 vel
366 2024 517 2102 propter
541 2024 620 2090 eos,
656 2009 876 2103 baptizantur
907 2025 977 2082 etc.
1004 2006 1097 2105 quod
1133 2026 1265 2080 tantam
1291 2005 1371 2079 fixit
1397 2008 1513 2079 Inter·

286 2102 637 2198 pretibuscruccm,
663 2120 702 2173 et
722 2101 923 2175 innumeras
945 2101 1020 2175 fere
1040 2102 1210 2199 produxit
1235 2102 1511 2198 Interpretario·

288 2219 384 2288 nes,
418 2195 576 2272 satiiemz
594 2196 807 2270 nanciscitur
840 2196 1127 2294 expositionem,
1169 2223 1257 2297 quae
1292 2197 1363 2272 huc
1398 2196 1512 2269 reditu

290 2316 389 2401 putta
404 2291 502 2386 [lutri
520 2291 607 2387 sunt
624 2306 659 2364 er
682 2292 811 2388 miseri,
835 2297 891 2388 qui
912 2294 1011 2367 malis
1034 2294 1137 2391 hujus
1160 2298 1257 2368 vitae
1281 2310 1318 2366 et
1342 2292 1513 2389 martyrio

289 2393 535 2486 nimergnntur
562 2409 595 2462 r.
623 2404 756 2484 propter
789 2404 930 2463 mortuos
965 2393 1059 2479 illos,
1101 2387 1236 2464 scilicet
1260 2388 1373 2486 ipsum
1398 2386 1513 2463 Chris·

293 2503 391 2575 tum,
416 2505 529 2580 aeque
546 2504 684 2571 accos,
710 2488 766 2580 qus
782 2489 815 2557 in
831 2483 897 2582 ipso
918 2484 991 2580 jam
1016 2488 1134 2559 rnorrm’
1156 2485 1233 2560 sunt
1250 2511 1285 2561 v.
1315 2492 1370 2564 18.
1396 2504 1434 2559 et
1455 2504 1513 2579 pt·

289 2586 440 2671 sierurtt3
466 2580 585 2675 quales
607 2578 729 2674 utique
754 2579 907 2653 habendi
936 2581 1034 2671 sunt,
1068 2578 1192 2660 stin-r
1210 2582 1304 2676 plene
1328 2596 1360 2654 er
1385 2579 1515 2678 absolu·

289 2694 344 2769 re,
367 2677 423 2753 uti
450 2676 524 2774 Ap
545 2673 665 2764 addit,
691 2699 753 2750 nun
774 2676 948 2773 resurgunt
970 2679 1098 2753 mortui.
1150 2684 1336 2767 Ceterum,
1365 2694 1514 2775 propter

288 2772 507 2860 doarium,
530 2794 553 2843 a
579 2770 720 2845 Christo
745 2773 956 2870 propositam
983 2794 1020 2849 et
1047 2773 1281 2873 obsignatam,
1308 2794 1455 2871 propter
1471 2772 1514 2849 fi·

289 2871 375 2944 dem
399 2868 438 2944 in
461 2867 597 2966 ipsum,
629 2871 709 2941 mori
735 2869 830 2942 idem
853 2867 927 2961 est,
954 2892 996 2944 ac
1019 2891 1169 2968 propte-r
1194 2869 1369 2944 Christum
1396 2868 1511 2960 mori,

291 2988 339 3042 ac
358 2965 420 3039 reli
470 2989 511 3038 os
537 2962 574 3035 in
594 2964 670 3059 ipso
695 2984 872 3039 mortuos:
898 2969 991 3064 quod
1016 2971 1090 3063 daig
1117 2979 1156 3054 τε
1176 2967 1316 3060 &ripam
1330 2963 1431 3064 super
1456 2988 1511 3036 no·

291 3065 383 3142 stiur
407 2990 527 3160 &iffi
557 3063 750 3135 contumelia
788 3063 888 3158 adfici
919 3061 1050 3138 dicitur
1080 3065 1161 3139 Adi.
1196 3066 1246 3138 V:
1280 3086 1339 3153 41.
1373 3078 1410 3132 et
1439 3064 1515 3157 susp

290 3181 352 3259 pro
375 3144 471 3253 regni
499 3157 565 3230 Dei
595 3161 690 3250 pari,
733 3156 894 3231 2Tneff.
920 3160 949 3231 I:
975 3180 1010 3248 5.
1044 3159 1116 3233 vid.
1150 3157 1257 3230 etiam
1292 3155 1368 3228 Col.
1394 3155 1423 3227 1:
1451 3178 1511 3246 24.

295 3251 442 3332 Deinde
469 3222 503 3328 i.
521 3271 652 3347 propter
682 3268 822 3327 mortuos
854 3250 925 3342 est,
965 3271 1005 3326 ut
1032 3252 1097 3327 srnt
1131 3249 1338 3348 simpliciter
1371 3255 1512 3344 mortui,

295 3365 546 3447 maneantque,
572 3350 626 3421 uti
644 3348 782 3437 forent,
808 3348 942 3423 srnuila
965 3347 1069 3424 detur
1092 3347 1320 3438 resurreiiio,
1347 3348 1513 3443 oppofite

293 3449 337 3525 nd
358 3446 481 3537 vivos,
507 3443 566 3518 seu
591 3443 829 3519 resuscitatos:
856 3445 945 3518 srcut
966 3450 1085 3520 mortui
1109 3463 1143 3520 er
1168 3448 1235 3521 viri
1257 3469 1302 3517 eo
1326 3443 1424 3517 sensu
1447 3469 1513 3541 op·

295 3563 473 3644 ponuntur
505 3543 615 3615 Matr.
639 3542 755 3614 XXII:
783 3564 840 3635 32.
892 3543 1017 3615 Robur
1042 3542 1160 3631 addit,
1199 3539 1292 3638 quod
1318 3561 1402 3628 mox
1434 3543 1514 3617 sub·

294 3641 410 3740 jungit
425 3636 552 3736 Apost.
577 3662 675 3733 quare
691 3658 721 3710 er
739 3661 795 3711 nos
808 3640 1033 3732 peritiitamur
1048 3644 1132 3713 omni
1148 3638 1255 3712 hora?
1278 3663 1334 3712 nos
1356 3636 1513 3732 scilicet,

632 3732 1114 3904 turinnes
1138 3733 1320 3920 sn
1351 3733 1512 3905 insu

299 3952 434 4005 nenos
466 3888 592 4002 haberi
612 3946 681 4000 tarn
699 3857 843 4014 pinsani,
885 3945 925 3998 ut
957 3944 1105 4023 propter
1119 3885 1249 3998 ’falsum
1273 3944 1310 3998 te
1344 3925 1516 4004 'rnoniunr

302 4047 395 4103 tanta
422 4025 520 4099 omni
544 4043 727 4097 momento
754 4021 908 4118 pericula
932 4022 1214 4094 incurreremus?

344 4123 377 4224 s.
403 4124 534 4197 CCIV.
569 4122 622 4193 Ex
650 4119 770 4194 iisdem
794 4115 1002 4216 principiis,
1034 4118 1093 4192 seu
1117 4135 1264 4214 negatae
1290 4116 1517 4194 resurrediio·

300 4218 354 4294 nis
380 4217 509 4293 Christi
534 4215 775 4305 confessariis,
818 4214 919 4310 supra
943 4214 985 4287 ab
1011 4212 1184 4311 Apostolo
1210 4213 1408 4303 recensitis,
1451 4237 1513 4286 ex·

327 4315 498 4392 licandum
524 4313 594 4403 est,
621 4313 734 4404 quod,
763 4310 924 4409 opposite
949 4310 991 4383 ad
1016 4310 1183 4386 continua
1201 4309 1356 4406 pericula
1383 4327 1420 4382 et
1443 4308 1516 4382 rna·

300 4341 355 4508 E,
379 4413 502 4515 quibus
529 4408 718 4488 Christiani
741 4409 776 4485 se
806 4404 1047 4580 objgiebant,
1071 4410 1177 4509 longe
1195 4404 1300 4485 satius
1322 4403 1521 4573 fuerinhilsgl

415 4538 427 4555 ο
898 4525 923 4600 g
946 4524 968 4580 2

1466 4568 1562 4869 s
