3609 5500
512 745 517 756 ,
588 673 617 685 ’“
701 665 810 758 Setos.
836 669 890 745 11.
942 681 945 684 ’
1328 695 1399 774 397

207 849 384 949 Origenes,
424 849 554 948 quippe
587 848 672 948 qui,
712 849 751 924 in
782 847 971 924 Palaestina
998 847 1196 948 aliquandiu
1224 849 1402 948 versatus,

202 947 243 1022 ibi
267 971 339 1024 eam
358 945 476 1022 nablas
504 946 566 1022 est.
605 943 728 1043 ¹Epist.
761 945 871 1042 Judae
895 944 1028 1042 primus
1052 947 1265 1032 memoravit
1289 951 1398 1028 Cleon.

203 1045 311 1134 illem,
343 1067 446 1139 quern
472 1042 686 1118 Tertull..et
712 1042 887 1138 Origenes
918 1040 1030 1116 secuti
1054 1042 1153 1117 sunt:
1183 1062 1254 1118 nec
1279 1062 1399 1125 tamen

203 1139 319 1238 ubique
340 1156 484 1236 recepta
509 1137 600 1229 fuit,
635 1158 672 1212 ut
697 1160 743 1212 ex
768 1139 868 1235 supra
894 1136 997 1214 dietis
1019 1137 1140 1235 liquet.
1191 1139 1221 1210 Ε
1247 1137 1299 1215 ist.
1328 1145 1395 1221 oda

202 1233 286 1309 Petri
309 1235 420 1309 nullus
443 1233 545 1329 hujus
569 1236 658 1324 sec„
704 1254 868 1343 quantum
892 1231 1052 1324 'corillat,
1085 1233 1206 1306 ususe
1245 1290 1257 1322 ,
1292 1261 1400 1333 quare

199 1329 258 1406 lec.
281 1333 342 1407 111.
368 1329 438 1404 fuit
455 1329 630 1424 suspense
645 1326 750 1404 fidet:
776 1329 829 1408 uti
849 1329 998 1426 Origen.
1020 1328 1113 1426 apud
1131 1328 1217 1403 Eos:
1237 1331 1306 1406 Vl:
1335 1356 1395 1424 25.

200 1427 332 1517 adserit,
357 1448 465 1524 quare
490 1426 569 1501 Eus.
595 1427 646 1501 H.
672 1425 736 1499 lll:
764 1449 797 1520 3.
824 1424 951 1514 tradit,
986 1422 1021 1497 se
1043 1448 1063 1498 a
1087 1425 1279 1520 Majoribus
1301 1451 1397 1504 acce·

196 1521 281 1618 pifft,
304 1517 610 1618 eam'inrersacros
631 1523 678 1596 N.
705 1519 745 1594 T.
772 1525 871 1596 libros
886 1545 948 1594 non
971 1517 1031 1615 ff
1058 1518 1233 1611 ttnſsram,
1248 1520 1399 1618 sedtum

199 1621 296 1692 nulrit
317 1620 410 1694 arisit
441 1621 625 1707 uideretur,
668 1616 850 1692 narratam
874 1616 935 1712 ff
967 1639 1037 1690 cunr
1064 1618 1193 1711 reliquis
1210 1618 1332 1715 Scripr.
1357 1623 1396 1694 li·

201 1717 267 1790 ltit.
311 1715 407 1788 ldern
432 1714 478 1788 de
506 1736 527 1786 a
551 1733 588 1786 et
614 1736 633 1807 3
658 1712 829 1810 johannis
850 1713 1012 1787 adfirmat
1037 1710 1138 1810 Orig.
1168 1736 1188 1785 a
1216 1712 1262 1786 ud
1293 1714 1398 1807 Eos..

201 1809 320 1908 etipse
345 1808 452 1900 Eos,
491 1807 578 1884 locis
608 1806 734 1884 citatis.
784 1805 975 1905 Dionysius
1005 1831 1077 1917 quo
1102 1832 1146 1880 ue
1225 1830 1280 1886 ex.
1305 1811 1400 1906 apud

201 1905 269 1982 Eus.
291 1908 356 1982 Vl:
385 1927 447 1996 25.
481 1928 539 1978 eas
562 1903 715 2000 Johanni
748 1907 855 2002 vulgo
883 1903 1032 1983 adscribr
1063 1831 1237 1979 oiservat.
1283 1906 1400 1982 Acce·

202 2001 266 2090 dit,
301 2001 336 2076 in
359 1999 603 2099 antiquissumis
625 1996 726 2076 Vers.
760 2002 836 2098 Syr.
860 1999 944 2074 Mil.
969 2022 1038 2101 nee
1067 2023 1145 2090 eas,
1176 2019 1254 2074 'nec
1287 2004 1400 2081 ePet.

207 2115 240 2168 et
259 2097 354 2194 Judae
381 2098 554 2174 inveniri.
601 2097 838 2171 innotuerunt
872 2094 1013 2192 quidem
1038 2094 1308 2192 Antiquioribus
1337 2100 1401 2174 Pa·

204 2191 312 2281 tribuo,
334 2193 393 2269 sed
424 2191 568 2283 eodem,
600 2215 670 2289 quo
693 2193 760 2289 Ep.
786 2193 963 2267 Barnabae
981 2208 1051 2266 etc.
1075 2192 1272 2268 habuerunt
1295 2194 1398 2270 loco:

201 2287 245 2361 oti
270 2288 308 2363 de
332 2290 448 2364 Clem.
480 2289 582 2362 Alex.
607 2287 838 2364 adserit'Eus.
865 2286 933 2362 Vl:
956 2280 1019 2378 '14.
1066 2285 1229 2367 Irenaeus
1259 2306 1400 2384 tamen,
1529 2330 1532 2336 ,

201 2385 374 2480 quodnon
396 2383 520 2460 nullius
544 2381 616 2475 est,
638 2407 718 2458 cum
736 2381 776 2459 in
799 2381 882 2458 Alia
913 2381 1023 2458 fuerit
1045 2382 1223 2473 versatus,
1256 2407 1313 2458 eas
1361 2409 1414 2468 o·¹

200 2477 293 2554 hanni
318 2477 446 2578 Apost.
471 2479 600 2554 diserte
625 2479 770 2571 tribuit,
795 2479 874 2554 adv.
898 2477 1014 2570 haer„
1049 2479 1070 2553 l.
1095 2480 1124 2553 1:
1154 2487 1210 2555 16.
1258 2388 1401 2578 Epirio·

200 2574 257 2650 lam
278 2577 318 2652 ad
341 2579 513 2651 Hebraeos
537 2575 688 2649 Tertull.
714 2575 759 2651 de
784 2575 950 2650 Pudicitia
983 2597 1015 2652 c.
1044 2597 1102 2650 20.
1125 2575 1290 2649 adscribit
1317 2581 1401 2654 Bar·

201 2674 305 2750 trabae.
351 2674 540 2762 irenaeus,
583 2689 619 2744 et
652 2670 891 2770 Hippolytus,
933 2668 1021 2747 teste
1053 2671 1234 2768 Stephano
1260 2673 1402 2747 Gabaro

200 2768 279 2863 apud
300 2770 404 2843 Phot.
438 2768 516 2843 cod.
554 2790 623 2861 232
649 2770 789 2843 Paulum
826 2791 895 2876 pro
928 2786 1052 2843 autore
1082 2789 1154 2841 non
1188 2766 1400 2844 habuerunt.

201 2863 364 2939 irenaeum
392 2865 424 2937 Ε
449 2920 458 2939 .
482 2862 523 2937 ad
552 2863 666 2937 Hebr.
691 2863 907 2951 meminisse,
948 2861 1055 2936 tradit
1081 2858 1221 2956 quidem
1244 2860 1323 2937 lius.
1348 2862 1400 2938 V:

204 2966 256 3031 sd.
277 2962 327 3035 led
350 2888 495 3035 Pauiirnr
519 2957 589 3033 effe
613 2976 794 3049 autorem,
828 2980 899 3032 non
925 2956 1044 3043 addit,
1085 2978 1154 3031 nec
1177 2955 1275 3049 cujus
1302 2960 1403 3031 au'to·

204 3052 305 3129 ritatis
323 3056 455 3144 fuerit,
490 3078 571 3129 cutm
596 3053 645 3129 ib.
669 3054 818 3143 referat,
853 3076 934 3128 eurn
951 3050 1153 3148 sapientiam
1175 3052 1307 3128 salom.
1326 3077 1402 3129 rne-
1493 3090 1505 3113 κ

198 3150 340 3227 moruile.
391 3151 494 3247 Cajus
508 3172 672 3247 quoque,
699 3152 883 3249 presbyter
900 3149 1032 3242 Rom,
1055 3145 1124 3224 see.
1145 3148 1192 3222 11.
1217 3145 1312 3224 circa
1327 3174 1405 3225 me·

199 3246 301 3338 dium,
324 3250 479 3321 tredecim
511 3266 646 3320 tantum
671 3245 780 3344 Epist.
805 3244 968 3321 adscribit
991 3243 1117 3331 PauIO,
1152 3243 1242 3318 nulla
1265 3246 1332 3344 Ep.
1359 3244 1404 3322 ad

200 3342 301 3420 Hebr.
324 3342 456 3440 injedia
480 3341 684 3419 mentione:
718 3344 891 3443 Origenes
913 3362 1001 3415 vero
1025 3343 1198 3415 materiam
1221 3339 1295 3437 ejus
1318 3345 1404 3441 Pau·
1436 3360 1444 3373 ·

200 3438 425 3528 invindicta,
458 3436 539 3526 sed,
568 3438 717 3515 formam
741 3460 779 3515 et
803 3436 1031 3536 scriptionem
1060 3436 1102 3510 ab
1129 3434 1200 3509 alio
1224 3436 1294 3511 effe
1321 3460 1405 3536 pro·
1450 3473 1481 3499 -·

199 3534 338 3625 lenm,
372 3533 479 3609 dicit:
519 3532 600 3609 Eos.
628 3538 695 3611 Vl:
725 3558 783 3627 25.
808 3536 867 3611 ubi
900 3532 984 3607 rllud
1008 3530 1306 3607 animadverfione
1328 3534 1406 3631 dig·

193 3652 273 3706 num
296 3630 479 3729 adjungit,
501 3639 633 3729 ἀρχαίη
656 3636 816 3724 majores,
839 3631 982 3705 Paulum
1005 3625 1106 3702 fuiffe
1131 3645 1312 3715 autorem,
1337 3646 1405 3704 tra·

199 3724 332 3805 didisse:
373 3730 592 3803 Clementem
620 3730 724 3802 Alex.
757 3750 818 3815 ea,
857 3744 895 3801 ut
922 3723 999 3799 aliis
1030 3721 1157 3819 dubiae
1185 3720 1407 3816 autoritatis,

199 3824 287 3899 nsum
311 3824 402 3915 elie,
442 3843 559 3897 narrat
581 3822 661 3899 Eos.
695 3823 745 3898 H.
772 3822 841 3898 VI:
871 3844 941 3917 13.
961 3818 1019 3893 sed
1040 3819 1098 3901 ib.
1134 3841 1167 3893 c.
1195 3841 1251 3908 14.
1276 3819 1406 3911 refert,

199 3916 381 4015 Epistolam
405 3918 568 4017 quidem,
593 3916 781 3994 secundum
805 3920 1046 4006 Clementem,
1071 3911 1141 3988 effe
1166 3938 1187 3987 a
1209 3914 1314 3987 Paulo
1328 3916 1407 3989 He·

200 4012 311 4093 braice
336 4014 524 4113 scriptam,
563 4015 622 4089 sed
654 4016 793 4091 aLuca
829 4015 868 4088 in
895 4014 1064 4089 Graecam
1087 4010 1243 4106 linguam
1269 4008 1407 4083 transsa-

189 4124 275 4188 tam.
322 4110 382 4190 Est
406 4132 546 4211 quoque
571 4110 691 4210 magni
717 4109 914 4285 nssoffimi’
949 4108 1168 4187 Clementem
1192 4106 1299 4179 Rom.
1322 4104 1409 4183 111111-
