3609 5500
271 424 1682 752 -ι-

685 1007 688 1012 .
734 1011 737 1017 ,
779 905 784 912 ’
843 932 952 1026 Serui.
978 903 1034 1007 rr

336 1105 417 1182 didit
438 1101 652 1199 sedatiores,
678 1109 842 1185 corcella
859 1108 939 1206 ipsis
958 1107 1237 1185 circumcisione.
1286 1108 1469 1206 Regnavit
1487 1131 1564 1187 an·-

335 1225 390 1279 ros
413 1224 473 1298 23.
497 1226 578 1280 cum
602 1205 806 1297 Hadriano,
852 1223 889 1280 et
920 1208 1009 1281 solus
1035 1230 1094 1281 22.
1129 1229 1210 1280 cum
1240 1203 1376 1302 aliquot
1401 1205 1542 1301 Meus,

329 1300 716 1377 mmmafflssm

361 1394 394 1493 s.
421 1393 491 1471 lV.
523 1396 676 1491 Excepit
700 1395 813 1492 ipsum
831 1399 975 1471 Murcus
999 1398 1172 1486 Aurelius,
1197 1395 1303 1471 etiam
1330 1394 1409 1491 post
1425 1398 1540 1474 Anto·

323 1489 397 1565 uini
423 1491 480 1568 Pii
504 1512 655 1566 mortem
679 1493 865 1587 adpellatus
888 1494 1109 1582 Antoninus,
1133 1494 1207 1564 imo
1233 1493 1333 1581 Pius,
1359 1491 1440 1564 alias
1464 1495 1540 1589 epi·

321 1587 425 1663 theto
452 1585 657 1682 Philosophi
680 1607 840 1677 ornatus,
873 1588 974 1660 etin
1000 1587 1215 1662 consortium
1243 1585 1373 1684 inperii
1390 1586 1550 1662 adscivit

327 1683 479 1756 Lucium
502 1682 687 1756 Aurelium
709 1684 867 1771 Verum,
899 1703 1003 1757 autea
1028 1683 1259 1757 Commodum
1283 1681 1437 1773 dierum,
1472 1705 1541 1758 nec

317 1796 436 1852 tamen
457 1776 655 1866 Caesarem,
679 1777 739 1850 sed
763 1776 982 1875 Augustum,
1009 1777 1254 1869 renunciavit,
1276 1781 1405 1869 itaut,
1441 1800 1541 1855 novo

322 1872 508 1968 exemplo,
530 1874 604 1947 duo
629 1872 764 1945 fuerint
785 1875 1007 1947 inRomano
1034 1875 1179 1970 lnperio
1204 1872 1375 1969 Augusti,
1410 1874 1467 1948 sed
1486 1873 1539 1949 di·

319 1968 524 2044 verliffimae
548 1966 686 2041 indolis.
736 1966 864 2043 Lucius
886 1969 982 2043 enim
1007 1972 1125 2044 Verus
1149 1969 1309 2066 ignaviae
1329 1970 1538 2045 etlururiae

321 2063 422 2138 vitiis
442 2063 478 2139 se
499 2061 676 2158 praestitit
699 2062 886 2155 infamem,
918 2065 1062 2137 Marcus
1087 2088 1173 2137 vero
1195 2062 1264 2137 fuit
1290 2063 1402 2138 omnis
1427 2065 1538 2139 virtu·

319 2159 365 2233 tir
390 2157 581 2248 studiosus,
606 2158 774 2249 liberalis,
810 2159 1003 2233 litterarum
1037 2160 1171 2250 cultor,
1203 2158 1345 2256 scriptis
1368 2182 1537 2257 quoque,

295 2279 406 2351 ,quae
435 2254 634 2351 supersunt,
669 2254 800 2344 clarus,
841 2253 929 2329 lenis
964 2271 1002 2327 et
1033 2255 1231 2328 mansuetus
1258 2257 1296 2327 in
1320 2253 1465 2329 aliorum
1484 2255 1538 2328 fe·

302 2347 441 2441 ,modis
466 2348 589 2437 vitiis3
618 2367 773 2424 attamen
798 2348 894 2424 simul
920 2348 1042 2442 sortis,
1070 2350 1130 2423 ubi
1156 2374 1245 2444 opus
1268 2368 1365 2439 erat,
1396 2370 1432 2424 et
1451 2348 1539 2424 stre·

319 2469 419 2522 nerra
469 2443 669 2517 Parthicum
692 2466 773 2518 cum
784 2445 1008 2541 Vologaeso,
1033 2445 1238 2519 Parthorum
1262 2468 1368 2541 rege,
1403 2446 1534 2521 Roma

318 2566 400 2617 uum
418 2539 596 2635 inperium
620 2539 779 2634 graviter
802 2540 1016 2637 affligente,
1043 2541 1169 2613 bellum
1186 2564 1251 2636 per
1268 2559 1415 2636 quatuor
1432 2542 1534 2639 geffit

284 2651 446 2728 ,annosj
487 2638 530 2708 ab
563 2659 594 2709 a.
621 2642 663 2707 61
693 2635 735 2708 ad
761 2644 819 2725 65.
853 2655 912 2723 et,
958 2635 1109 2709 vidioria
1145 2654 1346 2731 reportata,
1388 2657 1536 2735 uterque

317 2733 356 2808 ln
405 2748 504 2806 rator
519 2729 736 2826 triumphum
753 2730 849 2827 egit,
875 2755 920 2805 ac
934 2730 1072 2806 titulum
1084 2733 1252 2820 Parthici,
1276 2752 1313 2805 et
1323 2733 1533 2824 Armeniaci,

370 2830 413 2902 't.
472 2826 604 2898 Bellum
640 2824 768 2899 deinde
798 2849 878 2900 cum
910 2824 1172 2900 Marcomannis
1204 2848 1242 2900 et
1272 2827 1431 2929 Quadis,
1474 2831 1536 2904 seu

317 2920 498 3015 Mutavit,
516 2921 705 3009 Rubentis,
731 2919 878 3011 Silesris,
900 2940 938 2994 et
962 2922 1055 3012 aliis,
1079 2925 1199 3019 gellit,
1219 2945 1263 2994 eo
1288 2922 1395 2996 etiam
1420 2926 1536 2998 norni-

318 3022 541 3106 lrtcelebre,
567 3017 661 3113 quod
678 3016 835 3091 mirabile
850 3017 1098 3091 Providentiae
1124 3017 1301 3113 specimen
1327 3018 1434 3091 luerit
1458 3020 1532 3093 edi·

316 3128 413 3205 tum,
442 3118 481 3186 in
509 3135 595 3207 aqua
616 3111 731 3185 subito
758 3112 998 3208 suppeditata,
1022 3135 1105 3183 cum
1130 3113 1204 3207 ejus
1230 3111 1377 3207 penuria
1400 3113 1533 3189 labora·

316 3208 375 3283 vit
389 3208 584 3297 exercitus,
608 3207 703 3279 etad
727 3205 854 3280 incitas
870 3226 946 3279 erat
961 3205 1138 3294 redasius,
1165 3229 1324 3279 unacum
1383 3206 1534 3301 audine,

317 3303 411 3402 iguis
430 3302 585 3401 speciem
605 3302 837 3396 praeferente.
889 3300 971 3470 on
985 3298 1102 3373 hostes
1133 3299 1170 3373 in
1187 3300 1305 3395 sugam
1321 3231 1390 3374 aiii
1436 3326 1532 3401 mag·

297 3409 396 3485 snam
419 3418 556 3496 partem
574 3395 765 3492 perierunt.
813 3398 917 3471 Fabel
931 3419 986 3469 am
1009 3396 1194 3470 adsuerunt
1210 3395 1396 3472 Christiani
1421 3400 1465 3473 de
1480 3400 1532 3475 le»⁴

311 3494 445 3595 -giorre,
468 3516 514 3566 ex
538 3489 745 3565 Christianis
767 3491 969 3581 constante,
993 3492 1090 3587 cujus
1112 3491 1276 3589 precibus
1297 3491 1379 3567 illud
1401 3520 1532 3595 accep·

308 3586 388 3665 nrm
413 3588 598 3663 ferendum
623 3605 719 3676 erat,
760 3584 845 3660 inde
859 3586 1094 3681 fulrnr‘norrirr
1117 3588 1304 3683 adpellata,
1345 3607 1384 3661 et
1411 3593 1531 3669 Marci

311 3683 471 3783 ¹Epistola
503 3683 545 3755 ad
577 3685 761 3771 Senatum,
801 3682 883 3756 Deo
909 3683 1185 3758 Christianorum
1215 3683 1297 3756 illud
1330 3684 1529 3769 tribuentis.

308 3782 370 3857 'De
387 3804 459 3878 quo
484 3775 603 3875 postea
628 3776 688 3851 suo
706 3780 796 3851 loco.
849 3780 1010 3875 Contigit
1035 3779 1118 3851 illud
1141 3801 1234 3852 anno
1253 3780 1434 3871 nanneni,
1458 3782 1527 3860 sec.

305 3898 372 3970 70.
398 3898 480 3948 nam
498 3873 630 3968 primus
653 3892 761 3945 annus
784 3871 854 3946 fuit
878 3898 945 3969 per
980 3892 1133 3947 mortem
1159 3872 1283 3962 Lucii,
1326 3875 1361 3947 in
1396 3880 1455 3950 via
1470 3901 1536 3974 per

302 3971 552 4071 apoplexiam,
579 3966 758 4063 postquam
772 3988 852 4042 aun.
869 3990 906 4059 9.
929 3966 1150 4080 praefuisset,
1175 3969 1401 4066 interceptus.
1451 3976 1533 4071 lpse

304 4090 396 4143 vero
419 4068 575 4139 Marcus
607 4065 850 4159 inperatorem
885 4083 962 4176 egit
1000 4085 1112 4137 annos
1148 4088 1204 4157 19.
1240 4084 1398 4139 mortuus
1436 4092 1533 4144 anno

296 4163 376 4240 ⁷sec.
405 4170 512 4241 8omr.
561 4158 728 4233 succeffit
760 4157 854 4233 iilius
884 4184 996 4256 eJuse
1021 4157 1179 4235 Faustina
1197 4160 1238 4234 L.
1264 4161 1416 4235 Aurelius
1437 4166 1529 4240 Com*

296 4259 444 4349 floardus,
477 4255 536 4351 qui
561 4256 804 4352 Inperatorum
832 4256 935 4354 hujus
959 4256 1025 4330 sec.
1051 4255 1178 4329 sarnam
1203 4256 1303 4343 valde
1319 4256 1530 4334 obscuravit.

273 4356 432 4471 ”Parma
456 4351 618 4450 quidem,
658 4366 697 4425 et
717 4349 845 4430 statura
855 4351 1037 4523 Xcorporis
1067 4352 1318 4451 pulcherrimus
1342 4350 1530 4443 omniurn,

275 4484 306 4511 ..
898 4470 924 4521 χ
947 4472 970 4549 3
