3609 5500
276 976 350 1066 ξοδ
678 962 824 1065 ffifluria
847 961 980 1069 Eccles.
1008 961 1122 1065 (Μ.

277 1147 396 1227 tolicis
419 1145 566 1248 scriptas
596 1148 785 1245 praecipue
811 1147 988 1240 intendit,
1022 1168 1061 1224 et
1083 1137 1192 1224 'Clem
1216 1139 1321 1225 Alex.
1345 1140 1503 1248 mysticas

277 1271 320 1324 ac
336 1246 554 1322 sublimiores
578 1244 763 1333 scientias,
788 1244 1047 1341 acScripturae
1077 1247 1403 1342 interpretationes
1447 1247 1501 1321 Ex

278 1344 404 1453 quibus
430 1341 611 1434 omnibus,
645 1359 812 1437 quantum
835 1364 855 1413 a
878 1341 1251 1417 &thusco-Romanis
1276 1339 1429 1432 distent,
1453 1339 1502 1415 sr-

278 1440 359 1633 eug.
374 1439 418 1607 ali
443 1458 530 1607 appr.
541 1531 598 1603 De
623 1526 811 1604 divinitate
835 1528 984 1621 Christi,
1016 1556 1038 1606 a
1061 1530 1258 1606 Veteribus
1283 1521 1424 1627 agnitu,
1460 1545 1511 1606 ut:

279 1628 324 1706 ad
373 1626 554 1725 rincipalia
571 1623 655 1695 fidei
681 1625 896 1699 Christianae
920 1626 1085 1725 dogmata
1109 1626 1316 1723 explicanda
1333 1649 1511 1723 pergam.

279 1743 320 1800 et

380 1724 546 1809 rinitate,
571 1740 758 1817 antequam
774 1746 873 1818 agam
888 1720 1102 1811 distinctius,
1135 1742 1173 1794 et
1195 1743 1261 1819 per
1277 1723 1422 1797 Parrum
1438 1719 1511 1797 sm·

258 1858 261 1866 .
280 1820 440 1917 gulorum
458 1815 585 1911 scripta
600 1839 696 1906 eam,
714 1817 888 1912 generalia
897 1820 1083 1914 quaedam,
1102 1819 1145 1890 ad
1162 1817 1270 1891 fidem
1287 1816 1511 1891 Christiano·

279 1938 358 1988 rum
382 1914 448 1986 hac
472 1930 572 2007 parte
597 1910 921 2003 demonstrandam,
954 1911 1175 2010 praemittam
1197 1932 1424 2009 argumenta,

281 2008 479 2083 Gentilium
496 2004 723 2095 testimoniis,
740 2029 781 2080 ac
796 2009 954 2100 aliunde,
973 2010 1097 2105 petita.
1122 2007 1253 2081 Plinius
1274 2007 1313 2080 in
1329 2006 1511 2082 nntiffi-

281 2103 341 2178 illa
366 2104 411 2175 de
435 2098 640 2174 Christianis
664 2100 765 2196 epist.
792 2124 851 2195 97.
876 2104 936 2179 lib.
962 2106 1007 2177 X.
1032 2103 1074 2176 ad
1102 2101 1313 2198 Trajannm,
1355 2102 1497 2192 diceus¹

278 2222 410 2276 cutmen
425 2194 541 2290 secum
564 2198 699 2268 invicem
719 2198 794 2269 Cleri
823 2222 861 2286 o,
890 2199 982 2296 quast
996 2199 1087 2283 Det,
1119 2222 1235 2274 canere
1246 2197 1380 2294 solent,
1413 2199 1511 2273 clm

245 2335 247 2339 ·
278 2291 470 2391 significat,
497 2313 580 2362 eum
602 2312 669 2386 pro
693 2292 775 2365 Deo
798 2292 900 2368 fuisse
928 2319 948 2369 a
974 2291 1178 2369 Christianis
1193 2294 1354 2368 habitum
1374 2310 1413 2366 et
1430 2294 1511 2368 cul-l

279 2409 376 2477 tum,
423 2383 493 2479 uafi
509 2386 603 2460 enirn
619 2388 721 2476 Deo,
748 2388 843 2461 idem
871 2387 922 2463 est
938 2413 979 2465 ae
1004 2406 1041 2462 ut
1064 2389 1154 2478 Deo,
1180 2388 1266 2462 sicut
1283 2391 1401 2463 locum
1419 2411 1511 2475 cun:

278 2483 319 2558 in
344 2414 478 2558 lenium
504 2480 631 2557 citavit
662 2483 812 2560 Tertull.
845 2484 884 2557 in
918 2487 1071 2581 Apolog.
1105 2505 1135 2556 c.
1170 2506 1203 2556 2.
1257 2482 1365 2585 Quod
1401 2484 1511 2559 idem

279 2577 416 2652 indicat
447 2577 563 2652 Celsus
577 2578 668 2673 apud
694 2580 839 2673 Origen.
873 2602 997 2654 contra
1022 2602 1103 2652 eum
1119 2578 1177 2653 lib.
1202 2582 1232 2655 I.
1257 2604 1293 2675 p.
1318 2601 1379 2669 51.
1405 2577 1511 2656 etll]

278 2695 317 2771 p.
342 2678 400 2746 62.
427 2669 487 2743 ubi
512 2694 557 2745 err
584 2691 704 2745 mente
723 2673 996 2750 Christianorum
1013 2671 1189 2747 Christum
1204 2674 1354 2771 adpellat
1369 2674 1491 2766 Deum,

278 2789 386 2845 etex
416 2790 460 2840 eo
484 2768 664 2935 principio
698 2791 824 2845 contra
851 2794 913 2843 eos
936 2788 1208 2867 argumentatur.
1255 2769 1511 2867 Denique-am

280 2885 339 2940 tor
373 2863 576 2947 Cathorcus
608 2863 701 3030 apud
734 2865 814 2940 Eus.
850 2867 899 2940 H.
936 2867 985 2940 V:
1023 2874 1080 2945 28.
1112 2888 1191 2939 cum
1221 2865 1501 2959 Artemonitac2

280 2957 457 3037 Christum
483 2963 526 3033 ab
559 2958 712 3033 Eccesra
740 2959 841 3035 fuisse
866 2962 986 3035 nudum
1020 2963 1175 3034 leunsinem
1207 2959 1368 3036 habitum
1393 2963 1511 3061 usque

280 3060 324 3134 ad
343 3080 479 3154 tempus
495 3054 675 3146 Victoris,
695 3056 928 3131 tertiidecimi
945 3055 1111 3154 Episcopi
1131 3056 1303 3141 Romani,
1321 3055 1510 3153 pollentii.

280 3157 364 3229 dem
392 3149 492 3226 soille
517 3153 717 3241 alteratam,
749 3174 787 3227 et
813 3153 952 3228 Christo
985 3151 1209 3226 divinitatem
1237 3152 1375 3242 datam,
1411 3177 1511 3229 con·

279 3251 489 3336 tenderent,
515 3271 576 3321 eos
600 3249 755 3343 pluribus
777 3248 963 3335 refutavit',
982 3272 1026 3321 ex
1042 3249 1177 3320 Parrum
1202 3245 1412 3345 testimoniis
1429 3268 1511 3323 nur:

279 3362 436 3431 tantum,
455 3341 513 3414 sed
532 3361 569 3414 et
577 3343 713 3414 Psalmis
728 3366 769 3416 ac
777 3345 925 3417 canticis
940 3343 1104 3431 fratrum3
1123 3342 1214 3416 unde
1229 3341 1363 3438 liquet,
1382 3344 1511 3419 Chris·

280 3450 358 3513 tum
390 3437 429 3509 in
455 3435 596 3531 hymnis
622 3437 796 3524 fidelium,
837 3437 956 3532 puffim
981 3457 1020 3509 ut
1035 3439 1151 3510 Deum
1169 3436 1238 3511 else
1262 3439 1511 3529 celebratum

278 3533 367 3609 ficut
391 3553 437 3604 ex
461 3530 574 3603 Plinio
590 3529 696 3603 modo
713 3529 845 3605 notavi.
886 3529 1102 3624 Lucianum,
1136 3533 1193 3606 uel
1211 3551 1371 3607 autorem
1387 3533 1511 3610 dialo·

305 3628 318 3702 i
350 3625 441 3698 inter
464 3647 571 3718 opera
593 3623 757 3712 Luciani,
799 3623 859 3721 qui
884 3627 1080 3720 Philopatrls
1115 3627 1334 3717 inscribitur,
1376 3631 1511 3707 ubies:

278 3655 350 3800 ide
385 3720 660 3795 Christianorum
694 3723 1054 3813 memoratorium,
1099 3725 1195 3796 Deus
1220 3725 1420 3820 supremus,
1444 3727 1511 3800 hi-

280 3822 346 3894 lit'tr
370 3816 500 3905 Putris,
533 3834 570 3887 et
592 3815 734 3908 Spiritus
760 3839 804 3888 ex
825 3818 927 3889 Patre
951 3819 1149 3913 proseelus,
1175 3844 1256 3891 unus
1273 3843 1290 3890 e
1309 3823 1441 3912 tribur,
1468 3835 1511 3901 ιε

279 3940 323 3989 eu
348 3917 519 3999 oretria,
552 3913 601 3981 ita
625 3928 660 3982 ut
680 3914 746 3982 triu
761 3909 831 4003 fint
855 3937 952 3987 uuttm
977 3934 1014 3987 et
1032 3940 1126 3987 unum
1147 3917 1233 4003 tria,
1259 3916 1380 3987 lubens
1397 3939 1511 4012 prae·

279 4006 459 4094 termitto,
485 4005 670 4101 quiaautor
688 4004 738 4078 est
755 4008 930 4095 incertus,
962 4027 1000 4079 et
1016 4010 1172 4082 Luciano
1193 4007 1392 4103 posterior,
1423 4011 1500 4089 srve

279 4107 340 4182 sub
366 4098 553 4172 Aureliano
577 4097 727 4189 vixerit,
771 4100 822 4173 uti
851 4126 896 4176 ex
922 4101 1097 4176 historicis
1121 4103 1377 4178 charasteribus
1400 4106 1500 4183 eruit

278 4203 330 4274 Lu
353 4198 463 4271 Croze
487 4194 522 4268 in
549 4193 708 4267 thesauro
733 4195 865 4292 Epist,
898 4222 933 4292 p.
963 4199 1049 4286 Ill.,
1075 4197 1148 4272 srve
1174 4197 1233 4270 sub
1252 4201 1415 4295 Juliano,
1453 4220 1495 4276 ut

279 4292 398 4369 multis
422 4290 572 4464 dispptat
597 4289 770 4367 Gesnerus
794 4291 832 4369 iu
865 4291 1018 4369 tractatu
1050 4297 1094 4374 de
1128 4313 1264 4386 aetate,
1305 4317 1342 4369 et
1372 4315 1502 4370 autore

277 4388 470 4490 Philoputri
494 4386 528 4464 ἐ.
992 4474 1003 4490 ,
1140 4460 1143 4466 ,
1445 4473 1447 4476 ,

279 4534 285 4543 -
1294 4488 1327 4589 l.
1353 4486 1500 4573 LVIII,
