3609 5500
643 736 751 818 secut.
773 733 850 815 ΙΙΙ.
1288 732 1367 838 889

164 919 293 1023 jubente
308 912 476 1009 diacono,
500 911 584 993 illud
601 912 652 993 fas
675 936 772 995 enarr
797 938 839 994 ut
853 916 963 996 habet
984 938 1063 998 can.
1088 940 1206 1001 tomus
1227 922 1360 1000 laodi-

166 1040 270 1092 cenus.
316 1019 482 1089 Ceterum
515 1037 680 1089 numerus
706 1038 830 1089 eorum
863 1038 928 1111 per
950 1039 1074 1093 omnes
1095 1020 1266 1096 Ecclesras
1289 1042 1361 1095 nec

165 1112 249 1190 idem
271 1109 356 1201 fuit,
396 1132 464 1187 nec
488 1110 667 1193 definitus.
714 1111 757 1183 in
785 1111 892 1189 variis
922 1130 1022 1187 eram
1047 1112 1196 1209 septem,
1227 1116 1272 1190 ad
1298 1138 1361 1193 ex·

166 1210 298 1307 emplum
320 1204 571 1295 institutionis,
611 1225 652 1279 ut
676 1206 882 1303 putabatur,
916 1205 1145 1307 apostoncae
1175 1210 1257 1285 A&
1283 1212 1359 1288 Vl.

162 1304 258 1477 guod
282 1304 324 1379 de
348 1302 503 1377 Ecclefia
525 1302 685 1377 Romana
710 1302 856 1377 testatur
879 1304 1064 1379 Cornelius
1084 1305 1178 1401 apud
1199 1304 1281 1380 Eus.
1308 1306 1363 1381 H.

199 1404 224 1476 l:
247 1422 303 1493 43.
328 1417 366 1471 et
390 1401 434 1473 de
450 1397 687 1474 Alexandrina
710 1398 750 1473 in
775 1398 884 1475 initio
907 1402 1058 1475 Severus
1080 1401 1362 1491 Alexandrinus,

164 1498 230 1573 vid.
254 1498 420 1593 Bevereg.
443 1496 486 1579 ad
510 1514 636 1569 canon.
659 1494 1001 1572 Neo-Caesareent:
1024 1495 1085 1571 sed
1102 1496 1176 1572 lroc
1199 1515 1364 1595 tempore

155 1592 205 1670 ibi
237 1610 375 1689 oportet
404 1593 519 1689 plures
549 1590 710 1665 fuerint:
750 1592 873 1691 utique
905 1616 1017 1668 nonem
1044 1610 1283 1668 memorantur
1314 1592 1364 1667 ors

157 1688 384 1764 Arianismum
424 1684 720 1763 excommunicati
761 1688 799 1761 in
839 1690 908 1786 Ep.
949 1684 1131 1786 encyclica
1169 1687 1364 1763 Alexandri

155 1783 244 1882 apud
270 1781 450 1860 Theodor.
484 1784 534 1859 H.
558 1783 588 1854 1:
612 1804 646 1873 4.
694 1782 824 1857 Tradit
856 1806 998 1881 quoque
1021 1778 1162 1859 Sozom.
1194 1784 1247 1859 H.
1272 1785 1362 1859 Vll:

157 1904 211 1971 19.
257 1880 392 1953 Rornae
441 1878 556 1955 uidem
576 1877 698 1974 [sptem
724 1880 817 1972 elie,
847 1880 909 1957 sed
933 1879 1011 1956 aliis
1033 1880 1071 1959 in
1094 1878 1184 1954 locis
1208 1902 1284 1956 non
1306 1878 1364 1955 iu·

151 1976 212 2052 ilie
238 1998 397 2049 numerum
417 1904 599 2076 definitum.

198 2070 228 2171 i.
251 2071 457 2150 LXXXIV.
488 2072 631 2147 Praeter
656 2068 838 2147 Diaconos
856 2072 932 2171 jam
962 2072 1036 2151 hoc
1065 2070 1183 2149 seculo
1217 2069 1363 2151 fuerunt
1507 2049 1511 2057 ’

150 2170 260 2268 plures
283 2166 341 2241 alii
365 2166 544 2242 inferioris
566 2164 701 2241 ordinis
717 2165 869 2259 Clerici,
893 2168 947 2244 uti
972 2166 1207 2259 Su'odiaconi,
1231 2166 1363 2242 Lecto·

149 2288 222 2354 rea,
256 2266 444 2356 Cantores,
482 2260 706 2373 Errorcistae,
737 2263 932 2373 Aeolutlri,
964 2260 1128 2355 Ostiarii,
1169 2260 1364 2376 partimin

149 2358 729 2625 {tantumtantum
746 2359 1367 2568 llllllnl‘dilflilfigf

168 2576 187 2624 e
232 2554 333 2625 uibus
356 2551 397 2625 ad
415 2550 482 2626 sec.
508 2552 655 2647 sequens
680 2550 845 2625 nonnulla
863 2552 1042 2641 monebo,
1066 2552 1127 2625 ubr
1141 2551 1367 2649 Drscrplrnae

148 2576 406 2723 Eccienasticae
433 2643 688 2722 adcurationem
718 2668 857 2758 quoque
891 2645 983 2721 dabo
1016 2646 1203 2739 notitiam,
1241 2670 1366 2747 quate·

148 2767 207 2818 nus
233 2764 270 2816 et
287 2742 358 2816 hoc
384 2739 450 2819 sec.
476 2760 640 2839 exparte
663 2739 833 2828 obtinuit.
883 2742 943 2818 De
966 2741 1088 2818 litibus
1107 2740 1152 2816 ad
1175 2765 1254 2819 eam
1276 2771 1363 2842 per·

148 2839 340 2915 :inentibus
358 2836 483 2949 postea
505 2859 680 2934 exponam
705 2837 770 2912 suo
795 2838 896 2927 loco,
923 2857 964 2913 ut
983 2857 1021 2912 et
1036 2837 1081 2911 de
1096 2835 1239 2933 synodis
1251 2864 1363 2939 prop·

148 2957 260 3024 enea,
292 2951 333 3006 er
356 2956 392 3007 tn
418 2931 516 3008 causa
539 2931 751 3023 haeresium,
790 2933 932 3010 habitis.
980 2933 1099 3106 Qiaoe
1120 2931 1164 3004 ad
1188 2932 1299 3010 vitam
1324 2957 1367 3016 et

148 3055 239 3103 nores
270 3025 570 3120 Christianorum,
594 3030 655 3104 ieu
674 3045 825 3126 quartam
847 3047 987 3131 partem
1041 3025 1184 3106 cesenae
1200 3027 1367 3124 edentia

149 3145 227 3218 em,
252 3146 383 3230 pergo.

530 3315 662 3397 VITA
683 3313 754 3390 ΕΤ
785 3317 972 3396 MORES.

183 3511 217 3612 §.
244 3510 434 3586 LXXXV.
468 3511 590 3587 Parum
616 3510 683 3586 hac
711 3531 814 3610 parte
847 3509 985 3605 habeo,
1026 3513 1121 3612 quod
1153 3511 1261 3591 didlis
1290 3515 1367 3598 secl

150 3613 210 3684 Ida
236 3605 383 3694 addam,
408 3605 473 3681 nili
497 3609 569 3682 hoc
591 3631 722 3697 unum,
744 3607 870 3682 statum
895 3606 1091 3698 Eccleliae,
1115 3611 1270 3684 maxime
1294 3611 1366 3685 cir·

148 3729 174 3778 a
200 3698 363 3774 medium
388 3699 478 3790 sec.,
501 3701 621 3775 minua
638 3701 738 3774 fuiffe
762 3701 990 3794 laudabilem,
1039 3703 1128 3776 uoad
1155 3702 1250 3778 vitae
1265 3703 1366 3801 puri·

148 3819 275 3886 atem,
304 3814 343 3869 et
367 3793 511 3871 virtutis
534 3793 760 3872 exercitium.
811 3793 961 3892 Origen.
1052 3797 1189 3873 Marth.
1214 3821 1251 3895 p.
1275 3821 1364 3890 420.

148 3919 220 3986 41.
249 3891 308 3967 ed.
326 3891 458 3983 Huet.,
482 3889 627 3983 fastum,
652 3890 871 3990 superbiam,
895 3891 1043 3968 aliorum
1059 3911 1300 3985 contemtum,
1325 3914 1366 3972 et

148 3987 368 4090 yrannidem
392 3987 429 4063 in
454 3987 670 4064 Restm-ibus
691 3987 869 4065 Ecclesiae
903 3990 1066 4081 notauit,
1111 4008 1150 4063 et
1176 3989 1273 4066 vivis
1301 3990 1366 4066 de·

148 4083 259 4170 ‚inxit
278 4082 478 4177 coloribus;
503 4082 564 4183 qui
581 4083 691 4161 etiarn
717 4085 763 4161 de
779 4084 1012 4182 corruptione
1028 4083 1304 4162 christianorum
1327 4084 1366 4166 in

148 4203 270 4286 genere
297 4178 463 4282 testatur,
501 4181 601 4260 horn.
634 4178 680 4262 X.
713 4181 755 4262 in
781 4179 912 4258 Genes.
942 4205 1045 4284 oper.
1069 4203 1155 4260 nov.
1181 4179 1226 4256 ed
1257 4199 1285 4256 n
1314 4181 1368 4258 li.

178 4273 379 4356 romuli.
773 4271 871 4353 alst
1205 4293 1244 4380 p·
1268 4281 1373 4362 86¹³
