3609 5500
318 942 395 1017 432
683 923 688 930 ·
714 896 870 1000 'ffiflnia
891 892 1022 1001 Eccles.
1048 900 1163 1002 ciust.

319 1097 369 1172 t'es
394 1094 593 1169 retrudatis
615 1080 893 1180 demonstrabunt,
919 1081 1048 1180 inquit.
1098 1083 1159 1157 Sic
1182 1078 1220 1156 in
1236 1090 1371 1180 gen‘ere
1394 1083 1544 1183 quidem

317 1215 418 1270 mens
442 1188 591 1262 Tertull.
617 1181 786 1278 patelcit,
813 1180 870 1252 sed
889 1191 1069 1268 nondum,
1095 1201 1177 1253 num
1202 1178 1397 1274 perfectam
1412 1206 1543 1280 aequa·

317 1289 455 1364 litatem
481 1285 604 1354 harum
637 1276 862 1373 personarum
888 1275 1121 1364 crediderit„
1145 1277 1196 1349 ita
1221 1293 1259 1349 ut
1284 1276 1396 1348 Filius
1426 1297 1558 1355 totam¹

317 1383 430 1460 Patris
457 1378 637 1451 effentiam
692 1375 770 1443 lene
796 1370 985 1466 poffideat,
1019 1394 1062 1442 an
1087 1372 1267 1467 particeps
1291 1371 1438 1466 quidem
1463 1375 1544 1471 ejus

319 1478 384 1568 lit,
411 1477 469 1549 sed
496 1496 568 1544 non
590 1398 766 1567 perdide,
791 1487 849 1538 aut
874 1469 984 1538 totius
1009 1467 1223 1560 plenillime,
1249 1466 1410 1564 adeoque
1437 1469 1542 1545 Patre

320 1576 365 1650 lit
390 1570 549 1645 inferior.
601 1566 772 1649 Dixerat,
802 1559 1039 1633 differentiam
1065 1559 1135 1635 else
1158 1565 1282 1657 gradus
1306 1585 1382 1637 non
1398 1561 1541 1660 status,

320 1668 481 1751 indicio,
505 1686 585 1735 eum
611 1680 682 1733 non
706 1653 776 1731 elle
799 1661 930 1728 aliuset
954 1655 1097 1752 diversae
1120 1658 1308 1746 ell'entiae,
1333 1681 1404 1732 nec
1425 1680 1544 1739 tamen

369 1753 480 1837 rfette
505 1756 678 1852 ejusdem,
708 1770 768 1824 aut
795 1755 917 1849 plene,
950 1750 999 1824 ita
1022 1774 1060 1825 ut
1083 1754 1191 1849 gradu
1216 1753 1258 1826 fit
1283 1756 1388 1846 Ratre
1412 1757 1542 1834 minor.

361 1881 438 1933 uam
462 1877 584 1926 veram
607 1851 681 1946 ejus
712 1847 812 1921 suille
842 1846 1075 1937 sententiam,
1113 1850 1179 1924 hae
1204 1849 1293 1923 mihi
1325 1850 1541 1946 persuadent

261 1981 265 1989 ·
325 1973 492 2030 tationes.

390 2041 586 2122 ‚Lxxnn
618 2065 651 2114 a.
678 2037 851 2111 Totidem
876 2038 993 2111 verbis
1028 2036 1066 2111 in
1099 2036 1191 2112 hanc
1214 2059 1373 2114 mentem
1409 2040 1446 2116 se
1479 2065 1539 2118 ex·

321 2140 451 2243 plicuit
475 2136 552 2231 lpse
576 2153 673 2208 cont.
699 2136 798 2206 Ptax.
824 2156 855 2208 c.
881 2157 916 2225 9.
967 2137 1054 2206 Cum
1077 2135 1174 2207 enim
1199 2137 1362 2226 dixillet,
1396 2138 1538 2214 Patrem

320 2257 361 2316 et
385 2237 508 2310 Filium
534 2230 603 2302 elle
630 2229 751 2300 modulo
776 2229 880 2301 alium
908 2229 951 2301 ab
976 2229 1063 2316 alio,
1096 2226 1295 2328 subjungit,
1329 2233 1434 2307 Pater
1458 2239 1539 2307 enim

320 2350 393 2410 tota
408 2327 598 2430 substantia
620 2323 690 2422 est,
715 2324 817 2395 lilius
841 2348 914 2397 etro
938 2325 1095 2395 derivatio
1120 2328 1221 2398 toties
1243 2345 1275 2401 et
1297 2337 1427 2422 φονῆος
1449 2327 1539 2421 ficut

321 2433 399 2599 ἐρα
425 2425 614 2522 profitetur,
656 2422 732 2517 quie
756 2421 857 2493 Peter
887 2443 936 2490 me
958 2423 1065 2514 major
1090 2418 1159 2516 ‘sti
1190 2419 1243 2514 fic
1266 2423 1370 2499 Pater
1401 2427 1489 2498 alies
1517 2448 1538 2498 a

350 2531 378 2599 tl

377 2528 429 2614 it,
451 2526 526 2593 dum
549 2518 629 2590 Filio
653 2519 769 2589 ma'or.
823 2516 954 2587 Rursus
976 2536 1007 2587 c.
1036 2536 1091 2607 17.
1116 2517 1225 2606 dicit,
1251 2517 1381 2594 Filium
1397 2519 1538 2594 nondi-
1644 2516 1691 2582 ι’

320 2618 421 2702 teile
445 2617 571 2699 Deum,
596 2611 662 2708 sed
676 2541 830 2706 spiritum
856 2611 922 2681 Dei
946 2609 1130 2704 adpellari,
1159 2614 1247 2688 Luc.
1271 2616 1300 2688 1:
1328 2635 1388 2710 35.
1412 2631 1451 2689 et
1468 2613 1536 2689 De·
1685 2661 1697 2674 -

318 2736 378 2787 um
400 2708 480 2807 effi,
504 2722 659 2802 quatenus
686 2702 732 2801 est
750 2706 894 2802 spiritus
920 2704 1005 2794 Dei,
1031 2707 1169 2803 quando
1193 2706 1242 2782 fic
1264 2711 1406 2809 pergit,
1431 2711 1539 2792 dicem
1663 2748 1668 2761 ·

321 2825 433 2885 eutem
447 2806 589 2905 spiritus
612 2803 700 2890 Dei,
723 2802 783 2894 etst
798 2800 938 2897 spiritus
964 2800 1029 2872 Dei
1054 2801 1167 2893 Deus,
1201 2821 1397 2880 tamennon
1422 2807 1537 2881 direde

322 2904 433 2981 Deum
458 2902 647 2987 nominans,
666 2900 843 2989 portionem
867 2899 967 2967 totius
989 2898 1130 2992 intelligi
1153 2901 1273 2990 voluit,
1328 2926 1390 2974 uae
1415 2900 1540 3000 cqffitm

322 3016 397 3085 prat
421 3002 457 3072 itt
481 2998 558 3069 lilii
580 3015 701 3068 nonen.
753 2993 812 3066 sic
843 3011 881 3064 et
913 2990 991 3065 adv.
1017 2995 1132 3066 Marc.
1158 2996 1224 3069 lll:
1250 3003 1284 3070 6.
1307 2928 1450 3072 iatrem
1483 2998 1563 3073 ad—
1591 3020 1621 3038 ·
1713 2998 1717 3003 ’

321 3099 431 3200 pellat
453 3093 702 3190 plenitudinem,
726 3089 853 3162 Filium
873 3090 1068 3182 portioiem,
1092 3116 1154 3184 qua
1175 3092 1388 3184 plenitudinis
1415 3092 1538 3191 consor·
1557 3105 1638 3143 κ

322 3213 413 3283 ¹teet,
439 3212 477 3264 et
494 3188 600 3264 Filius
616 3188 663 3260 ib.
688 3208 720 3259 c.
748 3193 805 3258 26.
826 3192 931 3277 portio
947 3188 1045 3256 totius
1068 3204 1235 3277 vocatur,
1260 3188 1311 3261 uti
1329 3192 1366 3259 in
1384 3192 1418 3262 A
1447 3194 1537 3288 olog.
1565 3188 1653 3259 ‘2-
1723 3224 1726 3243 ‹

323 3313 358 3364 c.
385 3310 441 3360 21.
462 3301 567 3381 portio
591 3307 636 3356 ex
650 3279 792 3376 summa.
845 3285 875 3352 b.
900 3283 1035 3351 Lumen
1061 3279 1249 3355 infundunt
1273 3215 1536 3376 similitudines,
1568 3321 1622 3361 c
1653 3301 1665 3338 ⁹

324 3381 450 3478 quibus
468 3381 588 3452 utitur.
635 3379 737 3448 Pater
753 3373 803 3444 est
820 3376 936 3456 radix,
953 3373 1028 3465 sol,
1044 3373 1152 3467 sons,
1177 3379 1284 3450 Filius
1299 3403 1389 3453 vero
1393 3378 1536 3474 frutex,
1568 3415 1627 3450 ι
1643 3392 1671 3455 .’

323 3478 458 3563 radius,
476 3471 612 3567 jlznnen.
661 3467 733 3539 Etsi
759 3468 850 3538 enim
876 3473 932 3538 ἐκ.
959 3491 1010 3561 gr.
1037 3469 1149 3541 radius
1173 3472 1441 3567 sit-substantiae
1460 3453 1680 3548 ίοῙίςῦᾸς

324 3568 520 3676 particeps,
547 3586 619 3636 non
646 3560 836 3634 esttamen
865 3560 932 3652 sol,
958 3586 1023 3634 nec
1048 3586 1157 3637 totam
1176 3569 1249 3663 ejus
1265 3569 1374 3642 habet
1391 3558 1683 3650 subitan-‘13'

326 3666 436 3754 tiam,
460 3678 568 3736 itaet
594 3657 654 3734 hic
679 3653 750 3728 sese
774 3681 829 3728 res
852 3653 977 3746 habet,
1004 3679 1044 3730 ut
1070 3659 1217 3734 totidem
1242 3663 1397 3760 explieat
1421 3665 1540 3741 verbis
1558 3653 1670 3728 2⁸

325 3779 424 3837 cont.
450 3760 544 3830 Prax.
571 3776 604 3860 ⁶:
632 3775 686 3846 13.
736 3777 763 3827 c.
791 3754 889 3823 Pater
915 3752 1022 3827 habet
1046 3755 1267 3831 substantiam
1293 3761 1539 3857 principaliter
1561 3750 1670 3819 ‘1²'

319 3858 375 3931 ib.
400 3878 431 3928 c.
460 3877 491 3947 3.
540 3849 646 3920 Filius
669 3847 742 3941 ejus
765 3846 815 3919 est
841 3848 1003 3935 consors3
1028 3851 1112 3923 hinc
1136 3852 1185 3926 ait
1211 3879 1241 3930 c.
1271 3879 1325 3947 13.
1352 3872 1410 3944 ut,
1439 3856 1539 3952 ἦρα·
1563 3844 1683 3901 ‘¹‘

324 3954 406 4025 riter
429 3947 614 4019 nominandi
627 3941 768 4035 fuerunt
785 3945 887 4016 Pater
903 3965 935 4017 et
952 3948 1072 4032 lilius,
1097 3947 1202 4022 Deum
1221 3954 1351 4024 Patrem
1366 3938 1592 4044 adpellem
1632 3943 1685 4000 ¹³

324 4063 364 4120 et
388 4039 507 4137 Jesum
534 4037 688 4128 Cluilium
712 4041 886 4114 Dominum
921 4047 1095 4115 nerninem:
1120 4043 1359 4136 solennitatem
1385 4033 1685 4146 cliristnms‘ffl

321 4155 431 4241 potero
450 4136 556 4207 Deum
572 4134 699 4219 dicere,
726 4159 801 4209 nam
826 4154 857 4205 et
874 4141 997 4210 radium
1012 4137 1096 4232 stilis
1110 4139 1255 4235 seorsim
1271 4141 1374 4237 solem
1398 4151 1601 4232 vocalem
1642 4132 1682 4192 ⁴⁹

317 4237 421 4336 solem
446 4248 553 4306 autem
577 4232 761 4318 notititiam,
789 4235 883 4326 cujus
906 4231 954 4318 eli
976 4236 1107 4320 radius,
1134 4260 1194 4308 non
1223 4235 1334 4325 statim
1360 4253 1392 4310 et
1416 4243 1510 4311 radin

315 4334 422 4432 solem
446 4326 624 4425 adpellalm,
673 4321 757 4402 Vid.
783 4344 820 4398 et
844 4349 876 4401 c.
904 4346 967 4416 19,
987 4329 1047 4406 fin.
1074 4330 1134 4408 Sic
1159 4354 1191 4406 c.
1217 4356 1250 4430 3.
1277 4335 1449 4432 explicat,
1473 4317 1682 4428 (μιαίῦ18

1401 4410 1684 4512 tationeffl³e
