3609 5500
98 534 106 779 i
564 722 569 731 .
694 649 861 729 Santi.
987 668 995 675 ·
1334 672 1403 750 173

289 830 438 909 ctvn.
468 830 564 907 Petri
586 829 772 925 notitiam,
798 848 966 931 quantum
993 852 1038 905 ex
1064 830 1265 933 Euangeliis
1290 830 1406 909 hauri·
1531 826 1538 837 ’

176 934 208 1010 ri
235 928 382 1030 potest,
406 930 508 1026 supra
527 926 590 1002 suo
605 930 688 1003 ioco
710 952 791 1003 cnm
804 932 879 1028 jam
895 928 1075 1020 dederim,
1099 930 1196 1029 gesta
1214 933 1290 1031 ejus
1307 928 1404 1029 post·

177 1054 243 1120 ea,
288 1029 352 1105 ubi
384 1026 430 1099 de
466 1026 725 1125 propagatione
756 1023 939 1122 Euangelii
972 1046 1192 1103 enarraturus
1223 1032 1305 1121 sim,
1344 1028 1408 1105 hic

178 1128 225 1201 de
250 1144 375 1197 morte
399 1122 492 1214 eius,
526 1146 568 1197 ac
591 1120 864 1206 circumstantiis
886 1120 958 1195 toci
981 1141 1020 1197 et
1043 1124 1237 1220 temporis,
1279 1122 1407 1201 dixiffe

176 1220 377 1299 suffecerit.
423 1221 565 1301 Petrum
585 1217 688 1296 fuiiie
705 1219 803 1293 cruci
828 1216 1009 1309 suffixum,
1034 1242 1080 1293 en
1105 1219 1251 1297 historia
1268 1220 1403 1297 Ecctes.

179 1320 281 1395 inter
306 1338 430 1395 omnes
455 1314 612 1407 constat,
653 1336 699 1388 eo
724 1337 782 1388 ma
808 1314 837 1388 is
861 1315 955 1411 quod
984 1315 1066 1389 ittud
1098 1318 1242 1415 abipso
1266 1312 1409 1393 Christo

177 1411 295 1491 fuerit
314 1412 357 1485 ci
382 1411 633 1485 denunciatum
656 1410 739 1509 Joh.
798 1411 863 1487 xt:
893 1424 950 1498 18.
976 1410 1033 1485 his
1056 1411 1194 1491 verbis:
1220 1438 1291 1491 cum
1299 1411 1406 1511 senex

169 1510 290 1611 farris
304 1504 450 1603 fadus,
488 1512 642 1582 extendes
668 1532 785 1582 manas
817 1524 916 1597 tuas,
956 1522 990 1581 st
1014 1509 1099 1591 alius
1123 1531 1157 1585 te
1179 1516 1288 1609 cinget
1318 1514 1413 1605 (non
1448 1576 1452 1581 .

178 1626 255 1703 ram
286 1606 333 1679 ad
361 1605 572 1701 portandam
603 1624 784 1696 crucem„
807 1625 911 1700 quam
940 1602 1090 1679 vinculis
1122 1624 1160 1681 et
1191 1607 1333 1690 funibus
1365 1605 1416 1691 in

181 1699 501 1879 anstrat
518 1694 1080 1873 mttttnttnttttttt
1103 1701 1408 1891 mutatu.

182 1894 378 1983 infamem,
410 1890 471 1994 sen
498 1852 544 1969 aid
573 1910 753 1989 graveet
778 1890 1002 1969 tristiffimum
1035 1894 1148 1979 saturn
1179 1856 1405 1976 subeundum.

182 1987 353 2066 Concinit
374 1988 436 2065 Gr.
460 1988 612 2085 phrasis,
630 1988 778 2088 ’σηιφοςὲ
798 1994 997 2075 assumor,
1022 1990 1110 2067 sicut
1126 1990 1277 2069 formula
1293 2000 1343 2094 ix·
1368 2001 1409 2078 dr

175 2093 276 2173 ism
301 2088 364 2162 vel
388 2085 528 2168 nata,
552 2085 670 2162 verbis
693 2086 732 2163 in
757 2088 912 2184 speciem
934 2087 1131 2178 leniffimis,
1161 2088 1207 2164 de
1232 2090 1324 2169 tristi
1348 2116 1407 2167 ca·

182 2185 346 2259 unitate
374 2180 434 2259 seu
460 2182 668 2259 infortunio.
720 2184 808 2262 Vid.
833 2202 908 2259 not.
940 2184 982 2259 ad
1005 2184 1183 2263 Herodot.
1207 2210 1291 2264 nott.
1316 2189 1404 2268 edit.

177 2306 218 2381 p.
241 2274 350 2377 545.)
399 2278 537 2380 Quibus
567 2279 698 2355 verbia-
711 2278 836 2356 mortis
863 2302 975 2377 genus
1007 2278 1176 2371 indicari,
1223 2283 1406 2381 Iohannes

178 2376 259 2475 ipse
286 2398 382 2452 vers
411 2396 457 2467 19
480 2375 640 2451 declarat
693 2375 776 2477 Quo
798 2373 908 2451 etiarn
933 2374 1211 2463 dittumctnisti
1232 2379 1407 2479 adipsum

173 2472 267 2573 joh.
292 2472 395 2547 xnu-
419 2476 480 2566 3⁶·
505 2473 682 2569 pertinet,
702 2469 813 2571 postca
824 2472 977 2569 sequeris
1001 2494 1071 2564 mr,
1105 2472 1239 2549 scilicet
1256 2477 1294 2553 in
1310 2501 1407 2552 mor·

179 2592 233 2645 te.
281 2564 396 2641 Addit
419 2567 564 2664 quidem
595 2566 758 2659 traditio,
798 2591 898 2664 quam
932 2590 977 2644 ex
1004 2567 1165 2665 Origene
1189 2574 1405 2649 memoravit

180 2662 357 2741 Eusebius
386 2663 436 2738 H.
459 2664 503 2739 E.
527 2664 592 2740 ΙΙΙ.
623 2683 663 2747 et
691 2667 799 2741 Dem.
832 2665 898 2747 Eu.
930 2665 951 2739 Ι.
979 2667 1067 2756 ΙΙΙ.’,
1111 2683 1150 2741 ut
1181 2686 1219 2741 et
1240 2668 1407 2770 Chrysus·

179 2783 310 2838 tomus
330 2761 427 2834 hom.
454 2763 502 2834 66
525 2761 563 2836 in
593 2761 684 2835 Gen.
710 2763 820 2858 Oper.
846 2781 872 2838 t.
896 2761 989 2852 tv„
1014 2761 1147 2858 ipsum,
1180 2764 1223 2838 ad
1245 2764 1319 2858 ejus
1343 2789 1407 2860 pe·

178 2859 385 2944 titionem,
397 2878 442 2942 ne
456 2875 663 2952 aequaretur
683 2855 844 2944 Christo,
861 2855 980 2950 capite
995 2855 1155 2936 deorsum
1173 2857 1321 2930 demiffo
1338 2859 1409 2932 effe

181 2949 417 3042 ,crucifixum
441 2950 502 3025 sed
525 2951 609 3027 ittud
636 2971 710 3024 non
733 2950 879 3049 genium
906 2945 1173 3062 Apostolicum,
1205 2949 1264 3024 sed
1290 2951 1408 3048 super-

176 3045 367 3136 stitionem
389 3047 547 3139 redolet,
585 3069 654 3123 nec
676 3044 888 3122 vetustiores
923 3068 997 3142 ejus
1019 3041 1267 3121 meminerunt.
1317 3047 1408 3126 Tra·

177 3145 304 3232 ditio,
329 3142 429 3240 cujus
451 3143 560 3219 etiam
585 3143 748 3233 meminit
775 3141 978 3219 Ambrosius
999 3139 1101 3238 epist.
1126 3138 1168 3215 ad
1189 3141 1409 3220 Auxentium

177 3244 227 3318 de
245 3239 394 3334 infilicis
417 3263 479 3313 non
495 3243 682 3330 tradendis,
707 3261 794 3349 quae
811 3239 941 3328 habet,
968 3237 1142 3312 Christum
1159 3239 1264 3314 Petro
1288 3239 1409 3341 sugam
1488 3283 1491 3292 ·

181 3340 302 3414 Roma
333 3335 549 3427 meditanti,
587 3335 801 3434 adparurffe,
840 3357 990 3432 eumque
1022 3333 1069 3408 de
1104 3330 1255 3412 instante
1285 3337 1406 3414 admo·

180 3433 296 3510 nuiffe
320 3431 493 3529 martyrio
520 3435 678 3520 Romae,
719 3429 773 3506 ori
802 3427 899 3506 'nem
930 3431 1025 3504 forte
1050 3433 1190 3523 repetit,
1217 3454 1263 3506 ex
1292 3435 1407 3512 2Pet.

180 3533 214 3605 l:
242 3553 302 3620 14
317 3527 391 3618 ,ubi
409 3521 520 3619 dicit,
543 3527 737 3608 Dominum
756 3453 819 3602 fiii
841 3524 1027 3616 instantem
1053 3545 1203 3602 mortem
1229 3530 1408 3607 revetaffe.

177 3624 357 3702 ntuttrior
383 3623 436 3699 est
457 3623 503 3712 de
527 3630 594 3701 Ioco
619 3643 656 3698 et
675 3641 815 3718 tempore
838 3621 997 3718 martyrii
1025 3623 1100 3718 ejus
1123 3620 1291 3732 quaestio.
1342 3627 1408 3702 Pe·

184 3745 281 3798 trum
306 3724 448 3796 Romae
476 3743 543 3796 non
576 3740 711 3796 tantum
744 3719 847 3794 suiffe
869 3719 1041 3799 ,testantur
1062 3720 1182 3814 Papias
1212 3719 1304 3815 apud
1326 3723 1407 3802 Eus.

182 3821 233 3897 H.
265 3819 309 3893 E.
347 3821 399 3893 11:
434 3838 490 3907 15.
525 3836 561 3891 et
589 3820 753 3894 irenaeus
775 3815 855 3892 adv.
886 3817 995 3890 Haer.
1028 3815 1050 3888 l.
1085 3813 1264 3904 lll.„sed
1295 3837 1333 3892 et
1357 3821 1410 3895 ibi

182 3915 281 3992 cruci
313 3915 418 3991 fuiffe
458 3913 636 4004 adfixum,
680 3912 870 4010 Dionysius
904 3909 1167 4000 Corinthiorum
1191 3911 1407 4008 Episcopus,

187 4015 332 4088 irenaeo
356 4009 539 4112 paululum
572 4009 742 4098 inferior,
780 4006 871 4106 apud
890 4007 976 4082 nus.
1001 4009 1051 4084 H.
1077 4007 1118 4081 E.
1146 4009 1194 4080 H.
1219 4025 1256 4078 et
1280 4005 1408 4104 Orige-

182 4127 244 4188 nes
260 4111 350 4193 ibid.
376 4111 407 4188 i.
432 4103 523 4202 111,
548 4129 596 4194 no
616 4105 1142 4200 Tertullianum,‚Qlementem
1158 4103 1283 4196 Aion,
1297 4101 1411 4194 ¹alios·

785 4201 869 4300 .Ya
1344 4216 1414 4298 φο
