3609 5500
231 428 1678 739 -Ι

706 959 710 968 ’
759 981 764 989 ·
821 887 990 1032 Seruis.
1120 987 1125 995 ·
1482 982 1533 1059 39

287 1127 382 1212 XV:
413 1154 472 1208 12.
499 1128 598 1226 cujus
616 1129 731 1207 sensus
755 1128 828 1221 est,
854 1131 1031 1208 Christum
1054 1132 1243 1212 Galilaeam
1293 1138 1429 1233 etiisse,
1453 1163 1528 1217 non

289 1230 461 1306 obstante
485 1227 767 1302 incarceratione
785 1229 957 1337 Johannis
982 1249 1069 1303 tunc
1092 1233 1230 1327 audita,
1269 1236 1365 1309 imile
1391 1237 1526 1334 quippe

284 1329 412 1403 fatum
435 1346 510 1399 non
533 1323 709 1415 veritum,
741 1348 822 1420 quia
845 1326 1030 1399 Herodem
1055 1347 1205 1425 propter
1227 1333 1445 1427 peculiarem
1471 1356 1526 1407 ra·

287 1424 461 1512 tionem,
485 1443 556 1494 nec
580 1418 638 1494 sua
664 1422 685 1495 s
705 1440 810 1511 oute,
836 1440 896 1494 aut
923 1446 968 1494 eir
993 1422 1112 1496 animo
1136 1427 1226 1499 male
1250 1426 1288 1499 iri
1304 1428 1528 1522 Johannem‚

286 1544 363 1619 qua
385 1538 604 1617 praeconem
626 1517 642 1611 j
700 1515 804 1606 tiae,
829 1515 992 1607 adfecto,
1019 1518 1078 1591 scd
1095 1522 1137 1593 ab
1154 1521 1363 1597 Herodiade
1381 1522 1525 1619 instiga-

286 1638 399 1705 tum,
423 1613 462 1686 id
487 1609 610 1685 seciffe
634 1630 803 1687 noverat:
827 1632 1010 1710 praeterea
1039 1614 1229 1708 Judaeum,
1263 1642 1366 1716 quam
1391 1620 1453 1693 diu
1467 1619 1524 1702 sa·

285 1712 338 1787 tis
357 1711 420 1785 sua
441 1705 640 1805 praeseutia
658 1708 917 1799 honoraverat,
942 1731 987 1782 eo
1006 1709 1117 1806 magis
1133 1712 1297 1810 reliquit,
1324 1716 1419 1813 quod
1435 1714 1524 1789 Pha·

284 1805 434 1896 risaei,
476 1802 565 1878 ficut
587 1802 742 1901 Johanni
777 1802 957 1894 fecerant,
999 1804 1064 1902 ipsi
1096 1828 1191 1882 nunc
1222 1807 1360 1886 insidias
1391 1809 1529 1886 struere

287 1902 556 1999 incipiebant,
580 1918 763 2069 ‘tanquam
798 1897 859 1996 qui
886 1901 1010 2009 plures
1042 1924 1144 1998 quam
1179 1903 1359 2001 Johannes
1388 1906 1526 1984 fecerat
1584 1978 1588 1990 .

286 1998 513 2095 discipulos3
537 2014 591 2070 uti
617 1997 663 2094 Jo
691 2051 700 2070 .
724 1996 795 2071 IV:
824 2020 857 2071 r.
883 1997 1072 2073 indicatur.
1570 2035 1584 2070 ι

343 2096 381 2197 §.
405 2092 600 2168 xxxvii
651 2089 775 2167 Trivit
809 2088 849 2165 in
884 2091 1039 2167 Galilaea
1073 2092 1247 2192 reliquum
1279 2092 1386 2193 primi
1419 2095 1528 2194 hujus

291 2190 388 2271 anni
416 2208 491 2264 tem
518 2210 580 2278 us,
640 2204 764 2262 uatuor
785 2186 979 2281 mensium,
1004 2208 1091 2287 quot
1120 2190 1324 2288 supererant
1348 2192 1455 2289 usque
1480 2193 1527 2269 ad

289 2286 448 2391 pascha,
468 2212 562 2393 lib.
587 2211 659 2360 lii:
686 2305 743 2393 34.
791 2284 917 2393 Vertit
940 2303 1058 2360 autem
1087 2286 1179 2378 sese,
1213 2287 1335 2363 relicta
1360 2289 1522 2363 Nazare-

290 2387 356 2462 aba
382 2400 502 2481 patria
530 2379 612 2472 sua,
638 2402 770 2478 quippe
796 2401 852 2467 ei,
875 2377 964 2456 sicut
988 2382 1060 2457 sors
1079 2382 1276 2481 prophetae
1304 2383 1343 2459 iri
1371 2385 1445 2459 solo
1462 2407 1525 2460 na·

290 2480 356 2558 tali
384 2477 457 2553 elle
481 2476 590 2585 solet,
614 2478 732 2583 minua
749 2494 937 2573 acceptus,
960 2497 998 2551 et
1020 2478 1232 2589 honoratus,
1258 2481 1341 2576 Joh.
1365 2482 1436 2555 lV:
1461 2503 1526 2572 44.

286 2579 336 2654 ad
366 2592 564 2649 remotiora
590 2571 764 2646 Galilaeae
791 2573 868 2645 loca
891 2573 1178 2670 septentrionalia
1203 2577 1322 2649 versus
1341 2577 1525 2674 occasum,

286 2672 396 2752 haud
421 2670 547 2770 procul
581 2667 686 2767 Tyro
717 2687 755 2743 et
788 2665 944 2762 Sidone,
988 2671 1049 2745 ubi
1085 2673 1175 2745 Cana
1207 2672 1304 2769 jacet
1328 2673 1399 2770 Jos.
1424 2674 1527 2752 XIX.

286 2794 370 2870 quo
401 2768 440 2841 in
470 2768 551 2841 loco
577 2787 661 2840 cruri
693 2763 910 2857 versaretur,
954 2765 1088 2842 sanavit
1114 2770 1228 2843 verbo
1255 2769 1366 2844 filium
1393 2767 1527 2863 bastlr'ci

286 2864 465 2961 alicujus,
489 2862 549 2938 seu
573 2860 699 2952 aulici,
722 2878 782 2936 aut
816 2861 967 2936 ministri
994 2865 1108 2974 regii,
1144 2863 1205 2964 qui
1234 2868 1450 2962 capernaumi
1477 2867 1523 2948 ad

287 2985 395 3040 mare
427 2956 650 3049 Tiberiadis,
673 2958 831 3055 adeoque
866 2962 904 3033 in
928 2961 1009 3034 loco
1043 2961 1127 3035 iride
1150 2966 1349 3038 remotiore
1376 2961 1524 3036 decum-

287 3061 409 3138 bebat
444 3054 523 3162 lob.
553 3055 623 3131 IV.
672 3053 775 3163 Inde·
794 3054 892 3130 varia
924 3057 1003 3131 loca
1038 3056 1148 3132 totius
1179 3059 1310 3134 tractus
1345 3058 1526 3166 Galilaeae

287 3170 536 3335 ξὲὲὲῗῖῑ,
551 3152 1012 3343 &maritata
1033 3153 1527 3354 {reiterata

288 3340 529 3441 stringendo,
553 3363 615 3414 eoa
636 3341 822 3435 irritasset,
858 3343 908 3448 ita
933 3361 972 3415 ut
995 3363 1075 3414 eum
1100 3340 1144 3414 de
1170 3367 1259 3439 rupe
1281 3362 1520 3439 praecipitare

289 3443 456 3526 vellent,
495 3460 578 3511 mox
609 3436 796 3526 derelicta,
831 3438 1020 3512 Galilaeam
1052 3437 1111 3511 sua
1142 3437 1324 3527 doctrina,
1349 3457 1386 3511 et
1412 3439 1522 3516 mira·

290 3538 387 3616 culis
421 3531 629 3624 illustravit,
669 3535 944 3631 quaquaversum
985 3533 1024 3606 iri
1056 3533 1241 3632 synagogis
1281 3534 1433 3627 docens,
1477 3559 1522 3616 et

290 3629 485 3712 daemonia
502 3629 670 3728 ejiciens,
696 3629 904 3726 morbosque
923 3631 1052 3704 sanaris.
1100 3631 1283 3704 Praeterea
1303 3630 1515 3728 discipulos,

290 3724 877 3919 lllaoeallatllssll
901 3727 984 3896 rq-
1009 3725 1519 3920 lradaiisllllilillssffill’

885 3878 895 3913 ‚
1500 3869 1519 3890 .

291 3925 430 4003 minum
460 3919 629 4009 vocavit,
665 3916 798 4014 sibique
835 3919 874 3993 in
934 3938 1121 4014 erpetuum
1156 3918 1315 4016 adjunxit
1341 3920 1517 4017 comites,

290 4043 330 4100 et
346 4016 543 4119 Apostolos
565 4013 771 4089 constituit:
797 3943 1176 4124 adjungis-Jacoboet
1190 4007 1372 4124 Johatnne,
1400 4017 1517 4095 Zebe·

291 4118 374 4197 daei
407 4113 512 4204 liliis,
560 4114 671 4188 Matr.
703 4113 776 4187 lV:
819 4135 877 4187 21.
920 4115 1043 4208 quibus
1085 4111 1168 4186 dein
1208 4112 1343 4186 addidit
1373 4113 1520 4206 Levin,

291 4240 367 4293 uon
391 4211 568 4301 eundem,
608 4227 648 4282 ut
673 4225 836 4305 putatur,
867 4231 911 4282 ac
935 4207 1158 4282 Matthaeum
1181 4208 1426 4305 publicanum,
1470 4236 1521 4287 ex

291 4315 372 4411 ipso
395 4307 535 4385 telonio
559 4324 750 4395 vocatum,
776 4304 868 4401 apud
894 4328 999 4400 quem
1025 4328 1092 4377 una
1116 4329 1195 4379 cum
1213 4305 1407 4400 publicanis
1432 4328 1522 4377 con-

290 4411 434 4492 viratu
460 4405 537 4486 sese
565 4419 695 4482 contra
724 4401 949 4574 Pharisaepm
988 4425 1069 4478 eum
1101 4420 1264 4499 tauquam
1286 4419 1525 4569 peccqqorum

289 4558 293 4567 .
383 4547 387 4553 -
931 4519 955 4590 4
1396 4514 1526 4581 'ciunt
