3609 5500
286 898 384 988 until
681 891 832 994 siifloria
845 893 984 994 AEtcsrs.
1010 895 1125 1000 urrist

287 1077 476 1161 ‚seffionem
507 1071 584 1173 ipso
614 1096 723 1173 opere
750 1076 964 1154 refutabant.
1012 1076 1160 1155 Admiffi
1193 1094 1311 1160 autem
1343 1077 1514 1172 foetura·

287 1169 634 1274 ¹quantum.constnt,
651 1174 694 1247 ad
712 1173 901 1271 simplicem
921 1176 1195 1266 confessionem,
1218 1175 1278 1251 sed
1294 1176 1389 1252 vitae
1407 1199 1508 1273 prae·

294 1270 425 1371 gressae
449 1291 521 1343 non
544 1270 775 1359 contrariam,
800 1270 871 1344 srue
900 1272 1066 1345 ulteriore
1090 1271 1253 1356 examine
1274 1272 1509 1348 conscientia·

286 1392 392 1457 rum,
424 1383 484 1443 aut
508 1364 710 1461 discretionis
733 1366 858 1462 spiritu
880 1365 1156 1464 interveniente.
1194 1367 1315 1467 :Quod
1337 1387 1375 1442 et
1399 1390 1446 1440 ex
1462 1391 1529 1444 eu*

285 1460 479 1548 elucescit,
505 1462 597 1560 quod
623 1485 693 1534 uno
721 1464 913 1559 eodemque
941 1481 1125 1559 tempore,
1158 1460 1296 1540 uti'die
1319 1464 1508 1538 Pentecos-

288 1563 361 1648 .tio,
393 1560 537 1653 ingente
566 1581 731 1645 nurnero,
762 1560 805 1632 ad
832 1561 937 1632 sulum
961 1559 1045 1634 fidei
1071 1577 1115 1633 et·
1134 1558 1400 1656 resrpiseeutiae
1422 1581 1508 1727 pto·

286 1655 495 1743 sessionem
527 1653 664 1726 suerint
690 1653 830 1728 lavacro
859 1654 983 1743 tintii,
1023 1674 1061 1729 et
1084 1654 1265 1752 Philippus
1294 1656 1421 1730 Euuuc
1448 1678 1509 1732 um

285 1772 432 1850 quoque
458 1748 506 1841 ita
529 1751 761 1845 baptizaverit
784 1748 865 1823 Ati.
889 1750 929 1822 ΙΙ
951 1769 990 1823 et
1011 1751 1118 1825 VIH.
1151 1748 1343 1846 Apostolus
1365 1772 1507 1847 quoque

290 1849 414 1930 rCor.
439 1846 503 1923 xi.
536 1847 662 1942 cuique
688 1844 739 1918 sur
765 1845 1048 1942 explorationem
1082 1846 1120 1917 iu
1142 1848 1178 1921 S..
1203 1869 1336 1921 coenae
1359 1846 1422 1922 usu
1447 1868 1504 1919 re-

290 1941 445 2039 liquerit.
487 1939 674 2045 ·Quaenam
698 1961 819 2017 aunem
835 1940 944 2014 fuerit
966 1965 1008 2013 ea
1031 1939 1219 2030 confeffio,
1242 1965 1288 2015 ex
1309 1943 1412 2038 supra
1426 1940 1503 2016 dic·
1526 1984 1529 1990 ·

291 2040 340 2112 tit
366 2036 413 2128 de
438 2036 510 2115 fide
537 2058 574 2112 et
596 2036 776 2126 dobirina,
799 2060 843 2112 ac
866 2037 1015 2110 formula
1040 2034 1222 2132 baptismi,
1248 2036 1326 2113 iaris
1351 2036 1501 2112 constat

284 2134 482 2210 ‘Vertarnus
504 2132 622 2232 itaque
644 2157 709 2207 nor
727 2132 774 2207 ad
797 2131 871 2228 ipsa
884 2132 1061 2207 Ecdeme
1087 2133 1264 2222 membra,
1289 2132 1350 2208 seu
1376 2134 1412 2207 ei
1425 2133 1503 2228 jum
1528 2179 1532 2216 ,-

234 2304 236 2309 ,
289 2229 460 2320 insertor,
487 2228 587 2303 eirca
611 2246 700 2326 quor
723 2226 901 2324 dtflr'plina
931 2227 1004 2302 sese
1061 2226 1179 2323 roprie
1211 2228 1361 2315 exserit,
1392 2227 1498 2337 quip-

268 2326 338 2423 ¹pe
361 2324 399 2398 in
424 2348 545 2399 eorum
568 2325 865 2413 exorbitantium,
890 2343 929 2397 et
951 2323 1014 2397 sun
1038 2322 1225 2400 amentaies
1247 2323 1428 2400 societatis
1447 2325 1502 2402 le·

288 2435 352 2519 ger
367 2439 535 2519 proterve
557 2444 598 2497 ac
613 2421 786 2495 obstinate
803 2419 1151 2516 transgredientium,
1177 2417 1391 2516 castigatione
1414 2418 1501 2514 fita,

281 2540 378 2614 quae
400 2529 472 2590 non
496 2518 603 2592 solum
619 2514 949 2615 reprehensionem,
975 2534 1013 2589 et
1034 2512 1384 2605 interminationem,
1432 2539 1502 2594 uec

280 2611 427 2690 nerbasis
457 2611 576 2705 eradit,
598 2614 657 2692 sed
679 2632 718 2688 et
726 2612 967 2709 separationem
995 2635 1016 2685 a
1040 2612 1231 2705 societate,
1265 2540 1500 2709 compreireu·

286 2708 363 2801 dit,
386 2705 461 2781 srve
487 2731 532 2785 eu
557 2730 678 2808 parte,
703 2709 776 2785 sive
800 2733 846 2784 ex
869 2727 970 2798 toto,
994 2725 1034 2783 ut
1056 2707 1197 2784 dieitur.
1234 2706 1347 2811 Quae
1371 2730 1526 2789 tarum.

283 2807 514 2880 mnicntr'onr'r
546 2809 690 2881 nomine
724 2804 883 2900 insigniri
915 2805 1030 2892 solet,
1071 2806 1153 2901 quia
1183 2804 1386 2881 communio
1418 2828 1503 2883 cum

286 2899 457 3019 ejusmodi
482 2900 627 2974 homine
649 2902 847 2998 rumpitur,
881 2922 949 2974 nec
975 2899 1049 2996 ipse
1074 2925 1140 2996 pro
1164 2903 1325 2975 membro
1347 2899 1502 2977 societa-

287 3018 335 3073 tra
359 2994 457 3070 istius
488 2999 635 3094 amplius
659 2999 826 3085 habetur,
867 3017 928 3070 aut
953 2995 1127 3074 trabiatur.
1177 2999 1236 3071 De
1259 3021 1326 3094 qua
1350 3019 1498 3073 excom·

286 3092 546 3184 municatione,
610 3095 694 3168 ualis
729 3094 766 3167 in
789 3093 951 3171 Eceiessis
982 3091 1250 3167 Protestantium
1287 3099 1506 3183 exercetur,

282 3191 436 3280 acriter,
461 3190 577 3271 seculo
631 3189 890 3280 oforma'tionis,
915 3188 1125 3285 disputatum
1143 3189 1214 3277 est,
1236 3187 1319 3263 dum
1344 3187 1403 3265 dii
1420 3211 1502 3267 euna

286 3290 325 3364 in
359 3285 488 3385 Script.
515 3291 570 3379 8.,
613 3309 674 3360 aut
701 3288 779 3383 jure
811 3286 956 3373 divino,
997 3285 1172 3358 fundatam
1201 3281 1270 3360 effe
1303 3303 1500 3380 negarunt,
1550 3324 1557 3347 a

316 3392 445 3459 orum·
468 3382 710 3473 antesignanus
744 3381 812 3451 suit
846 3381 979 3450 Tomas
1010 3378 1176 3465 Erastus,
1217 3378 1374 3455 medicus
1405 3381 1501 3457 Hei·

285 3406 540 3573 ielbergensrs,
565 3477 657 3547 libro
681 3475 748 3548 hnc
764 3474 808 3545 de
833 3496 871 3545 re
897 3473 1050 3569 scripto,
1075 3476 1210 3570 acujus
1234 3474 1388 3551 leuiore
1405 3473 1500 3571 quis·

310 3594 374 3662 ue,
413 3570 521 3642 modo
545 3570 705 3644 veritatis
731 3571 772 3642 sat
797 3567 982 3656 studiosus,
1022 3569 1162 3642 dobiior
1186 3571 1330 3645 recedet
1354 3591 1390 3643 et
1420 3596 1500 3649 mo·

264 3601 461 3757 ,ieration
486 3666 544 3739 alii
568 3691 656 3739 uero
671 3665 870 3738 ardentiore
888 3666 966 3738 zelo
983 3664 1236 3753 defenderunt,
1262 3687 1298 3739 et
1316 3668 1500 3759 urserunt,

222 3808 226 3814 ·
308 3786 433 3840 uorum
468 3760 538 3835 dux
570 3760 620 3834 est
654 3763 688 3832 T
691 3763 724 3834 ir.
759 3763 875 3848 Boua,
918 3761 1007 3832 libro
1037 3782 1162 3836 contra
1197 3760 1354 3835 Erastum
1384 3762 1498 3840 edito.

322 3884 385 3936 uae
417 3858 496 3934 lites
519 3860 560 3931 ab
589 3882 634 3930 eo
659 3878 820 3952 tempore
854 3854 1076 3947 manserunt,
1120 3879 1158 3932 et
1181 3856 1373 3933 identidem
1397 3881 1502 3935 reno-

283 3977 387 4033 vatae
410 3952 507 4027 sunt:
549 3978 650 4050 quam
673 3953 857 4031 historiam
891 3955 1127 4050 pertexuiffe,
1160 3972 1220 4026 aut
1253 3954 1499 4046 quaestionem

278 4053 392 4154 ipsam
415 4050 654 4145 penarense,
693 4051 782 4124 nihii
812 4050 966 4140 adtinet,
1007 4074 1074 4125 nec
1098 4049 1199 4145 hujus
1228 4047 1279 4124 est
1303 4049 1396 4140 ioci,
1434 4049 1500 4128 ubi

283 4156 328 4227 de
350 4147 503 4223 Ecclesia
528 4145 732 4241 Apostolica
756 4144 862 4220 unice
887 4145 1043 4257 agimus3
1084 4144 1126 4218 ad
1153 4170 1255 4241 quam
1280 4168 1361 4221 curn
1388 4145 1502 4222 utrin-

282 4268 351 4345 que
406 4262 614 4332 rovocetur,
649 4242 801 4315 nostruin
828 4241 938 4316 fuerit
948 4297 971 4348 ,·
986 4239 1061 4334 ejus
1085 4239 1341 4316 adcuratiorem
1368 4240 1506 4321 dedisse

276 4339 456 4433 notitiem.
508 4343 597 4415 Cum
622 4362 729 4432 vero,
763 4338 913 4443 aliquam
937 4336 1173 4436 disciplinam,
1198 4355 1237 4417 et
1261 4361 1401 4418 morum
1424 4360 1510 4430 pru·

471 4480 475 4487 ·
859 4501 862 4509 ,
912 4496 917 4504 -
951 4491 954 4497 -
1375 4454 1511 4512 vorum
