3609 5500
275 914 352 1042 [sal
666 931 966 1040 inflammas.
994 931 1111 1035 nnat.

282 1106 354 1180 filia
382 1106 556 1218 Sophiae,
598 1134 699 1189 extra
719 1122 856 1211 primam
888 1120 1048 1214 pleroma
1069 1120 1235 1194 oberrans
1264 1114 1302 1191 in
1324 1103 1507 1209 tenebris,

282 1204 480 1311 achrtstO,
506 1209 580 1304 ejus
597 1212 760 1302 miserto,
785 1217 925 1309 accepit
950 1216 1119 1306 formam,
1143 1216 1201 1288 sed
1220 1213 1504 1287 seeundum-sub·-

281 1295 463 1406 ssantram‚
502 1328 573 1378 uon
588 1309 777 1402 scientiam.
827 1310 966 1384 Christo
991 1311 1074 1385 dein
1101 1312 1136 1384 se
1166 1310 1393 1384 subtrahente
1425 1332 1510 1383 cum

249 1465 252 1470 .
282 1417 417 1470 virtute
443 1399 519 1490 sua,
557 1423 592 1475 et
617 1404 654 1476 in
680 1407 838 1498 pleroma
865 1408 1015 1502 primum
1039 1405 1266 1495 discedente,
1298 1406 1510 1481 Achamoth

283 1491 402 1567 lumen
430 1495 512 1569 illud
540 1496 599 1571 fibi
625 1499 783 1573 relicium
808 1501 960 1576 studiose
986 1502 1185 1599 requisivit,
1212 1501 1290 1589 sed,
1322 1504 1368 1575 ab
1396 1503 1510 1575 Horo

283 1590 454 1684 repressa,
482 1593 515 1665 se
542 1614 615 1667 tota
643 1596 741 1668 dedit
769 1595 902 1687 lusini,
928 1600 1021 1673 unde
1040 1599 1168 1671 multae
1192 1596 1271 1670 sunt
1288 1597 1416 1671 mundi
1435 1621 1509 1672 ma·

284 1686 416 1760 cerialis
449 1709 592 1762 exortae
623 1710 759 1785 partes3
801 1691 962 1783 scilicet,
1006 1716 1051 1767 ex
1083 1692 1314 1787 conversione
1353 1694 1432 1789 ejus
1467 1693 1511 1768 ad

285 1781 461 1856 Christum
486 1791 594 1859 anima
619 1785 759 1874 mundi,
786 1806 823 1861 et
845 1788 1024 1885 Demiurgi
1030 1815 1045 1878 ,·
1078 1812 1123 1862 ex
1149 1788 1279 1862 timore
1303 1806 1342 1861 et
1370 1808 1509 1863 terrore

284 1887 444 1973 moterlo,
476 1907 497 1955 e
521 1882 670 1956 lacrimis
702 1907 807 1977 aqua,
846 1904 883 1957 et
909 1884 955 1958 stc
981 1888 1020 1958 in
1046 1882 1186 1958 ceteris.
1234 1885 1320 1957 Hoc
1346 1883 1386 1958 in
1411 1885 1509 1960 ludu

285 1979 437 2053 versanti
462 1979 665 2053 Achamoth
692 1978 867 2052 Christum
893 1981 963 2055 sese
995 2004 1076 2053 curn
1099 1980 1156 2051 An
1183 1977 1245 2051 elis
1268 1979 1384 2053 rursus
1409 2004 1512 2055 com·

283 2074 479 2164 miscuisse,
502 2098 648 2169 eamque
672 2099 693 2147 a
714 2073 837 2148 dolore
860 2073 1036 2152 liberasse:
1064 2004 1202 2172 quando
1227 2077 1362 2148 laetitia
1385 2077 1511 2167 persu-

282 2168 406 2264 sarisa
432 2172 492 2242 suo
516 2167 684 2262 produxit
708 2169 822 2246 lucain.
875 2173 954 2273 Qua
976 2170 1112 2245 radone
1144 2170 1274 2267 triplex
1294 2168 1511 2268 substantia-

281 2286 355 2339 rum
371 2290 481 2364 genus
497 2260 703 2362 produdium
721 2262 793 2355 est,
829 2268 984 2361 pirituala
1000 2290 1046 2340 ex
1062 2266 1278 2361 Angelorum
1294 2268 1510 2363 complexu,

284 2369 425 2438 aniutule
450 2387 494 2436 ex
520 2358 750 2434 conversione
774 2363 868 2468 ejus,
909 2364 1077 2437 materiale
1100 2362 1254 2457 denique
1277 2383 1323 2434 ex
1349 2363 1511 2458 paflione
1559 2398 1569 2408 ·

284 2461 380 2556 ejus:
419 2458 595 2555 spirituale
619 2480 707 2530 vero
732 2454 803 2546 est,
836 2479 957 2533 natura
981 2459 1135 2545 bonum,
1162 2476 1200 2528 et
1224 2482 1244 2531 a
1267 2458 1508 2553 corruptione

284 2557 454 2642 liberum,
482 2554 627 2626 animale
654 2576 743 2625 vero
767 2551 881 2627 salutis
903 2577 1013 2649 aeque
1038 2576 1079 2626 ac
1105 2551 1346 2649 corruptionis
1371 2575 1509 2651 capax,

282 2648 345 2725 sed
377 2650 556 2721 materiale
585 2646 808 2742 corruptioni
833 2650 972 2744 prorsus
998 2647 1205 2722 obnoxium.
1259 2648 1410 2721 Tertium
1445 2651 1506 2725 de·

285 2744 393 2840 nique
420 2744 575 2842 pleroma
607 2741 775 2816 mundum
806 2743 902 2819 hunc
934 2742 1204 2841 comprehendit
1235 2741 1508 2840 adspeehbilem

287 2864 333 2916 ex
361 2844 416 2915 illa
443 2839 588 2912 materia
614 2861 633 2909 a
659 2839 855 2936 Demiurgo
880 2862 1021 2913 naturae
1046 2838 1201 2913 animalis
1224 2838 1407 2917 effectum.

330 2936 369 3110 R.
395 2937 540 3011 CLXV.
581 2933 683 3006 Circa
716 2935 912 3030 originem,
955 2958 992 3009 et
1022 2959 1144 3008 verum
1177 2934 1362 3032 singularis
1402 2937 1506 3036 hujus

288 3039 327 3136 sy
361 3033 482 3110 eruatis
500 3029 734 3121 intelleslum,
754 3030 956 3105 scinduntur
972 3031 1099 3104 eruditi
1111 3031 1147 3103 in
1163 3052 1295 3126 partes,
1313 3031 1425 3122 licet,
1444 3058 1508 3108 ue·

286 3155 402 3210 terem
422 3131 567 3225 aliquam
592 3128 848 3224 philosophiam
873 3127 971 3200 sitisse
999 3126 1196 3216 romeiam,
1223 3127 1340 3200 secum
1357 3128 1509 3205 consen·

288 3232 392 3305 ciant.
439 3229 493 3297 Ex
512 3224 663 3296 Platonis
689 3243 726 3294 et
743 3225 961 3319 Pythagorae
982 3224 1136 3318 placitis,
1165 3245 1209 3294 ne
1236 3223 1279 3295 de
1296 3224 1510 3319 Epicureis,

286 3322 492 3420 quibuscum
522 3322 567 3390 ob
593 3319 688 3388 uitae
715 3317 939 3412 inpunitatem
966 3336 1231 3414 comparantur,
1265 3318 1407 3410 dicam,
1440 3324 1510 3420 sys-

287 3438 382 3492 tema
406 3417 475 3486 elle
492 3411 761 3498 concinnatum,
786 3413 943 3505 adeoque
970 3416 1236 3507 exponendum,
1264 3414 1408 3508 vulgata
1436 3419 1508 3493 sert

285 3512 432 3608 opinio,
459 3530 559 3601 quam
577 3506 727 3577 maxime
746 3505 920 3577 adstruere
937 3529 1083 3581 conatus
1108 3508 1158 3582 est
1175 3509 1382 3585 Malluetus.
1439 3516 1509 3588 Sed

287 3600 486 3702 AEgyptiia
501 3601 583 3673 illud
602 3598 756 3672 vindicat
776 3601 988 3693 Hoopetus,
1015 3604 1052 3675 in
1070 3604 1160 3676 libro
1185 3608 1447 3700 coujel‘lurartam
1463 3610 1507 3682 de

287 3698 471 3782 Valentia.
500 3694 628 3770 haeresi
654 3715 723 3768 etc.
766 3696 949 3768 Cabbalam
982 3698 1160 3793 Judaicam
1188 3700 1323 3772 sontem
1359 3722 1397 3773 et
1426 3729 1508 3778 nor·

285 3825 380 3877 mam
408 3792 606 3888 explicandi
629 3789 815 3865 constituit
839 3791 1018 3881 Buddeus,
1060 3794 1096 3865 in
1124 3794 1211 3869 Diff.
1239 3796 1420 3890 subjuneta
1448 3799 1508 3873 Irr-

285 3893 476 3971 troduslioni
501 3891 542 3962 ad
570 3886 690 3962 histor.
715 3888 839 3962 Philus.
865 3888 980 3961 Hebr.
1009 3888 1166 3977 Dubito,
1202 3915 1283 3962 num
1312 3891 1347 3962 in
1374 3895 1509 3970 cassum

283 4015 358 4067 non
376 3986 621 4062 laboraverint.
664 3985 892 4057 Occasionem
912 3987 1079 4079 praebere
1094 3985 1213 4081 potuit
1228 3989 1397 4077 Cabbala,
1419 3992 1506 4065 licet

283 4083 517 4180 antiquiffima
540 4081 613 4173 ejus
638 4079 845 4152 constitutio
882 4104 1003 4173 parum
1035 4101 1121 4153 nota
1156 4080 1216 4170 stt,
1258 4083 1358 4178 cujus
1391 4083 1501 4161 simile

285 4183 432 4281 systema
450 4177 604 4250 condere
629 4192 820 4268 potuerunt
848 4173 1028 4263 Gnostici,
1053 4178 1111 4249 sed
1137 4200 1255 4270 puram
1281 4200 1402 4273 putam
1432 4180 1505 4265 esse

280 4277 468 4356 Cabbalam
495 4294 564 4342 non
595 4269 815 4364 putaverim,
841 4292 920 4339 cum
947 4268 1040 4343 inter
1057 4273 1242 4367 Sepltiroth,
1268 4273 1327 4346 seu
1345 4279 1504 4350 recensi-

277 4399 367 4453 ones
382 4365 670 4459 Cabbahstamm,
694 4387 735 4441 ac
758 4363 1008 4443 Gnosticorum
1031 4367 1429 4542 ³e⁰n³⁸·hauddfdig⁰³
1444 4373 1498 4477 ‚sit

1341 4482 1501 4563 erentra,
