3609 5500
583 729 586 736 ¹
687 719 920 828 Sicutllls
963 721 1009 795 ·³
1327 757 1402 846 7¹9

177 875 352 1014 carcerem
368 919 468 1004 tuille
485 904 706 1026 eonjeltum,
730 951 815 1004 mox
840 927 872 1028 ᾗ.
897 952 958 1021 54.
985 925 1150 1020 tradunt,
1175 939 1296 1029 regem
1313 924 1398 1004 Per·

178 1027 311 1120 sarum,
336 1029 458 1101 audito
484 1043 564 1100 eum
583 1024 815 1100 Christianam
839 1026 1050 1120 religionem
1074 1051 1293 1124 propagare,
1316 1023 1397 1127 supf

135 1207 140 1218 ,
180 1127 298 1230 pliciis
321 1120 467 1200 voluisse
485 1121 648 1197 adiicere.
700 1122 799 1196 Solus
818 1143 863 1195 crs
881 1120 1120 1196 Orientalibus
1133 1123 1294 1196 Abulsar.
1320 1132 1399 1198 tani

180 1247 284 1324 quam
309 1245 355 1296 ex
380 1219 605 1293 famarefert
632 1220 677 1294 de
700 1217 793 1291 Filio
809 1219 952 1314 Saporis
972 1219 1064 1316 ipsi,
1089 1228 1127 1292 u't
1145 1219 1304 1310 sanetur,
1330 1218 1398 1294 tta·¹

180 1323 271 1396 dito.
324 1315 431 1418 Quod
458 1313 482 1388 li
507 1335 651 1406 verum,
675 1313 775 1390 causa
799 1313 874 1387 odii
899 1315 1044 1411 Saporis
1068 1315 1258 1412 praecipua
1282 1331 1401 1392 amen

94 1439 95 1512 j
179 1415 252 1494 suit
279 1437 353 1525 non
376 1409 502 1486 infelix
526 1408 715 1488 sanationis
738 1409 930 1502 saccellus,
954 1411 1013 1488 sed
1035 1409 1294 1497 Christianismi
1316 1413 1401 1524 pto-¹¹

94 1539 96 1548 ’
183 1523 223 1588 'a
248 1531 334 1586 atro.

94 1605 96 1644 l
289 1605 401 1682 CXII.
443 1603 631 1680 Manetem
655 1627 676 1678 e
702 1623 843 1680 carcere
877 1603 1032 1700 elapsum
1055 1597 1226 1700 aufugisse
1260 1601 1300 1680 iu
1331 1596 1404 1678 cas·

94 1697 98 1718 '
183 1707 306 1784 tellum
330 1701 611 1798 Mesopotamiae
637 1701 797 1774 Arabion
820 1698 975 1790 dissum,
1007 1699 1168 1774 referunt
1191 1695 1305 1790 Asta3
1344 1697 1405 1774 sed

95 1835 96 1838 ¹
184 1797 387 1878 Orientales
417 1797 510 1896 apud
539 1797 775 1872 Dherbeloth.
809 1813 847 1870 et
878 1795 1103 1886 Renaudot.,
1143 1816 1226 1870 curn
1259 1796 1332 1870 sese
1364 1793 1407 1870 in

94 1897 99 1942 ²
186 1891 400 1972 Turlrestan.
428 1891 631 1983 contulilse,
656 1893 699 1967 ad
717 1911 834 1967 ortum
851 1892 956 1966 tnaris
971 1890 1108 2001 Caspii,
1135 1890 1330 1988 multosque
1346 1885 1407 1990 sua

94 2033 95 2038 Ν
183 1989 319 2068 haeresi
345 1987 527 2080 infecille;
551 1988 644 2088 quod
666 1987 810 2065 videtur
834 1987 941 2086 longe
965 2011 1105 2080 ventus,
1129 2012 1212 2063 cum
1236 2010 1314 2062 earn
1330 1985 1407 2084 sec7

94 2123 99 2136 „
186 2097 260 2164 'tam
288 2087 326 2160 in
351 2085 470 2176 India,
495 2085 659 2177 Chataia,
692 2105 730 2160 et
754 2083 869 2160 China
893 2084 996 2159 valde
1018 2082 1190 2183 uiguisse,
1220 2101 1258 2158 et
1281 2080 1406 2158 etiam·

94 2223 96 2236 ,
187 2179 273 2264 num
300 2181 443 2278 vigere,
468 2180 626 2272 constat,
651 2179 738 2256 teste
753 2179 979 2256 Allemanno.
1012 2183 1213 2257 'Praeterea
1229 2178 1408 2255 castellum

94 2293 98 2332 l
147 2277 331 2378 ‘aliquod
358 2276 515 2352 Arabion
538 2275 576 2352 in
599 2279 705 2364 Meso
757 2275 862 2352 tarnia
893 2277 995 2374 plane'
1014 2273 1074 2350 est
1098 2274 1274 2372 ignotum.
1322 2278 1411 2351 For·

97 2417 100 2426 ·
190 2395 230 2451 te
255 2371 434 2470 originem
459 2373 670 2451 narrationis
714 2372 813 2462 edit,
839 2373 933 2470 quod
953 2368 1076 2468 postea
1096 2371 1329 2464 Hormisdas‚
1363 2372 1409 2447 fi-

94 2485 99 2532 :
187 2469 256 2550 lius
280 2470 326 2543 Sa
353 2469 442 2560 oris,
467 2469 532 2566 ipss
549 2468 751 2560 faventior,
776 2465 952 2544 castellum
973 2468 1151 2559 tradatur,
1174 2484 1312 2544 utmon
1329 2491 1411 2553 nar·

187 2557 296 2658 ¹rabo,
319 2489 477 2638 sruxiffe
500 2567 536 2638 in
563 2563 764 2656 Curistana,
789 2583 828 2638 ut
857 2562 909 2638 ibi
925 2563 1082 2639 lincurius
1104 2565 1263 2663 degeret.
1314 2564 1411 2640 Nat·

94 2679 99 2726 t
188 2683 272 2741 rant
298 2677 483 2757 praeterea
506 2659 728 2752 Orientales,
766 2660 916 2734 Manem
939 2659 979 2732 in
1002 2661 1088 2736 urbe
1112 2660 1288 2760 Telrigluil
1307 2658 1411 2737 habi·

98 2808 101 2819 .
188 2760 309 2847 ηας,
332 2755 471 2867 ejusque
496 2756 687 2853 Templum
712 2754 867 2855 egregiis
891 2754 1028 2839 ornasse
1039 2754 1212 2855 pisionis,
1233 2760 1296 2832 hic
1320 2782 1409 2856 quo·

95 2912 99 2921 .
188 2868 260 2957 que
285 2852 357 2930 locu
381 2852 452 2928 sese
472 2850 514 2928 -in
540 2873 642 2927 antro
666 2852 783 2951 aliquo
806 2873 1028 2949 perannum
1052 2852 1259 2944 occultasse,
1284 2852 1409 2928 aemi·

94 3074 96 3087 .
187 2947 454 3122 sinitur
473 2950 660 3143 irritu
681 2944 1066 3121 inl
1090 2946 1413 3124 tisanana

94 3180 95 3209 ;
188 3140 292 3219 Euan
319 3138 398 3230 elii,
427 3142 554 3232 titulo,
579 3138 787 3216 admirandis
801 3144 845 3217 ab
861 3141 941 3238 ipso
957 3098 1078 3238 figusis
1096 3160 1270 3216 ornatum.
1307 3100 1410 3221 ’Vide

188 3164 433 3319 Dherseloth.
480 3240 568 3313 Cum
591 3239 630 3311 in
654 3232 794 3313 castello
817 3235 978 3312 Arabion
995 3256 1212 3329 moraretur,
1236 3255 1276 3312 ut
1299 3236 1411 3314 Occi·
1481 3315 1487 3321 ,

189 3332 383 3411 dentalium
399 3332 507 3407 habet
522 3332 696 3425 narratio,
719 3333 863 3431 pietatis
886 3347 925 3408 et
949 3328 1229 3424 beneficentiae,
1253 3334 1409 3411 mirabili

189 3428 332 3533 prorsus
359 3430 437 3507 casu
460 3428 734 3521 demonstratae,
762 3428 927 3507 Marcelli
941 3428 1105 3526 alicujus,
1135 3429 1292 3505 ditiffimi
1316 3430 1413 3506 civis

94 3568 95 3571 ¹
190 3528 289 3603 urbis
314 3527 458 3613 Cascar,
482 3523 786 3615 lamacitanus,
812 3524 951 3623 scriptis
976 3526 1021 3601 ad
1038 3549 1120 3599 eum
1144 3524 1295 3614 litteris,
1318 3526 1408 3622 dog·

192 3640 289 3698 mata
314 3618 372 3692 sua
398 3618 462 3714 ipsr
492 3640 638 3694 conatus
655 3620 705 3693 est
726 3620 944 3716 persuadere.
993 3620 1072 3721 Qua
1087 3618 1289 3709 occasione,
1311 3620 1410 3694 litte·
1442 3626 1450 3637 ‘

94 3778 96 3789 .
193 3718 244 3817 ris
268 3738 290 3791 a
315 3714 489 3789 Marcello
512 3714 668 3811 acceptis
692 3715 939 3827 responsoriis,
964 3714 1066 3789 venit
1094 3711 1237 3802 Cascar,
1261 3735 1300 3789 et
1326 3737 1410 3793 cunr

94 3844 102 3885 t
193 3809 375 3892 Archelao
395 3810 606 3909 colloquium
630 3810 714 3885 illud
746 3834 784 3885 rn
801 3810 875 3909 ejus
899 3810 1028 3901 domo,
1052 3808 1292 3909 pmesentibus
1314 3812 1413 3910 judi·

195 3912 294 3986 cibus
317 3906 525 4005 gentilibus,
549 3907 692 3995 habuit,
715 3905 775 3981 sed
800 3908 897 3982 causa
919 3906 1076 3984 cecidit:
1103 3908 1203 4005 cujus
1227 3908 1303 3984 asia
1326 3932 1412 4003 pro·

194 4005 288 4083 stant
303 4003 341 4079 in
358 4002 459 4079 Artis
483 4002 550 4079 illis
566 4002 755 4081 Archelai:
778 4026 927 4103 quorum
945 4005 1045 4103 supra
1068 4004 1238 4094 memini,
1265 4022 1303 4079 et
1319 4003 1410 4079 salsi·

94 4130 98 4175 r
193 4120 307 4178 tatem
339 4098 587 4177 demonstravi.
638 4099 723 4177 Nec
759 4100 923 4176 certioris
953 4102 1039 4177 fidei
1071 4098 1123 4177 est
1154 4103 1302 4175 alterum
1336 4102 1417 4195 ejus

94 4228 96 4269 1
192 4220 278 4317 enta
301 4196 477 4280 Archelao
501 4195 790 4370 colloquiumxip
798 4192 952 4387 sistrfflo
975 4196 1139 4279 Diodori
1156 4194 1275 4293 disto,
1309 4218 1418 4369 ‘iffi
