3609 5500
559 935 636 1032 ta·
953 913 1398 1024 mammonam
1558 879 1565 888 '

567 1105 622 1184 eia
643 1121 683 1180 et
706 1103 955 1196 tenebrarum,
977 1103 1071 1192 unde
1095 1100 1244 1186 mrmdua
1266 1096 1479 1192 sublunaria,
1501 1109 1589 1208 earn
1611 1091 1719 1207 'omni

567 1203 625 1292 lo,
648 1221 748 1278 ortus
773 1197 849 1288 est,
882 1225 956 1276 non
987 1221 1059 1286 tarn¹
1086 1199 1303 1290 neceffitati,
1318 1273 1321 1280 ,
1336 1223 1442 1298 quam.
1462 1196 1618 1272 arbitrio
1643 1195 1721 1272 Der

566 1295 749 1400 seripsrlle.
800 1298 903 1374 Num
928 1317 1047 1374 autem
1073 1295 1252 1380 materiam
1270 1294 1429 1398 statuerit
1448 1289 1556 1376 ¹senso
1575 1311 1615 1368 et
1634 1294 1734 1366 vitar

569 1395 662 1482 fam,
701 1417 767 1486 an,
798 1413 837 1468 nt
863 1393 990 1492 Magi,
1030 1412 1069 1470 et
1092 1392 1321 1483 Manichaei,
1350 1391 1384 1474 ei
1412 1386 1578 1466 tribuerit
1604 1386 1734 1464 seusun

568 1488 721 1572 animam
747 1487 1006 1583 irrationalem,
1040 1489 1132 1576 unde
1165 1489 1334 1588 princepe
1353 1490 1588 1566 tenebrarum¹
1603 1505 1734 1558 natust

572 1609 646 1664 non
672 1585 908 1661 definiverim.

617 1681 654 1783 ς.
678 1683 822 1757 cxxii.
856 1681 915 1756 De
941 1699 1040 1773 ortu,
1065 1681 1268 1783 progrellu,
1293 1699 1331 1756 et
1355 1678 1437 1756 latia
1453 1671 1734 1754 Manichaeismi

572 1777 726 1856 cendum
756 1776 870 1852 restat.
926 1799 958 1850 1.
992 1779 1135 1875 Duplex
1169 1779 1318 1856 omnino
1351 1774 1570 1852 admittenda
1594 1770 1652 1846 est
1683 1773 1734 1845 M:

573 1870 741 1954 ehaeismi
766 1875 903 1968 epicla,
938 1889 977 1947 ut
1003 1875 1201 1958 Orientales
1225 1893 1263 1950 et
1289 1872 1541 1950 Occidentalea
1565 1870 1690 1945 secum
1716 1891 1734 1942 c

573 1965 749 2046 cillentur.
797 1968 996 2046 Secundum
1022 1972 1100 2046 illos
1117 1970 1213 2044 enirn
1232 1969 1467 2046 Manichacus
1481 1962 1645 2042 haerelin
1663 1963 1734 2037 inl

571 2063 620 2142 aa
641 2063 767 2163 coepit
790 2068 850 2142 vul
874 2087 988 2154 area.
1015 2089 1086 2141 aer.
1114 2067 1163 2144 V.
1192 2071 1282 2156 268,
1306 2084 1347 2142 nt
1370 2087 1415 2139 ex
1440 2060 1627 2149 Abulfar.,
1666 2079 1705 2134 et
1731 2087 1734 2130 l

572 2156 1731 2352 3¹³tll⁰ll2allffl⁸⁹0{ll¹³l³lltn¹¹¹¹¹nlllllellltl

969 2307 981 2344 2
1561 2308 1569 2328 ι

572 2346 742 2468 consequi
767 2373 840 2426 non
859 2348 991 2448 potuit.
1076 2376 1175 2426 erum
1205 2352 1366 2428 constans
1380 2346 1670 2426 occidentalium
1695 2365 1734 2419 tn

573 2445 630 2523 tio
655 2446 787 2537 haoet,
826 2446 1003 2559 epocham
1037 2446 1129 2522 illam
1157 2446 1428 2522 Manichaeilmi
1460 2443 1643 2542 figendam
1665 2441 1734 2516 effe

528 2585 533 2596 ·
573 2564 656 2622 ann.
681 2543 743 2616 ada
758 2545 867 2620 Probi
877 2542 1116 2638 Imperatoris,
1134 2545 1193 2622 sea
1211 2564 1280 2619 aer.
1307 2543 1415 2640 Vulg.
1436 2561 1517 2636 277.
1570 2540 1663 2616 Vid.
1687 2537 1734 2612 Ci

572 2636 683 2730 micon
700 2635 804 2729 Eoi,
828 2657 867 2712 et
883 2637 1013 2746 cyrill„
1028 2638 1166 2724 catech,
1192 2639 1260 2714 Vl.
1285 2638 1340 2714 Sit
1365 2637 1481 2735 itaque
1507 2636 1597 2710 haec
1625 2632 1734 2733 poster

571 2731 715 2833 apocha
747 2730 786 2808 in
809 2731 951 2831 inpetro
973 2733 1160 2825 Romano,
1188 2734 1241 2809 'et
1271 2733 1369 2832 prior
1396 2733 1433 2809 in
1464 2729 1589 2807 Perfia
1647 2754 1680 2807 a.
1708 2729 1734 2805 'l

570 2827 681 2931 primi
704 2827 864 2904 Manetir
886 2828 1049 2927 discipuli
1096 2836 1339 2905 memorantur
1364 2830 1453 2929 apud
1472 2826 1593 2927 Cyrill.
1620 2828 1644 2903 l.
1668 2850 1703 2902 c.
1730 2826 1734 2847 '

571 2949 665 3016 maa,
707 2923 866 3016 Buddar,
908 2946 947 2999 et
973 2929 1143 3002 Hermas:
1184 2950 1334 3022 quorum
1359 2925 1528 3002 secundus
1552 2923 1654 2999 idem
1674 2919 1728 2997 est

573 3019 819 3101 Terebinthus
842 3022 881 3095 in
905 3020 1001 3098 Aeas
1027 3021 1212 3112 Archelai,
1238 3046 1318 3097 curn
1335 3022 1479 3099 nomina
1502 3017 1642 3095 Buddaa
1667 3018 1734 3095 et',

571 3116 756 3197 rebinthua
787 3119 916 3193 eodem
953 3117 1137 3197 recidant:
1155 3164 1158 3171 -
1178 3124 1347 3218 werrae
1379 3118 1473 3195 enirn
1511 3134 1633 3191 certae
1667 3114 1734 3212 spe

571 3217 735 3310 arborem
759 3213 928 3305 denotat,
952 3239 1055 3312 quarn
1079 3214 1242 3293 Chaldaei
1259 3219 1432 3315 adpellant
1455 3216 1593 3304 batam,
1618 3213 1677 3287 vel
1705 3213 1734 3283 br

571 3335 671 3389 anam.
722 3310 965 3385 Praemittitur
988 3309 1129 3408 quidem
1147 3313 1385 3403 Manichaeo,
1409 3329 1572 3406 tanquam
1595 3309 1673 3405 ejrra
1698 3329 1734 3404 pr

570 3422 721 3499 ceptor,
746 3404 931 3570 indAffis,
956 3406 1015 3481 sed
1042 3430 1212 3499 erronee,
1236 3433 1316 3491 cum
1340 3430 1385 3483 ex
1409 3405 1613 3575 nlmlffbm
1636 3401 1734 3572 coTnll

806 3503 1040 3693 {rorte
1053 3503 1505 3699 ιιιιιιιιιιῑ
1529 3524 1649 3705 ιι,
1664 3522 1734 3667 a

566 3711 607 3769 et
630 3688 808 3788 Epiphan.
833 3706 957 3786 patet,
986 3690 1142 3781 Buddas,
1170 3697 1227 3768 vel
1251 3695 1395 3782 Addat,
1426 3695 1466 3771 in
1494 3691 1696 3785 Scythiam,
1731 3715 1734 3725 ⁴

568 3790 722 3879 Hermas
746 3781 877 3889 mansit
912 3787 1004 3884 apud
1037 3787 1301 3869 Manichaeum.
1353 3789 1459 3872 Han'a
1490 3790 1640 3895 'prirrnm
1661 3785 1734 3863 mil

566 3907 650 3969 aem
675 3882 821 3979 excepit
846 3884 1014 3977 secunda,
1039 3911 1110 3984 qua
1130 3888 1248 3969 Addat
1267 3889 1322 3973 in,
1340 3886 1550 3977 Orientem,
1574 3886 1732 3963 Hermas

566 3981 634 4071 ΛΕ
684 3997 802 4074 ptum,
835 4000 873 4053 et
901 3982 1034 4057 Tomaa
1068 3984 1105 4057 in
1130 3987 1265 4079 Syriam
1290 3983 1443 4061 estable
1490 4001 1555 4057 tus.
1607 3984 1734 4059 Praete

565 4078 613 4153 du
652 4071 774 4182 eoin,
798 4073 841 4147 ad
867 4076 1068 4169 exemplum
1087 4077 1241 4169 Christi,
1265 4078 1388 4153 habuit
1406 4077 1444 4161 di
1480 4077 1616 4176 'puloa.‚
1642 4102 1734 4176 quor

562 4189 708 4247 nomina
723 4167 813 4263 apud
828 4167 932 4240 Phor.
958 4188 998 4241 et
1020 4171 1057 4242 P.
1084 4169 1237 4249 Siculum
1262 4172 1444 4270 prostant,
1471 4174 1567 4251 inter
1585 4196 1679 4272 quoa
1695 4199 1734 4272 pr

557 4265 675 4360 cipern
699 4262 814 4335 tenuit
841 4262 957 4336 locum
983 4262 1218 4356 Adimantus,
1250 4268 1310 4367 qui
1339 4269 1666 4349 Manichaeismum
1694 4271 1732 4347 vi

557 4376 616 4448 tut
637 4357 679 4438 in
701 4355 862 4449 African
885 4358 1051 4449 Protoal
1074 4357 1272 4467 inveniffe,
1295 4364 1512 4471 magnosque.
1534 4366 1582 4447 ia.
1600 4392 1648 4469 ea
1669 4367 1734 4446 fec:

1716 4489 1734 4565 l
