3609 5500
286 895 362 985 426
678 885 828 991 Historia
850 882 980 988 Eccles.
1007 885 1124 990 const.

179 1134 185 1144 .
288 1065 509 1155 adtribuere,
541 1062 697 1139 voluerit
722 1067 906 1160 irenaeus,
940 1090 1021 1145 cum
1048 1085 1134 1142 tunc
1156 1089 1177 1143 a
1203 1061 1313 1142 Patria
1334 1063 1522 1166 effentia,

289 1182 328 1235 et
356 1165 509 1251 unione,
539 1161 673 1235 censeri
701 1160 869 1254 deberet,
905 1183 1032 1239 contra
1056 1163 1131 1260 ejus
1157 1185 1335 1254 mentem,
1365 1162 1522 1260 longius

287 1255 449 1332 semotus.
501 1260 684 1330 lrcnaeum
707 1260 881 1335 humanam
904 1260 980 1357 ejus
1003 1278 1160 1333 naturam
1185 1281 1257 1334 non
1281 1256 1423 1357 quidem
1440 1286 1517 1355 pu·

288 1356 439 1429 taverim
467 1353 505 1427 in
529 1352 640 1427 oculis
658 1353 833 1445 habuisse,
859 1376 938 1443 toto
954 1372 1128 1430 contextu
1144 1354 1231 1451 quip
1302 1375 1511 1465 repugnan-

290 1470 348 1541 te,
382 1451 461 1542 sed,
494 1448 586 1546 quod
610 1448 776 1525 Masiuet.
802 1452 840 1524 in
866 1448 956 1526 Dill.
981 1448 1134 1547 praeviis
1159 1449 1203 1523 ad
1227 1378 1320 1526 freon
1345 1472 1417 1545 Jam
1442 1472 1508 1523 no

290 1549 404 1636 tavit,
428 1545 632 1643 simpliciter
645 1544 852 1636 intendisse,
877 1547 1058 1621 scientiam
1074 1543 1168 1620 illam
1183 1545 1227 1620 ad
1241 1547 1401 1635 Patrem,
1427 1563 1504 1618 tan·

285 1668 391 1742 quam
418 1643 572 1730 sontem,
611 1640 762 1732 referre,
801 1642 960 1740 adeoque
990 1663 1063 1715 non
1086 1639 1157 1715 elie
1191 1664 1269 1715 eam
1295 1638 1521 1715 bominibus,

288 1739 527 1828 revelandam,
568 1736 627 1810 sed
653 1737 735 1809 Deo
767 1736 860 1811 Patri
888 1735 1165 1833 relinquendam
1213 1737 1348 1811 Dicere
1382 1736 1499 1830 itaque

289 1836 404 1910 voluit
431 1832 611 1921 Cluilius,
656 1832 842 1906 secundum
865 1833 1069 1921 Irenaeum,
1109 1829 1145 1904 se
1169 1830 1266 1906 illum
1298 1832 1393 1906 diem
1431 1844 1496 1901 noa

287 1931 387 2007 nolle
411 1954 456 2004 ex
479 1931 513 2004 se
541 1948 577 2002 et
602 1950 666 2023 per
690 1926 745 2017 se,
771 1928 828 2002 sed
851 1929 988 2003 aPatre
1008 1943 1143 2001 tantum
1160 1928 1312 2017 habere,
1338 1950 1405 2001 nec
1421 1915 1493 1999 nos·

156 2079 162 2088 -
287 2029 325 2103 se
352 2027 466 2116 illum,
499 2035 564 2121 qua
588 2022 841 2113 mediatorem,
882 2024 942 2120 qui
968 2045 1045 2096 eam
1069 2045 1149 2097 cum
1173 2022 1378 2098 hominibus
1401 2035 1493 2097 cota

287 2123 444 2199 munitat
466 2120 670 2207 scientiam,
696 2118 754 2195 sed
779 2118 889 2193 Patris
916 2117 986 2193 effe
1009 2119 1214 2214 propriam,
1238 2117 1372 2216 ipsique
1396 2108 1495 2191 relivr

287 2221 479 2319 quendam:
508 2215 605 2290 addit
622 2216 804 2305 Irenaeus,
830 2214 1006 2289 Christum
1020 2212 1103 2286 ideo
1128 2214 1172 2289 ad
1189 2216 1328 2289 Patrem
1349 2235 1430 2289 eam
1451 2220 1496 2275 re·

287 2314 423 2406 tulisse,
449 2336 507 2404 ut,
530 2314 667 2385 Patrem
691 2309 727 2384 se
744 2309 813 2384 else
829 2311 1020 2406 majorem,
1043 2308 1247 2390 inculcaret.
1294 2313 1336 2384 In
1354 2332 1426 2407 qua
1443 2314 1495 2371 ὅ·

287 2412 481 2513 plicatione
505 2405 679 2483 lubentius
702 2405 905 2503 acquiesco,
929 2404 1024 2505 quod
1049 2406 1073 2479 l.
1098 2427 1131 2479 c.
1157 2426 1229 2478 non
1253 2403 1386 2496 desint,
1411 2403 1499 2497 quat

277 2534 365 2583 eam
389 2506 597 2582 confirmare
620 2501 808 2591 videntur,
833 2521 870 2576 ut
895 2500 1029 2599 legenti
1055 2496 1248 2605 adparebit.

331 2606 364 2701 5.
393 2603 562 2674 LXXIV.
595 2620 629 2688 5.
654 2595 712 2670 De
733 2596 978 2693 generationis
1002 2612 1123 2668 natura
1148 2595 1427 2691 quidsenserit,
1470 2584 1506 2644 ‘t

283 2722 367 2775 num
392 2700 433 2771 ab
459 2694 555 2771 omni
582 2692 792 2768 aeternitate
815 2691 965 2784 fadlam,
989 2707 1029 2766 ut
1043 2711 1137 2788 mym
1149 2687 1259 2789 sermo
1279 2692 1420 2794 semper
1498 2698 1509 2715 ⁰

215 2813 218 2819 ·
283 2794 401 2871 buerit
417 2812 515 2867 extra
532 2792 667 2864 Patrem
685 2786 954 2878 subsistentiam,
972 2811 1016 2862 an
1034 2810 1116 2864 ante
1131 2787 1298 2863 mundum
1313 2784 1427 2867 condi

285 2911 436 2978 tantum,
454 2908 492 2961 ut
502 2904 605 2959 antea
619 2882 658 2957 in
667 2884 767 2957 Patre
784 2884 892 2960 solum
908 2881 1104 2974 exstiterit,
1121 2881 1331 2976 crediderit,
1350 2870 1519 2984 proffl‘

282 3009 325 3065 to
343 2985 489 3062 definire
505 3005 577 3056 non
593 2978 718 3069 austm,
744 2980 829 3054 licet
850 2982 892 3057 ad
910 2981 1006 3077 prius
1021 2981 1131 3076 magis
1146 2978 1326 3056 inclinem.
1360 2975 1499 3059 Patre.

286 3085 331 3164 nin
354 3100 508 3171 mentem,
540 3081 630 3178 λόγον
651 3081 808 3151 tationem
835 3079 891 3154 vel
918 3077 1133 3167 sermonem,
1157 3076 1180 3148 l.
1205 3077 1252 3149 11:
1282 3101 1300 3150 1
1329 3132 1339 3151 .
1371 3102 1438 3174 17·
1486 3067 1538 3175 ²,

285 3182 426 3282 quidem
453 3179 571 3265 secum
591 3173 800 3274 permiscet,
826 3194 865 3249 ut
881 3172 989 3270 sermo
1005 3170 1213 3246 substantiali
1233 3101 1419 3251 exilientia
1473 3151 1547 3292 εἴ,

284 3277 391 3360 tuille
416 3274 594 3361 videatur,
620 3272 712 3344 Deus
737 3269 851 3364 inquit
876 3286 963 3342 totus
985 3298 1049 3356 eur,
1073 3284 1160 3342 totus
1183 3272 1292 3364 niym,
1318 3286 1404 3343 totus
1415 3237 1512 3366 sc

275 3374 361 3471 sus,
395 3388 481 3444 totus
506 3367 613 3454 levia,
635 3382 721 3438 totos
746 3368 840 3438 ratio.
888 3366 991 3436 Pater
1015 3393 1078 3447 rae,
1112 3383 1148 3439 et
1171 3395 1218 3442 me
1249 3369 1351 3439 Pater
1382 3383 1418 3438 et
1501 3333 1555 3398 '⁸⁶

283 3491 397 3564 myos:
417 3464 496 3553 sed,
517 3461 783 3559 generationem
800 3480 880 3533 cum
889 3455 1050 3536 sermone
1062 3514 1073 3549 ,
1087 3459 1225 3534 homini
1242 3479 1325 3535 ante
1341 3460 1437 3536 inter
1451 3429 1562 3516 “⁰'-

281 3587 376 3642 nunc
394 3579 562 3646 externo,
579 3555 638 3630 seu
651 3555 795 3652 prolato,
823 3556 1038 3663 comparari,
1063 3580 1128 3652 qua
1145 3555 1372 3630 similitudine
1389 3558 1436 3631 ali

284 3661 335 3738 ust
360 3658 439 3731 sunt
464 3655 641 3740 Veteres,
666 3668 705 3724 ut
731 3672 776 3722 ea
802 3648 1037 3745 superioribus
1063 3669 1184 3748 patet,
1218 3675 1291 3725 non
1316 3651 1516 3731 admira,
1533 3642 1568 3761 οἶ

283 3757 373 3833 adeo
395 3769 433 3824 ut
459 3749 612 3821 absolute
639 3765 815 3821 aeternam
853 3745 1060 3822 existimasse
1091 3746 1255 3822 videatur
1317 3768 1453 3824 encrat
1476 3735 1562 3854 125

283 3874 386 3932 nem;
411 3847 432 3918 l.
462 3845 508 3917 Il.
533 3867 565 3916 c.
596 3851 654 3932 28,
679 3840 738 3914 ubi
761 3860 798 3915 et
816 3840 887 3916 hoc
910 3842 1027 3932 addit,
1048 3845 1258 3939 prolationem
1276 3771 1374 3938 idam
1397 3818 1545 3918 ml'
1558 3899 1568 3945 ῃ

282 3947 356 4019 five
378 3943 635 4036 generationem,
661 3937 732 4011 live
755 3942 1041 4035 nuncupationem,
1066 3937 1138 4012 five
1153 3942 1414 4032 adopertionem,
1440 3911 1566 4080 Vp

270 4041 420 4139 ,quolibet
445 4039 516 4129 quis
549 4038 671 4106 nomine
703 4039 885 4138 noeman,
924 4037 1162 4128 generationem
1189 4038 1259 4129 ejus
1293 4038 1477 4109 inenatrff
1564 4101 1569 4134 ,

282 4142 344 4212 lem
365 4129 553 4219 existentem
568 4153 656 4201 nemo
679 4134 785 4215 novit,
810 4129 872 4221 nifi
888 4127 1003 4225 solas,
1026 4132 1080 4223 qui
1099 4131 1289 4224 generavit,
1315 4131 1440 4220 Pater,

280 4236 335 4330 qui
359 4243 456 4301 natur
479 4222 543 4321 est,
578 4224 694 4296 Filius.
744 4227 803 4299 De
829 4228 965 4322 Spiritu
990 4226 1035 4323 S.v
1051 4224 1167 4312 idem,
1200 4225 1294 4320 quod
1323 4226 1367 4300 de
1384 4212 1476 4303 titi
1491 4185 1569 4262 b

263 4352 366 4408 ‚cum
389 4321 533 4402 senserit
548 4321 733 4414 irenaeus,
758 4321 802 4396 de
830 4345 875 4398 eo
897 4318 1081 4422 specimus
1110 4317 1217 4419 egiffe
1232 4318 1322 4513 nilqil
1342 4284 1569 4493 QZ

252 4488 262 4517 ,
453 4472 470 4492 a
881 4493 888 4500 ,
1307 4468 1316 4489 .

1072 4482 1098 4520 k.
