3609 5500
605 700 609 705 ·
702 690 811 769 &cul
834 688 904 769 rt·
1007 705 1012 713 ·
1342 708 1428 805 m·

192 893 324 970 corpus
352 868 512 949 Domini.
561 868 738 969 Loquitur
777 872 896 969 itaque
938 890 1021 949 cum
1055 876 1250 970 nonnullis,
1314 878 1351 955 ui
1391 904 1414 957 ι

188 990 345 1066 corpore
378 972 527 1045 Domini
560 970 623 1044 fibi
652 967 895 1044 abstinendum
925 966 1114 1045 stationum
1137 974 1260 1049 diebus
1287 978 1412 1073 opina·

191 1068 341 1155 bantur,
379 1068 472 1161 quod
493 1067 631 1164 jejunio
662 1064 745 1141 illud
773 1088 847 1139 uon
869 1064 1098 1145 conveniret:
1139 1068 1224 1146 sicut
1251 1073 1347 1146 enim
1374 1074 1411 1149 io
1461 1122 1465 1131 ,

190 1161 330 1236 solenni
353 1161 526 1257 paschatis
550 1161 690 1261 jejunio
723 1164 766 1236 ab
798 1159 903 1257 osculo
927 1179 966 1235 et
999 1161 1194 1257 eucharistia
1224 1165 1287 1240 fibi
1310 1192 1416 1245 cave·

190 1261 301 1349 bant,
331 1257 385 1330 ita
408 1258 446 1331 in
471 1259 585 1333 minus
615 1259 869 1332 solennioribus
889 1256 1035 1353 jejuniis
1064 1258 1157 1333 idem
1184 1262 1253 1335 esse
1277 1262 1418 1341 sacien-

188 1355 276 1429 dum
304 1356 491 1449 putabant:
526 1357 591 1428 lros
615 1354 779 1428 homines
800 1353 952 1443 refutat,
984 1352 1096 1451 iisque
1118 1357 1314 1454 scrupulum
1339 1362 1414 1435 eui·

189 1472 293 1524 mere
316 1470 483 1541 conatur,
518 1455 594 1541 vel,
627 1451 651 1523 st
684 1450 720 1523 id
743 1449 821 1524 fieri
847 1468 1018 1545 nequeat,
1050 1451 1237 1533 consilium·
1257 1457 1336 1547 dat,
1369 1461 1414 1533 de

188 1571 236 1620 co
283 1566 346 1618 ore
376 1546 526 1619 Domini
557 1546 792 1635 reservando,
834 1548 941 1642 usque
975 1547 1016 1621 ad
1056 1546 1195 1623 finitum
1226 1553 1413 1648 jejunium.

190 1644 240 1717 D'
258 1643 448 1737 crepabant
472 1643 592 1736 itaque
614 1644 657 1715 ab
680 1640 833 1716 Ecclesia
858 1642 965 1749 ineo
991 1658 1147 1733 tantum,
1172 1653 1266 1741 quod
1290 1648 1411 1724 statio·

189 1760 277 1813 num
296 1736 439 1827 diebus,
461 1757 543 1812 ante
559 1740 768 1837 explicitum
786 1739 984 1835 jejumum,
1007 1760 1158 1834 corpore
1183 1743 1331 1819 Domini
1347 1745 1412 1823 fibi

119 1864 123 1871 ·
188 1857 265 1907 non
290 1832 399 1907 licere
422 1835 475 1908 uti
497 1834 719 1926 censuerint,
744 1854 781 1907 et
807 1835 941 1908 nonin
967 1856 1033 1924 eo,
1069 1836 1162 1930 quod
1188 1852 1289 1915 rorum
1313 1841 1408 1919 diem

184 1927 401 2027 jejunarint,
433 1952 515 2003 cum
540 1930 723 2006 ainornm
756 1929 879 2003 horam
906 1926 942 2003 id
970 1946 1106 2005 tantum
1132 1931 1265 2009 faceret
1287 1938 1413 2023 Eccle-

190 2024 261 2100 fia:
293 2024 340 2099 de
364 2048 434 2121 qno
458 2045 497 2098 ct
520 2025 605 2099 illud
629 2025 795 2115 testatur,
828 2025 922 2121 quod
936 2046 1011 2195 fper
1036 2024 1239 2120 consilium,
1273 2058 1294 2107 a
1320 2034 1412 2109 Ter.

190 2120 337 2195 tulliano
360 2124 503 2212 datum,
525 2122 622 2196 suum
641 2119 816 2218 jejunium
839 2119 935 2195 mani
952 2117 1025 2193 este
1040 2121 1290 2218 publicassent,
1316 2132 1410 2226 quod

192 2218 298 2291 Tert.
322 2214 362 2289 in
386 2216 623 2314 superioribus
645 2216 723 2291 fieri
752 2218 883 2291 debere
916 2236 1126 2311 negaverat,
1161 2219 1184 2293 st
1217 2224 1312 2297 enim
1334 2248 1411 2303 non

188 2315 406 2402 comederent,
430 2312 490 2387 sed
511 2311 710 2408 reservarent
731 2313 861 2410 corpur
876 2311 1049 2401 Domini,
1082 2315 1204 2411 utique
1233 2317 1268 2396 se
1295 2321 1412 2407 adhuc

181 2414 342 2507 jejunare
364 2408 585 2484 declarabant
1349 2433 1355 2445 ·

238 2504 271 2603 ᾖ.
296 2503 431 2579 CXIV.
455 2505 756 2580 Sacramentorum
767 2502 1066 2581 administratione
1082 2508 1271 2605 explicita,
1289 2514 1411 2614 magni

185 2601 364 2678 momenti
387 2600 571 2677 materiam
596 2600 805 2700 adgredior,
829 2600 870 2675 in
892 2600 1066 2675 Veterum
1082 2606 1269 2700 opiniones
1286 2612 1331 2685 de
1347 2635 1410 2687 eo·

187 2719 272 2774 rum
294 2716 438 2788 natura,
468 2715 505 2772 et
526 2721 623 2773 vero:
638 2695 848 2794 conspeetu,
880 2716 923 2772 ac
948 2696 1135 2791 efficacia,
1167 2701 1406 2800 inquisrt'urtrr.

188 2797 285 2868 Sunt
323 2809 440 2868 antem
470 2796 531 2876 dito
571 2790 783 2890 quaestionis
801 2792 957 2888 capita,
998 2817 1096 2868 unum
1130 2795 1176 2868 de
1212 2801 1411 2892 praesentia
1543 2817 1548 2828 ’

188 2883 325 2964 christi
348 2888 386 2962 in
408 2888 651 2980 sacramentis,
676 2889 733 2964 vel
757 2886 892 2964 unione
916 2889 1095 2983 ejur'cunt
1118 2887 1184 2979 iis,
1219 2893 1410 2991 praecipue

187 2979 418 3075 eucharistia,
456 2988 597 3061 alterum
628 2985 674 3059 de
700 3005 790 3060 vero
810 2981 1149 3080 eorumconspeslu
1172 3005 1215 3060 ae
1239 2987 1409 3066 efficacit.

187 3079 292 3156 Prius
323 3097 429 3179 caput
460 3080 692 3156 vehementer
723 3079 775 3154 est
801 3078 1071 3154 controversum
1103 3079 1198 3156 inter
1220 3083 1406 3164 Romano·

188 3175 351 3265 Cathol,
383 3175 618 3274 Emugelicos
640 3177 699 3252 seu
724 3173 964 3266 Lutheranot,
996 3194 1035 3248 et
1058 3175 1310 3273 Reformatos,
1344 3181 1415 3282 qui,

186 3273 310 3348 Patres
338 3269 379 3348 in
400 3273 476 3347 suar
497 3273 610 3349 solent
633 3272 756 3368 finguli
781 3270 920 3382 ualuere
944 3289 1072 3380 partes.
1097 3369 1105 3385 ὓ
1124 3274 1184 3384 De
1208 3299 1273 3373 qua
1290 3279 1409 3378 dispu.

184 3366 345 3539 llll,
362 3377 554 3540 lolli,
578 3390 665 3539 ”⁰21
680 3364 1199 3540 lllr‘slll‘ll‘l‘lu
1217 3395 1410 3568 ‘illisu

182 3557 407 3658 flantiarione
432 3491 776 3670 RomatioPCathol,
802 3582 905 3671 quam
922 3516 1260 3672 itot’amsupponere
1285 3566 1348 3641 iric
1369 3566 1412 3641 li·

190 3672 276 3765 cet,
303 3654 466 3770 'ebenum
487 3680 543 3768 ‘ex
564 3659 685 3768 mustis
705 3677 826 3732 evtncr
848 3652 969 3752 potest
994 3661 1211 3747 rationibus,
1258 3683 1411 3772 quarum

186 3748 1134 3954 tizllmll‘lcllltotainlibim?
1159 3753 1216 3924 [ἐξ
1237 3757 1412 3930 lllllll

188 3965 227 4023 2.
250 3941 426 4039 adpellant
440 3968 581 4042 quoque
597 3945 850 4040 hanetypum,
875 3945 1063 4030 emblema,
1082 3943 1230 4040 figuram
1245 3965 1314 4023 ete.
1332 3971 1412 4025 cor·

187 4038 290 4136 porit
306 4057 356 4114 et
380 4040 560 4142 sanguinis
583 4039 724 4116 emisti.
773 4063 807 4135 3.
833 4037 1008 4114 Christum
1040 4036 1111 4112 elle
1139 4041 1178 4113 in
1212 4044 1333 4134 coelo,
1374 4059 1414 4116 et

186 4159 210 4212 a
234 4154 330 4209 terra
352 4139 587 4232 corporaliter
600 4137 801 4235 absentem,
827 4133 1075 4216 crediderunt:
1098 4157 1135 4226 4.
1153 4155 1232 4210 non
1254 4159 1317 4212 ore
1332 4159 1413 4210 cor·

239 4229 434 4332 Tomglll.
779 4232 880 4308 Οοο
1323 4229 1424 4332 potin
