3609 5500
682 776 792 859 Serui,
815 776 869 857 ΙῙ.
891 802 896 809 ·
1314 804 1398 893 1517¹

182 948 246 1047 nna
265 958 307 1038 lit
331 953 516 1036 lirbstantia
538 954 682 1051 divina,
707 976 777 1036 tres
792 957 1061 1037 excellentiores
1083 960 1122 1039 in
1139 960 1220 1041 Deo
1244 965 1383 1065 perfec-

185 1062 292 1137 tiones
308 1112 319 1149 ,
335 1075 376 1131 ut
392 1059 494 1132 Pater
508 1054 551 1130 stt
571 1065 620 1132 ait
637 1079 745 1146 mens,
772 1060 801 1129 F
802 1057 882 1130 ilius
914 1056 1043 1131 mentis
1067 1064 1151 1134 ratio
1175 1062 1314 1137 interna
1347 1082 1385 1139 et

183 1158 337 1255 potentia,
370 1153 510 1249 spiritua
523 1152 700 1247 sapientia.
751 1152 852 1256 Quae
877 1150 983 1227 thefiu
1006 1176 1052 1227 ex
1075 1153 1106 1255 i.
1135 1179 1192 1229 ro.
1218 1158 1310 1232 clare
1325 1160 1386 1235 de·
1417 1246 1421 1253 ,

184 1250 394 1326 monstratur.
441 1247 599 1322 Videtur
631 1246 793 1343 quidem,
839 1265 879 1320 ut
913 1246 984 1321 hoc
1014 1251 1238 1349 praemittam
1271 1253 1387 1328 obser·

184 1366 312 1436 vatum,
352 1341 460 1417 Filius
499 1343 536 1416 bi
564 1342 610 1416 ad
636 1342 729 1416 ellari
756 1354 807 1420 ,rio
830 1350 887 1419 ul
903 1364 999 1440 nepot
1026 1368 1114 1419 meas
1146 1364 1179 1419 et
1210 1353 1296 1421 ratio
1319 1348 1386 1425 Pa·

185 1446 258 1517 tria:
280 1440 340 1516 sod
356 1436 555 1513 defeiiuosa
577 1364 633 1511 eli
645 1438 773 1529 lettio,
805 1459 842 1513 et
864 1441 1047 1537 praemitti
1073 1438 1181 1516 debet
1205 1444 1294 1541 auio
1317 1444 1388 1521 Pa·

185 1556 246 1627 ter,
281 1533 538 1633 legendumque
567 1562 666 1630 remp
686 1543 731 1613 rie
752 1536 858 1610 Pater
889 1560 999 1628 mens,
1031 1545 1085 1611 eal
1106 1536 1200 1638 aiyor
1226 1560 1257 1616 tt
1275 1542 1386 1639 sermo

187 1635 293 1710 Patris
316 1633 411 1729 filius
434 1628 521 1718 Dei,
555 1649 594 1703 ut
628 1654 674 1705 ex
706 1649 784 1705 toto
808 1631 999 1707 ratiocinio
1031 1652 1069 1707 et
1092 1634 1163 1733 seq.
1194 1636 1246 1714 est
1276 1640 1387 1713 mani-

188 1724 324 1817 festum,
361 1746 447 1799 mort
472 1722 569 1799 enim
598 1726 697 1801 Deus
720 1727 978 1824 adpellatur-al't
1001 1735 1095 1807 alluo
1118 1756 1206 1807 mens
1230 1749 1388 1829 aeterna,
1480 1744 1485 1755 '

189 1824 302 1897 lateus
318 1825 350 1894 in
357 1820 399 1918 se
415 1818 481 1916 ipso
504 1818 555 1894 τίν
574 1821 666 1919 tipo
689 1828 868 1916 aaronem„
897 1824 1153 1923 Compendiosa
1167 1826 1262 1902 forte
1279 1828 1388 1928 scrip-

190 1918 241 1995 tio
259 1916 364 2006 fecit,
387 1936 427 1990 ut
449 1939 546 2012 remp
570 1917 755 1993 exciderit.
805 1922 991 2012 ceterum,
1031 1920 1204 1998 rationem
1232 1924 1389 2001 redditu·

188 2036 261 2104 rus,
289 2034 394 2110 quare
418 2013 525 2088 Filius
549 2013 592 2087 stt
608 2018 778 2111 progenies
798 2013 930 2105 Patris,
956 2036 1063 2114 negat
1088 2018 1138 2092 ita
1152 2016 1256 2110 -dici,
1291 2022 1388 2117 quod

186 2108 225 2187 stt
244 2136 397 2208 ympnus
402 2106 546 2278 1patiar,
570 2112 629 2184 vel
650 2126 770 2199 natus,
803 2108 884 2207 quia
898 2110 1016 2201 Deus,
1050 2112 1267 2210 aprincipio
1289 2138 1390 2192 ment

185 2225 318 2282 aeterna
341 2205 400 2284 exi
431 2229 511 2295 eno,
537 2199 612 2374 ipse
629 2203 667 2279 in
683 2206 719 2279 st
737 2205 816 2301 ipso
838 2204 961 2280 habuit
975 2209 1152 2297 rationem,
1177 2230 1258 2284 cum
1274 2209 1316 2285 stt
1330 2236 1390 2285 ra·

187 2303 318 2377 timolis.
366 2300 528 2407 Quorum
576 2297 740 2375 iciensta
753 2297 815 2373 est.
868 2303 957 2376 Cum
973 2303 1069 2375 Deus
1082 2301 1127 2377 lit
1140 2326 1261 2399 ment,
1284 2305 1391 2392 adeo·

185 2421 245 2496 que
274 2399 401 2472 ratione
429 2394 628 2493 praeditus,
660 2417 738 2471 eam
762 2394 939 2471 rationem
962 2396 1086 2475 habuit
1110 2398 1173 2473 fibi
1196 2404 1391 2479 naturalem

188 2514 222 2566 et
247 2490 449 2591 propriam,
481 2489 592 2564 acad
613 2489 744 2564 mentis
766 2510 923 2567 naturam
948 2490 1209 2587 pertinentem,
1249 2520 1392 2595 quarea

186 2588 261 2663 Deo
286 2602 451 2686 generata
473 2607 549 2658 non
568 2582 640 2676 est,
664 2604 725 2661 aut
754 2584 865 2677 satia,
900 2608 970 2663 nec
992 2587 1099 2663 Filius
1126 2613 1171 2665 eo
1201 2590 1299 2667 sensu
1317 2594 1399 2671 dici-

185 2682 292 2782 potest
305 2687 478 2779 progenies
495 2679 629 2770 Patria,
654 2701 736 2757 nam
757 2703 876 2774 mens,
897 2681 1075 2759 rationem
1101 2705 1223 2761 natura
1238 2686 1391 2782 habens,

187 2803 256 2853 eam
279 2801 351 2855 non
380 2794 541 2876 generat.
589 2776 703 2852 Tollit
732 2775 852 2852 itane
882 2777 1065 2852 manifeste
1097 2800 1273 2856 aeternam
1307 2783 1391 2860 Filii

185 2875 462 2974 generationem,
487 2893 555 2945 nec
579 2871 623 2946 ab
649 2869 773 2946 intima
822 2869 906 2944 atris
930 2872 1068 2946 ratione
1085 2897 1165 2946 eum
1184 2873 1388 2974 distinguit:

187 2969 335 3060 aceedit,
355 2991 437 3044 eum
461 2965 724 3063 generationem
741 2966 780 3040 in
790 2963 955 3060 progrgffit
971 2965 1045 3061 ejus
1060 2967 1102 3039 ad
1119 2967 1286 3044 mundum
1302 2991 1389 3045 con·

190 3063 331 3138 dentium
353 3065 545 3152 collocare,
581 3060 671 3135 adeo
692 3079 734 3135 ut
764 3077 868 3136 antea
896 3063 935 3136 in
958 3061 1059 3134 Patre
1086 3060 1195 3136 suerit
1223 3068 1391 3146 naturalis
1475 3127 1477 3132 .

189 3158 260 3255 ejus
279 3163 371 3234 ratio.
418 3161 478 3232 De
504 3154 639 3253 Spiritu
662 3159 699 3232 S.
723 3179 779 3230 rea
802 3179 913 3254 aeque
938 3154 1089 3231 dilucida
1119 3155 1191 3249 est,
1237 3161 1389 3260 adpellat

185 3255 274 3328 enim
289 3279 367 3330 eum
385 3254 493 3351 ipsam
511 3254 624 3326 Patris
626 3253 847 3348 sapientiam,
871 3275 980 3348 quae,
1007 3275 1088 3327 cum
1102 3249 1269 3338 effetium
1288 3257 1383 3353 edit,

184 3346 300 3444 effluit,
324 3371 362 3424 et
386 3351 430 3424 ad
455 3351 592 3424 Patrem
617 3346 829 3440 relieiiitur,
862 3345 920 3422 seu
944 3347 983 3423 in
1006 3371 1086 3426 eum
1104 3345 1237 3456 aestuo,
1279 3351 1386 3432 instar

185 3444 349 3521 radiorum
373 3439 648 3532 solis3subs1stit
675 3441 794 3540 itaque
821 3443 859 3516 in
886 3443 997 3519 Patris
1021 3443 1189 3537 effentta,
1215 3463 1252 3522 et
1276 3472 1383 3530 exea

185 3539 358 3617 emittitur.
409 3543 566 3614 Conatue
584 3537 724 3634 quidem
744 3535 795 3610 est
809 3539 923 3612 Bullus
937 3541 960 3613 l.
985 3562 1016 3614 c.
1040 3537 1078 3612 in
1094 3538 1266 3616 saniorem
1282 3567 1382 3620 mett·

186 3653 255 3708 tem
275 3637 361 3709 haee
384 3632 581 3732 explicare,
605 3632 664 3706 sed
678 3631 794 3707 minus
815 3631 988 3708 feliciter:
1026 3633 1078 3706 uti
1102 3633 1205 3710 facile
1221 3657 1333 3734 patet.

217 3731 410 3898 LlelVl.
440 3727 622 3802 Hatlenut
646 3727 685 3801 in
708 3725 808 3800 claris
833 3729 961 3802 versati
987 3724 1135 3816 luimus,
1160 3747 1198 3803 et
1221 3752 1379 3814 mentem

183 3823 215 3898 A
255 3848 315 3902 ena
340 3848 422 3899 orae
456 3825 528 3897 huc
557 3820 673 3898 redire
704 3820 962 3913 intelleximus,-
998 3827 1154 3899 rationrm
1193 3829 1383 3907 naturalem

182 3921 223 3994 ab
238 3943 328 3994 omm
344 3919 556 3996 aeternitate
578 3916 648 3992 effe
664 3915 808 4008 Filium,
832 3919 973 4015 ejusque
988 3917 1189 4018 sapientiam
1212 3922 1383 4020 Spiritum

184 4017 240 4104 8.,
255 4017 343 4090 hunc
360 4034 477 4090 autem
485 4012 665 4110 sennonem
680 4037 700 4089 a
718 4015 801 4087 Deo
810 4014 968 4089 emiilum
986 4014 1055 4088 elle
1070 4015 1113 4088 ad
1129 4038 1185 4088 res
1199 4019 1383 4113 creandas,

181 4129 219 4183 et
233 4109 427 4206 sapientiam
450 4111 494 4187 ad
518 4105 682 4184 homines
702 4105 944 4199 instruendos3
965 4109 1182 4206 progrellum
1208 4129 1245 4184 et
1260 4111 1384 4186 efflux-

183 4225 242 4277 um
264 4229 308 4280 en
331 4208 403 4300 ipsa
425 4205 498 4286 Dei
521 4201 655 4282 fatiunt
677 4203 747 4282 elle
772 4202 940 4299 essentia,
978 4225 1060 4282 cum
1086 4203 1387 4304 munduseonde·

228 4289 312 4386 Tuo·
335 4303 409 4382 111.
729 4297 829 4400 Ggg
1009 4383 1011 4388 ,
1285 4317 1385 4378 retur
