3609 5500
278 981 351 1055 140
680 959 833 1072 Wflotio'
850 959 980 1074 Eccltst
1007 971 1154 1072 const.-

285 1161 325 1216 et
364 1145 433 1243 seq.
477 1143 583 1224 unice
619 1152 822 1244 conv'enit3
864 1155 917 1229 uti
956 1155 1101 1251 sequens
1137 1148 1301 1226 trailatio
1342 1150 1502 1226 docebit.

284 1261 318 1312 2.
344 1241 483 1338 Turpes
508 1246 777 1341 parachronisrni
804 1273 847 1322 ac
870 1272 1007 1322 errores
1033 1249 1070 1322 in
1097 1246 1164 1322 illis
1179 1245 1368 1346 prostant,⁴
1383 1248 1504 1345 quoles

283 1335 327 1407 ab
349 1338 547 1433 Apostolis,
584 1362 643 1416 aut
670 1343 911 1441 antiquilhtnis
934 1344 1133 1433 autoribus,
1149 1397 1151 1402 -
1166 1343 1344 1417 committi
1361 1361 1503 1438 neque-

284 1452 368 1524 unt,
393 1440 436 1509 ab
464 1436 603 1511 Ull'crio
629 1457 666 1510 et
692 1440 776 1529 aliis}
788 1440 859 1536 jam
883 1440 1018 1514 notari:
1045 1464 1100 1513 ex,
1126 1462 1179 1535 gr.
1205 1441 1356 1535 Jacobut
1383 1437 1502 1511 Zebe-

210 1585 213 1594 ·
280 1531 360 1604 daei
387 1535 408 1605 l.
436 1533 502 1606 Vl.
530 1533 608 1628 post
634 1537 824 1609 concilium
856 1536 1035 1610 Hierosol.
1071 1535 1152 1609 Act.
1177 1536 1262 1610 XV.
1297 1532 1413 1607 adhuc
1441 1534 1500 1607 vi·

281 1651 347 1701 vus
372 1627 498 1700 sistitur
530 1651 598 1703 etc.
649 1656 682 1726 3.
707 1631 831 1705 Euseb.
857 1632 907 1705 H.
933 1632 975 1703 Ε.
1002 1632 1068 1704 111:
1097 1652 1155 1725 35.
1180 1628 1283 1725 ponit
1307 1628 1504 1704 hoslibroo

280 1737 311 1802 tr
334 1743 392 1803 rote
417 1724 511 1801 iiior
536 1724 573 1798 in
600 1725 817 1821 spuriorum,
843 1726 960 1799 saltem
977 1725 1182 1813 dubiorum,
1208 1737 1376 1799 nurnero:
1401 1723 1502 1821 quod

279 1822 411 1916 Epiph.
438 1819 570 1892 locros.
599 1822 839 1896 Audianotum
870 1824 1079 1911 confirmat,
1111 1821 1197 1894 licet
1221 1822 1339 1919 magni
1357 1844 1419 1893 eos
1445 1820 1499 1893 fa·

168 1927 171 1935 '
282 1918 364 1992 ciat.
412 1940 446 2005 4.
510 1915 578 1988 uod
604 1941 691 1989 vero
720 1920 763 1992 ad
787 1916 1041 2007 Arianismum,
1068 1939 1171 2012 quern
1203 1916 1361 1990 nonnulli
1387 1915 1426 1988 in
1454 1915 1504 1990 iis

279 2010 450 2090 detexillc
472 1917 535 2085 iili
561 2009 744 2100 videntur,
789 2032 827 2085 et
850 2031 999 2108 propter
1022 2035 1125 2108 quem
1152 2011 1296 2086 Wiston
1325 2012 1363 2086 in
1388 2011 1498 2108 Chris·

280 2108 431 2207 tiottismo
455 2109 592 2182 redivivo
617 2130 682 2201 pro
704 2108 910 2217 genuinoA
939 2108 1126 2182 ostolorum
1153 2107 1253 2181 foetu
1280 2107 1494 2204 eoeagnos·

281 2208 355 2297 cit,
389 2203 558 2277 refutatus
582 2225 601 2275 a
625 2203 763 2277 Clerrco
797 2202 835 2276 in
858 2203 906 2275 D'
938 2260 947 2277 .
982 2200 1160 2277 sub’uniia
1187 2202 1343 2277 Patribus
1365 2201 1500 2299 Apost.

280 2299 475 2387 Cotelerii,
509 2297 666 2387 adtinet,
700 2299 808 2371 libros
830 2297 927 2388 illos,
965 2302 1011 2372 ob
1033 2229 1206 2373 haerefios
1230 2297 1361 2372 semina
1383 2298 1421 2374 in
1451 2298 1500 2374 iis

279 2397 443 2482 latentia,
466 2391 669 2489 repudiatos
687 2393 788 2470 fuiffe
805 2420 826 2469 a
843 2393 976 2490 synodo
994 2395 1158 2469 Trullana
1174 2393 1240 2469 sec.
1259 2396 1346 2469 Vll.
1368 2418 1500 2470 verum

282 2493 425 2592 quidem
450 2488 522 2573 est,
548 2506 585 2560 et
610 2488 753 2563 testatur
775 2513 913 2588 quoque
940 2489 984 2601 de
1011 2513 1057 2563 eo
1079 2489 1183 2564 Phot.
1209 2488 1247 2562 in
1274 2490 1387 2578 Bibl.;
1413 2491 1498 2566 fieri

279 2613 421 2763 guoque
446 2584 585 2681 potuit,
625 2603 664 2656 ut
688 2585 737 2659 illi
763 2585 1048 2680 interpolattores
1072 2604 1158 2660 tunc
1183 2583 1402 2678 exstiterint,
1434 2588 1498 2662 vel

316 2683 402 2759 riani
435 2681 614 2755 nonnullas
642 2679 679 2754 in
703 2680 798 2761 suum
822 2682 981 2756 favorem
1008 2678 1179 2754 traxerint
1205 2680 1365 2782 phrases,
1404 2697 1524 2758 atta-²

281 2806 365 2858 rnen
393 2802 460 2851 ncc
493 2775 615 2849 Ariani
644 2777 808 2872 leguntur
840 2777 883 2851 ad
916 2800 977 2853 eos
1034 2776 1234 2869 revocasse,
1275 2799 1343 2850 nec
1375 2779 1503 2854 Patres

279 2899 353 2955 tam
379 2872 510 2948 finistre
535 2872 579 2945 de
603 2871 647 2943 iis
667 2870 867 2967 judicarunt
891 2871 959 2963 sec,
986 2801 1044 2947 lif
1068 2890 1105 2944 et
1128 2873 1200 2963 V.‚
1234 2871 1308 2944 imo
1333 2872 1402 2972 Epi
1430 2872 1496 2950 ha·

279 2975 362 3050 ttius
387 2975 408 3046 l.
437 2994 466 3043 c.
492 2966 579 3040 nihil
603 2969 641 3040 in
673 2967 718 3039 iis
744 2990 928 3042 occurrere
955 2966 1161 3042 Catholicae
1195 2966 1278 3042 fidei
1303 2986 1362 3041 aut
1414 2971 1524 3045 isci··

278 3071 396 3171 plinae
422 3063 600 3141 adversum
629 3061 790 3138 testatur:
834 3063 922 3138 nihil
946 3064 1052 3137 etiam
1075 3082 1112 3137 et
1135 3085 1229 3138 nunc
1253 3061 1291 3135 in
1319 3063 1363 3137 iis
1391 3087 1497 3162 repe-

279 3170 390 3259 ritur,
418 3161 510 3261 quod
536 3184 616 3234 cunr
642 3161 932 3235 orthodoxorum
956 3162 1093 3234 Parrum
1124 3156 1218 3234 scitis
1244 3157 1282 3231 in
1306 3161 1498 3236 concordi·

280 3264 338 3341 a'm
353 3261 467 3356 redigi
491 3257 635 3353 nequit,
664 3256 716 3330 uti
733 3258 847 3330 Bullus
871 3256 908 3329 in
925 3256 995 3329 def.
1021 3255 1105 3328 Fed.
1131 3251 1216 3329 Nic.
1238 3255 1310 3349 jatn
1327 3254 1520 3336 ostendit.¹

278 3364 447 3432 Ceterum
479 3353 522 3422 de
564 3351 703 3445 origine
737 3374 859 3421 eorum
897 3349 1063 3421 librorum
1098 3371 1168 3420 non
1208 3351 1302 3424 idem
1337 3349 1496 3427 sentiunt

279 3450 414 3527 Docti:
440 3443 527 3520 mihi
544 3467 615 3515 non
633 3445 674 3514 fit
693 3442 932 3538 inprobabilc,
983 3445 1050 3517 uod
1068 3445 1226 3521 Pearson.
1252 3447 1350 3520 vind.
1375 3448 1492 3543 lgnat.

280 3571 318 3643 p.
344 3546 389 3617 ΙΙ.
414 3564 445 3615 c.
471 3562 505 3627 4.
530 3537 707 3633 conjecit,
748 3563 808 3611 eos
832 3563 877 3612 ex
903 3468 1020 3614 moitis
1046 3546 1196 3638 διδαχαις
1222 3542 1498 3640 institutionibus,

135 3724 143 3731 α
201 3701 203 3705 ,
281 3661 370 3736 quae
387 3633 585 3732 Apostolis,
610 3635 666 3707 vel
685 3632 900 3728 Apostolicis
926 3636 1031 3724 viris,
1056 3639 1247 3732 adscriptae
1274 3637 1372 3728 sunt,
1399 3639 1437 3713 in
1454 3663 1494 3714 u·

280 3752 366 3811 num
389 3728 578 3824 conjectis,
613 3730 670 3801 vel
695 3731 935 3825 interpolatis,
970 3732 1071 3807 soille
1093 3734 1335 3808 concinnatos.
1385 3735 1497 3812 Tales

278 3830 403 3925 utique
439 3824 551 3899 varias
581 3824 738 3898 didachos
770 3827 885 3901 locum
920 3827 1098 3918 habuisse,
1141 3830 1220 3902 satis
1247 3828 1381 3905 constat
1398 3854 1420 3924 ε,
1452 3832 1514 3925 in„

280 3927 374 4001 illam
403 3945 540 4019 quoque
565 3922 712 4011 molem,
738 3946 839 4018 quam
860 3947 953 3997 nunc
975 3925 1123 4011 habent,
1151 3928 1304 4000 nondum
1323 3947 1496 4002 excreve-

280 4039 360 4094 rant
383 4038 544 4112 tempore
570 4018 730 4106 Eusebii‚
765 4019 964 4111 Athanasii,
1005 4041 1041 4094 et
1064 4020 1276 4116 Epiphanii3
1311 4021 1395 4095 licet
1420 4045 1495 4097 non

279 4113 415 4195 fuerint
438 4115 480 4188 ab
512 4111 594 4200 illis,
634 4137 719 4207 quae
743 4136 836 4188 nunc
870 4115 1024 4205 exstant,
1064 4117 1230 4192 diversae.
1282 4119 1337 4190 Ex
1368 4116 1499 4213 quibus

279 4212 444 4290 omnibus
466 4226 591 4307 patet,¹
605 4206 712 4281 libros
729 4208 832 4282 hosce
857 4212 899 4286 ad
924 4211 1056 4285 veteris
1074 4212 1247 4287 Ecclesiae
1264 4214 1386 4286 statutn
1406 4235 1495 4314 cog-

277 4306 490 4389 noscendum
516 4301 622 4391 nihil,
657 4303 715 4377 sed
741 4306 887 4381 multum
912 4308 954 4382 ad
985 4306 1051 4380 sec.
1078 4311 1135 4385 IV
1158 4330 1194 4382 et
1218 4311 1267 4385 V.
1305 4307 1492 4404 prodelle,

273 4408 434 4507 adeoque
454 4399 599 4503 inignir
620 4395 691 4479 effe
718 4399 899 4500 utilitatis,
932 4420 971 4480 ut
994 4404 1055 4483 suo
1077 4407 1158 4484 loco
1179 4402 1372 4577 liquebit.C
