3609 5500
275 953 365 1044 '306
666 947 815 1053 ffiflotr’rt
836 946 968 1055 Etclrs.
994 951 1116 1056 sitisti

285 1130 388 1221 ¹uult,
431 1124 562 1231 quippe
590 1129 684 1227 quod
711 1132 778 1229 per
807 1150 919 1208 totam
955 1131 1061 1234 epist„
1094 1131 1269 1223 inculcat,
1309 1145 1348 1203 et
1380 1126 1412 1229 i.
1457 1151 1524 1226 go·

290 1225 419 1302 diserte
455 1224 569 1314 dicit,
601 1226 1071 1338 credentes-aperilemyron
1093 1235 1221 1341 arrhis,
1241 1226 1456 1338 justificari:
1539 1243 1543 1251 ’

284 1320 1524 1527 .tl·,5s¹;l0hl;sttttterremtatem

285 1510 861 1685 'tilplzlmclltiillettst
875 1513 1524 1688 diiliisqiiiinfiiiinffiiss

294 1706 367 1781 lere
383 1704 548 1802 fitrnmunt
564 1704 788 1800 sacerdotem,
832 1723 865 1780 et
886 1700 1088 1802 praesidem,
1127 1639 1320 1805 iespicierts
1345 1704 1389 1777 ad
1414 1702 1447 1802 5
1473 1708 1526 1798 36

138 1821 143 1828 “
293 1820 331 1876 et
347 1811 416 1891 58,
442 1821 512 1873 non
531 1818 647 1872 autem
667 1801 883 1892 diviniores,
918 1824 977 1876 aut
1004 1803 1247 1893 sublimiores,
1268 1802 1312 1875 de
1340 1823 1386 1873 eo
1409 1820 1524 1872 voces

320 1895 550 1983 renunciare,
594 1895 677 1968 licet
711 1920 782 1970 nec
815 1899 1029 1972 contrarium
1054 1897 1196 1973 statuat.
1241 1896 1411 1971 Photium
1439 1916 1520 1990 per·

293 1918 440 2065 ilrinxit
461 1993 506 2066 G.
533 1990 645 2063 Bullus
663 1990 734 2064 des.
758 1990 819 2065 fid.
845 1992 932 2067 Nic.
958 1991 1041 2068 seu.
1067 1995 1138 2070 Ill..
1159 2012 1198 2067 et
1218 1991 1331 2090 aliqua
1375 1988 1526 2064 roduxir

292 2087 393 2175 roca,
413 2110 458 2160 err
474 2086 596 2184 quibus
608 2109 697 2192 'vera
707 2084 835 2161 Christi
853 2088 1017 2163 diuinitas
1035 2092 1262 2186 probaretur,
1283 2087 1335 2161 uti
1350 2016 1385 2184 i.
1401 2092 1460 2174 16,
1472 2106 1522 2179 32

247 2255 252 2262 ,
295 2201 334 2256 et
354 2190 412 2277 36.
453 2186 676 2255 Sententiam
700 2182 859 2257 breviter
882 2184 993 2259 tribus
1010 2183 1165 2260 thesibus
1179 2206 1359 2282 exponam
1387 2203 1419 2255 1.
1437 2180 1520 2253 Pri·

295 2303 350 2353 ma
371 2276 444 2367 est,
466 2279 688 2386 Clementem
709 2275 746 2386 in
764 2276 901 2353 Christo
918 2278 1178 2371 sublimiorem,
1200 2299 1239 2354 et
1253 2277 1411 2352 divium
1421 2329 1437 2365 ,.
1459 2298 1528 2350 na·

292 2371 1094 2576 iiis}„iiiiiiiii‘iimimiiffqffii
1111 2374 1529 2576 illitati&

292 2590 389 2651 rtem,
415 2561 498 2636 strio
520 2560 731 2657 Apostolrco
805 2582 926 2639 atenus
948 2566 1036 2641 bomo
1059 2567 1131 2659 est,
1164 2590 1245 2642 eum
1270 2565 1302 2665 i.
1330 2571 1375 2637 16
1398 2562 1440 2637 ad
1491 2563 1521 2637 h

287 2663 343 2735 lat
358 2660 524 2756 sceptrum
547 2655 743 2753 Majeslutis
803 2663 832 2731 ei
848 2678 930 2732 ante
955 2661 1145 2736 adventum
1169 2664 1207 2736 in
1230 2682 1440 2746 carnem;.a
1465 2657 1529 2737 dit

290 2757 411 2845 enim,
433 2776 513 2827 eum
530 2775 590 2824 non
607 2759 678 2828 teti
720 2767 808 2830 'curn
819 2758 989 2850 jailaotia
1005 2767 1213 2855 arrogantiae
1230 2775 1305 2833 etc.
1324 2751 1388 2848 etst-
1395 2752 1526 2853 poffit,

282 2851 349 2952 sod
364 2857 397 2924 t'n
413 2849 617 2957 honilitatt:
641 2870 694 2924 uti
711 2852 831 2923 Paulus
856 2875 995 2949 quoque
1012 2854 1104 2928 dixit
1129 2856 1216 2928 Phil.
1240 2854 1288 2926 Il.
1327 2855 1407 2924 lmo
1424 2873 1521 2928 vero

287 2949 324 3050 ᾗ,
352 2954 414 3045 3⁶·
446 2944 569 3019 iisdem
595 2944 671 3018 fere
704 2947 921 3049 argumentis
954 2954 1079 3045 probat
1106 2950 1233 3024 Christi
1263 2946 1523 3041 divinitatem,

288 3047 422 3143 quibus
435 3039 562 3137 Apost.
579 3042 680 3116 Heu.
696 3045 748 3133 1.‚
774 3044 865 3118 unde
884 3044 991 3119 etiam
1007 3047 1162 3121 desumta
1184 3047 1272 3120 sunt.
1308 3066 1340 3117 2.
1365 3043 1524 3122 Secunda

288 3143 426 3230 habet,
456 3135 633 3213 Christum
659 3139 823 3238 nusquam
851 3143 991 3232 Deum,
1016 3144 1075 3217 sed
1098 3144 1233 3239 semper
1258 3141 1450 3227 Dominum,
1477 3157 1519 3214 et

288 3237 407 3314 solum
440 3237 578 3308 Patrem
610 3234 774 3331 adpellari
798 3236 929 3312 Deum:
970 3238 1036 3312 nisi
1067 3239 1142 3334 quis
1169 3240 1239 3311 huc
1273 3238 1386 3309 trahat
1419 3232 1451 3326 s.
1480 3258 1542 3312 a„

194 3400 198 3407 .
288 3330 483 3407 fecundum
508 3332 684 3424 vulgatam
708 3332 917 3419 lectionem,
960 3336 1019 3407 ubi
1044 3335 1226 3431 παθήματα
1249 3342 1325 3410 titre
1352 3315 1522 3429 paffltnet

290 3432 367 3501 r‘us
383 3442 640 3511 memorantur,
664 3423 725 3518 qui
749 3425 855 3497 modo
871 3428 970 3500 Deus
993 3451 1068 3502 erat
1087 3453 1248 3506 vocatus:
1277 3428 1334 3502 sed
1357 3429 1422 3502 alia
1437 3427 1520 3500 lec*

289 3539 353 3595 tto·
367 3521 474 3593 habet
489 3523 693 3612 prinpum,
717 3542 818 3615 quam
844 3520 1001 3615 praefert
1024 3525 1167 3620 Junius,
1202 3529 1257 3601 vel
1283 3526 1515 3621 πράγματα,

289 3615 345 3690 uti
371 3614 410 3720 in
433 3613 493 3686 fin.
519 3611 550 3708 s.
584 3637 689 3709 quare
720 3638 782 3710 pes
810 3614 847 3689 in
880 3614 956 3690 hoc·
982 3621 1061 3694 loco
1087 3621 1147 3718 figi
1187 3625 1319 3719 nequit.
1371 3625 1458 3696 Hoc
1487 3619 1514 3694 ii

286 3710 438 3791 Photius
463 3724 598 3781 tantum
632 3708 669 3781 in
696 3712 806 3785 oculis
830 3711 972 3801 habuit,
1007 3714 1091 3789 ferri
1118 3719 1234 3813 potest
1260 3719 1334 3811 ejus
1357 3717 1401 3790 de
1430 3718 1512 3790 Cle·

287 3824 412 3883 mente
432 3800 617 3908 judicium.
665 3805 734 3879 Sed
770 3806 857 3882 hinc
890 3829 970 3882 cum
1006 3830 1127 3888 autore
1154 3813 1344 3910 Platonismi
1376 3813 1524 3885 revelant·

287 3925 325 4000 p.
352 3901 398 3971 ll.
424 3898 659 3992 colligendum
686 3923 756 3975 non
784 3901 860 3994 est,
880 3903 1054 3982 Christum
1081 3911 1277 3983 aPatribus
1293 3907 1521 4004 apostolicis.

315 4015 355 4069 ro
382 3995 463 4065 Deo
488 4013 560 4066 non
584 3993 653 4070 effe
684 3997 867 4089 habitum,
892 3999 951 4076 sed
976 4022 1111 4078 tantum
1139 4029 1204 4101 pro
1222 4004 1434 4092 Sacerdote,
1464 4027 1513 4079 ex

334 4087 405 4159 aria
431 4109 494 4178 per
521 4089 691 4184 Spiritum
718 4097 791 4170 Dei
817 4115 924 4186 nato,
958 4116 996 4171 et
1028 4103 1201 4190 exaltato,
1237 4125 1344 4197 eaque
1369 4099 1511 4175 ratione

284 4183 458 4277 titificmot
486 4204 566 4290 cum
593 4189 722 4263 nullum
747 4193 821 4287 eius
847 4190 900 4265 rei
928 4192 1040 4267 exstet
1067 4220 1085 4270 a
1113 4198 1159 4270 ud
1185 4198 1403 4269 Clementem
1428 4195 1508 4269 ves·

282 4277 435 4377 sigium3
470 4274 599 4352 remus
624 4306 704 4358 cum
729 4286 870 4362 Valeiio
900 4287 942 4361 ad
978 4289 1061 4364 Eus.
1132 4293 1206 4367 .Ε.
1234 4296 1262 4364 l:
1293 4315 1347 4386 13.
1383 4289 1508 4377 statui2

275 4387 370 4528 w’,
392 4371 638 4473 clememem,
661 4397 711 4460 ut.
725 4381 795 4485 hac
818 4401 934 4476 aetate
960 4382 1042 4476 fieri
1060 4385 1212 4485 solebat,
1244 4385 1507 4560 genffilipstet

273 4505 343 4545 rw
855 4545 902 4571 ,Ὗ
1378 4503 1511 4580 plcllls
