3609 5500
278 898 358 1000 ero
483 964 488 973 .
675 887 820 992 novoe
850 819 979 997 rectu
1002 889 1115 999 omo.
1235 990 1238 997 ,

287 1078 359 1164 tio,
390 1070 601 1160 illuminatio,
628 1070 803 1169 perfeetum
834 1078 1019 1172 lavacrum,
1058 1105 1140 1178 quas
1170 1100 1279 1157 vocer
1303 1075 1358 1157 ibi
1387 1095 1509 1174 expos

288 1170 357 1247 nit.
406 1165 556 1260 Rursus,
579 1171 658 1245 staec
673 1175 801 1245 viuculo
818 1199 912 1271 quom
937 1180 1096 1254 celerrime
1111 1184 1339 1266 remittuntur,
1363 1176 1504 1248 minora

291 1268 411 1364 quidem
430 1263 519 1359 fide,
544 1267 657 1340 diviua
683 1292 753 1339 vero
775 1279 908 1365 gratio,
932 1297 1001 1346 cum
1028 1281 1173 1347 nimirum
1196 1280 1408 1348 remittuntur
1435 1291 1510 1363 pec·

296 1383 374 1441 cata
391 1370 429 1436 ior
454 1370 578 1459 maturio
601 1364 751 1462 φαρμάκῳ
772 1365 887 1464 moyere
904 1372 1112 1467 ἔιπτίσματιξ
1138 1370 1249 1444 rursus
1263 1369 1350 1445 ibid.
1374 1372 1427 1462 qui
1447 1371 1512 1437 titt·

290 1464 424 1561 grtimur
452 1462 602 1555 oifleostr
617 1481 784 1557 procons,
808 1491 887 1561 quoe
910 1470 1013 1541 diverto
1029 1468 1164 1563 spiritui
1179 1466 1401 1560 quodammodo
1418 1477 1511 1535 tene·

297 1565 375 1634 bros
400 1555 628 1652 offortorium,
653 1559 807 1651 liberum,
833 1566 876 1634 ab
893 1568 1032 1657 omnique
1049 1564 1260 1656 inpedimento
1282 1582 1455 1648 vacuum,
1477 1575 1513 1631 et

295 1656 435 1730 iooiduor
459 1653 610 1727 iubemus
625 1650 764 1749 spiritus
779 1660 923 1747 oculum,
948 1684 1005 1752 quo
1018 1661 1140 1753 quidem
1152 1658 1244 1753 solo,
1267 1657 1351 1752 qaod
1365 1658 1515 1731 rivirum

298 1754 367 1867 est,
401 1756 579 1843 iutuemur,
612 1754 741 1827 coelitus
773 1750 928 1849 influente
959 1757 1047 1829 robis
1068 1755 1183 1850 surdo
1198 1752 1336 1850 spiriru.
1385 1752 1451 1825 Sic
1478 1771 1516 1825 et

301 1875 342 1926 rn
365 1848 425 1923 lib.
454 1849 498 1950 Q.
527 1849 574 1923 D.
599 1850 632 1921 S.
658 1849 690 1949 s.
715 1871 775 1941 42.
799 1850 858 1925 ubi
883 1851 1075 1950 φνμιῖὴςιον
1094 1853 1325 1946 phylacterium
1349 1867 1514 1921 vocatur.

300 1945 438 2023 Eodem
467 1942 647 2020 manifeste
674 1947 837 2021 collinear
868 1948 1016 2022 Terruit
1050 1946 1219 2021 doitrina.
1267 1944 1328 2018 Sic
1351 1943 1398 2015 de
1425 1945 1516 2035 Poe·

299 2042 366 2121 nit.
393 2066 423 2115 c.
450 2050 482 2117 ό.
507 2043 648 2115 divinum
679 2044 885 2138 beneficium,
914 2045 948 2117 id
976 2041 1044 2140 est,
1073 2045 1278 2115 abolitionem
1300 2041 1517 2129 deiiiierrrm,

299 2141 434 2215 inituris
458 2164 572 2234 aquom
585 2134 718 2232 salvum
745 2138 813 2211 esse
837 2140 1016 2229 adfirmet,
1040 2138 1194 2213 sednon
1222 2137 1285 2211 nisi
1303 2134 1371 2209 resr
1397 2136 1515 2209 isceu·

301 2236 394 2312 tium
419 2231 591 2330 respeciu.
642 2232 806 2329 Denique
829 2233 869 2308 in
890 2237 952 2309 lib.
975 2238 1020 2310 de
1041 2238 1132 2329 bapt.
1155 2231 1351 2307 mentems
1384 2256 1442 2305 rur
1456 2253 1517 2306 ex·

331 2329 445 2422 osuit,
483 2328 543 2402 ubi
576 2328 673 2403 auis
702 2353 765 2426 per
798 2329 967 2405 unionem
1004 2355 1087 2405 cum
1119 2328 1244 2404 divina
1270 2326 1409 2403 virtute
1445 2327 1522 2400 vim

297 2356 541 2507 'ianttificandi
566 2427 610 2501 tri
638 2426 708 2500 uir:
743 2445 780 2499 ut
805 2426 902 2523 supra
926 2426 1122 2502 observavi.
1172 2425 1279 2522 Quod
1302 2446 1394 2497 vero
1421 2446 1456 2498 c.
1482 2428 1520 2497 6.

304 2526 417 2615 dicit,
442 2548 498 2597 nos
521 2528 616 2618 aquis
638 2522 795 2615 Spiritum
818 2525 854 2597 S.
879 2546 939 2595 oon
962 2521 1129 2620 consequi,
1155 2519 1218 2619 sed
1243 2526 1277 2593 in
1297 2543 1385 2613 aquo
1410 2541 1520 2593 tmen-

306 2624 400 2696 dotor
427 2621 567 2712 Spiritui
597 2619 633 2690 S.
663 2621 884 2711 praeparari,
923 2617 1007 2691 iilud
1042 2620 1109 2692 hac
1138 2618 1275 2689 ratione
1302 2615 1521 2711 capiendum

307 2713 381 2805 est,
407 2731 445 2786 ut
468 2710 582 2789 sensus
605 2709 667 2800 fit,
691 2710 898 2809 baptismum
922 2712 1190 2811 poenitentibus
1207 2710 1373 2786 conferre
1396 2707 1521 2785 retnis·

308 2810 440 2886 sronem
465 2826 706 2905 peccatorum,
739 2809 865 2904 eosque
888 2809 1122 2899 sanetificare,
1160 2828 1204 2904 ,ut
1224 2808 1268 2882 ad
1293 2807 1524 2882 communio·

310 2931 394 2985 nem
420 2906 571 3000 Spiritus
599 2906 633 2977 S.
657 2903 730 3000 apti
757 2904 842 2993 sint,
883 2904 963 3000 qui,
998 2927 1038 2980 ut
1061 2906 1146 2979 olim
1170 2926 1234 3000 per
1260 2901 1523 2999 inpositionem

310 3025 476 3080 manuum
500 3003 543 3073 ab
570 2999 746 3095 Apostolis
770 3001 1016 3075 conserebatur
1039 3003 1077 3077 in
1102 2999 1316 3096 baptizatos,
1351 2997 1400 3072 sic
1427 3020 1524 3074 nunc

253 3180 256 3184 ,
312 3104 420 3176 etiam
447 3102 520 3171 iotis
543 3097 663 3187 datur,
688 3117 726 3170 ut
753 3121 815 3194 per
839 3121 920 3172 eum
943 3097 1131 3181 ducantur,
1164 3114 1201 3168 et
1226 3096 1267 3167 ad
1291 3093 1525 3168 inmortalita-

313 3215 388 3272 tem
412 3213 670 3290 praeparentur.
718 3193 817 3297 Quae
841 3194 995 3290 genuina
1019 3193 1072 3270 est
1090 3191 1239 3266 Tertull.
1265 3190 1452 3282 domina,
1478 3210 1526 3270 ex

315 3308 394 3366 toto
419 3290 509 3361 libro
534 3289 636 3361 facile
662 3289 825 3383 petenda.

364 3383 397 3480 §‚
425 3381 574 3455 CXXV.
614 3381 790 3476 Baptismo
814 3405 894 3456 cum
917 3383 1166 3477 aequaverint,
1204 3382 1261 3454 vel
1284 3400 1322 3454 et
1347 3384 1525 3477 praetule-

313 3477 408 3564 rint,
447 3474 659 3569 mortyriom,
696 3475 740 3548 de
777 3478 934 3572 baptismo
964 3481 1117 3572 martyrii
1147 3476 1276 3571 aliquid
1306 3478 1528 3552 monendum

314 3569 440 3649 restat:
476 3568 631 3676 pluribus
656 3567 750 3641 enim
773 3594 861 3667 opus
892 3571 1059 3661 nonest,
1099 3597 1181 3663 cum
1204 3574 1249 3644 de
1271 3596 1336 3659 eu,
1379 3576 1527 3672 ejusque

316 3661 572 3751 fundamentis,
609 3681 781 3760 mtegram
809 3667 982 3764 scripserit
1006 3668 1277 3742 dissertationem
1296 3667 1528 3760 Dodweilur,

319 3788 407 3865 quae
433 3756 483 3831 est
507 3756 717 3868 Cyprianica
739 3764 838 3837 XIII.
887 3766 1039 3838 Veteres
1065 3767 1258 3860 martyrium
1284 3787 1428 3852 eorum,
1490 3764 1527 3840 ui

318 3863 376 3939 vel
402 3854 589 3950 baptizati,
614 3855 671 3928 vei
693 3860 960 3950 catechumeni,
981 3860 1020 3936 in
1044 3860 1180 3934 unitate
1205 3858 1322 3932 saltem
1347 3790 1529 3936 Eccieiae

318 3973 437 4041 erant,
471 3944 751 4044 considerarunt,
786 3976 949 4054 tanquam
975 3959 1226 4032 sacramentum
1250 3957 1408 4050 aliquod,
1444 3981 1527 4054 qua·

320 4072 422 4128 tenus
445 4045 652 4141 baptismum
678 4070 806 4144 aquae,
832 4053 856 4127 sr
882 4054 954 4129 fine
979 4078 1024 4127 eo
1046 4053 1123 4148 quis
1144 4072 1358 4140 moreretur,
1386 4051 1525 4150 supple·

321 4144 434 4229 verit,
468 4143 545 4228 vel,
573 4136 930 4239 srbaptizatusesset,
960 4148 1269 4236 consummaverit,
1301 4170 1338 4219 et
1365 4150 1529 4242 perfece-

320 4240 388 4328 titt
411 4235 500 4309 adeo
519 4255 555 4308 ut
571 4238 797 4334 martyrium,
822 4246 899 4334 vei,
927 4259 966 4320 ut
982 4243 1235 4340 impellebatur,
1251 4243 1431 4340 sanguinis
1446 4251 1528 4338 bop-

314 4333 470 4439 tisoturo,
494 4328 564 4431 ipsi
582 4355 690 4432 aquae
717 4337 888 4435 baptismo
914 4340 1128 4439 aliquatenus
1152 4341 1403 4439 praetulerint,
1425 4341 1529 4438 quip-

298 4518 316 4557 ,
367 4534 374 4544 ῃ
827 4524 838 4543 .
885 4531 888 4537 ³
941 4460 966 4523 o,
1483 4457 1535 4534 pe
