3609 5500
573 750 578 760 ⁴
713 700 900 793 decutit.
963 746 1009 803 „a
1223 746 1225 749 ·
1340 744 1414 823 41!

190 896 322 992 ‘pompa
347 892 487 988 primum
509 896 659 991 genitori
681 895 749 969 ruet
777 894 909 970 dicitur
933 892 1003 993 Ap.
1030 892 1078 969 11.
1102 912 1138 991 p.
1172 892 1294 974 &oret
1315 899 1344 977 1.
1369 924 1408 999 p.

190 1014 249 1082 40.
274 1014 318 1065 ac
340 991 423 1065 aiibi
446 995 559 1091 saepe.
659 1030 664 1038 ·
1087 1082 1094 1097 ι
1399 1040 1403 1051 ·

234 1084 266 1183 5.
290 1088 407 1162 LXII.
442 1113 475 1183 3.
500 1090 627 1165 Filium
649 1088 844 1178 adtributa,
884 1106 922 1161 et
947 1082 1206 1197 persedrones,
1237 1089 1408 1167 essentiae

189 1177 257 1255 Dei
280 1182 517 1279 participare,
549 1187 780 1283 omnibusque
806 1203 973 1259 creaturis
997 1206 1037 1255 ea
1058 1198 1196 1255 retrone
1220 1182 1290 1259 effe
1305 1187 1405 1286 supe-

188 1282 345 1369 riorem,
386 1280 571 1355 credidisse
597 1281 793 1379 Justinum,
827 1283 1011 1376 sequentes
1035 1276 1204 1350 evincunt
1237 1279 1404 1363 rationes.

189 1400 219 1447 o.
241 1376 345 1448 Pater
366 1375 432 1473 ipsi
457 1376 543 1467 soii,
568 1398 607 1451 et
634 1378 717 1452 nulli
734 1377 812 1468 aiii,
837 1376 955 1465 dedit,
975 1372 1163 1447 secundum
1178 1371 1310 1469 ipsum,
1329 1383 1404 1474 vglos

187 1473 269 1544 riom
294 1470 399 1566 suom
431 1489 464 1545 et
494 1477 653 1564 virtutes,
687 1492 810 1548 contra
841 1472 981 1569 Tryph.
1005 1495 1042 1565 p.
1070 1474 1153 1576 2893
1176 1470 1236 1543 ubi
1270 1472 1405 1557 didium

186 1560 256 1641 Dei
280 1566 348 1664 Jes.
372 1568 488 1644 XLII.
535 1572 647 1644 ioriom
670 1572 896 1668 meomoiteri
920 1592 981 1643 mom
1012 1569 1094 1641 dodo
1119 1564 1209 1638 dicit
1237 1571 1406 1667 excipere

188 1662 319 1736 filium.
370 1666 406 1737 b.
431 1596 590 1739 Credidit
613 1688 770 1763 quoque,
811 1687 893 1739 eum
924 1666 1068 1737 a'Patre
1100 1657 1261 1755 singulari
1293 1672 1403 1751 modo
1436 1712 1449 1731 ι

194 1754 262 1829 effe
287 1761 467 1855 genitum,
501 1761 551 1836 ita
573 1780 611 1837 ut
635 1784 678 1835 ex
699 1764 803 1837 Potor
825 1759 888 1850 srt,
904 1779 951 1846 et
964 1759 1054 1833 solus
1074 1762 1177 1851 κυρίως
1198 1758 1255 1836 dide
1274 1770 1404 1861 proprie

182 1848 235 1946 fic
256 1854 351 1928 ditior
367 1857 469 1952 filios
494 1857 567 1954 Ap.
592 1860 620 1931 I.
646 1881 682 1954 p.
705 1880 755 1950 44
777 1874 816 1929 et
831 1858 879 1932 11:
908 1862 966 1935 68.
990 1854 1084 1928 solus
1099 1860 1178 1932 ttius
1201 1858 1255 1935 doit
1274 1866 1405 1957 proprie

182 1948 292 2047 filios:
328 1974 438 2047 quare
464 1972 502 2027 et
528 1952 642 2052 aridem
665 1961 798 2050 γέννημα
816 1956 958 2046 primum
989 1965 1021 2024 et
1048 1956 1258 2046 praecipuum
1288 1958 1406 2033 Pottit

191 2046 329 2141 genimen
354 2047 572 2145 adpellatur,
605 2054 674 2149 Ap.
701 2056 749 2127 ΙΙ.
775 2073 813 2146 p.
838 2055 872 2122 6.
925 2046 1007 2146 Quo
1034 2047 1141 2125 etiam
1165 2049 1270 2141 facit,
1311 2054 1406 2149 quod

145 2216 150 2223 ,
185 2146 337 2237 potentior
361 2143 454 2232 Dei,
478 2165 511 2218 et
518 2145 662 2241 spiritns
679 2144 861 2243 AtttJJimt,
886 2143 946 2241 qui
963 2142 1102 2234 Mariae
1119 2144 1344 2238 supervenit,
1361 2166 1401 2225 et

184 2241 389 2333 primogeniti
412 2240 505 2329 Dei,
528 2242 693 2337 epitheto
716 2240 900 2339 insignitus
924 2238 1113 2326 statuatur,
1137 2238 1248 2328 ibid,
1280 2266 1315 2336 P·
1341 2264 1401 2337 75·
1525 2320 1528 2325 .

186 2328 229 2405 li:
256 2354 292 2407 et
325 2356 456 2408 contra
482 2336 617 2434 Tryph.
648 2360 687 2433 p.
715 2346 797 2430 284.
848 2338 946 2410 Deus
975 2331 1107 2406 dicitur
1130 2338 1253 2431 ttrepm
1282 2340 1406 2435 topini.

184 2435 215 2519 Ιξ
232 2440 317 2505 taret
338 2434 497 2506 virtutem
520 2436 713 2510 rationalem
736 2457 778 2507 ex
792 2432 834 2529 se
864 2426 1018 2527 gtouiffe.
1071 2428 1154 2528 Quo
1181 2452 1294 2509 tamen
1320 2462 1403 2517 curu

186 2526 275 2600 Builo
296 2526 377 2603 def.
409 2526 470 2602 fid.
497 2528 585 2607 Nic.
618 2526 699 2605 sem.
724 2531 771 2602 11.
799 2551 831 2604 c.
853 2552 890 2620 4.
924 2522 1048 2600 referri
1080 2546 1153 2599 non
1181 2529 1288 2609 debet
1302 2533 1401 2610 locut

188 2620 250 2717 Ap.
275 2624 320 2699 ΙΙ.
344 2646 385 2721 p.
415 2628 473 2716 67.
498 2626 558 2698 ubi
585 2624 656 2713 ait,
697 2623 889 2714 Christum,
931 2620 1191 2697 srcommoniter
1207 2626 1313 2723 solum
1346 2632 1401 2705 iro.-
1451 2635 1455 2647 “

189 2738 232 2790 mo
250 2718 343 2818 tffrt,
367 2716 444 2793 dici
459 2720 558 2816 poffe
581 2727 620 2794 ob
636 2719 857 2817 sapientiam,
874 2720 986 2817 filium
1000 2716 1087 2806 Dei,
1111 2718 1170 2792 sed
1186 2722 1304 2811 addit,
1324 2744 1401 2819 pro·

186 2819 267 2906 prio,
285 2829 423 2911 praeter
446 2841 639 2892 communem
667 2820 852 2890 mortalium
873 2818 1106 2900 nativitatem,
1133 2813 1235 2909 ipsum
1260 2843 1301 2890 etr
1326 2820 1399 2899 Deo

187 2912 312 2986 dicimus
336 2927 456 2984 motum
488 2918 619 2986 terbum
650 2911 739 3002 Dei,
781 2930 852 2984 etc.
902 2908 1063 2982 Pertinet
1087 2908 1184 2980 enim
1210 2911 1252 2982 ad
1285 2911 1399 2987 incar,

191 3004 357 3083 nationem
382 3005 533 3097 Christi,
560 3012 613 3083 uti
638 3007 747 3080 modo
770 3005 930 3092 dixerat,
964 2998 1139 3074 Christum
1168 3001 1240 3077 iine
1255 3001 1399 3100 mistione

191 3097 252 3173 viri
276 3123 310 3177 et
333 3101 495 3176 mulieris
515 3103 586 3178 effe
611 3121 729 3177 natum
747 3099 930 3174 dodiorem
948 3094 1119 3170 nostrum:
1148 3093 1195 3170 iic
1222 3121 1259 3174 et
1283 3127 1338 3198 ap.
1364 3107 1394 3188 1.

182 3215 219 3360 p.
244 3211 306 3288 25.
323 3197 506 3295 secondom
529 3199 597 3272 Dei
617 3218 649 3272 et
672 3201 787 3271 Patris
810 3192 973 3288 confilium
998 3199 1180 3275 demendum
1206 3214 1305 3290 portu
1330 3199 1396 3284 scis

199 3288 263 3364 icet
283 3294 458 3393 virginis,
497 3299 601 3369 oditur
625 3294 756 3369 dicitur
779 3291 888 3366 homo
921 3289 1051 3379 fedius,
1072 3309 1110 3363 et
1132 3314 1228 3367 cont.
1257 3295 1399 3391 Tryph.

182 3407 217 3478 p.
242 3394 318 3468 286.
345 3414 367 3463 a
384 3391 487 3464 Patre
512 3392 660 3466 traditur
681 3395 816 3486 gemitus
832 3389 885 3461 dui
904 3388 1016 3485 porgit
1037 3393 1229 3485 errantum
1249 3411 1307 3486 per
1324 3389 1396 3474 utri

188 3499 251 3553 tom
265 3481 459 3574 iomanum3
478 3486 591 3560 sensus
617 3510 703 3582 ergo
725 3486 796 3560 ioci
820 3483 891 3573 est,
918 3482 1092 3558 Christum
1111 3509 1199 3575 non,
1228 3505 1266 3558 ut
1282 3486 1398 3570 homi,-

188 3595 245 3648 net
265 3580 501 3655 communiter
517 3582 610 3656 nasci
635 3581 766 3671 solent,
788 3603 834 3653 ex
849 3579 1032 3676 congreffu
1049 3581 1119 3654 viri
1137 3599 1175 3654 et
1199 3581 1400 3673 foeminae,

203 3669 243 3743 ed
272 3677 572 3768 extraordinarie,
612 3696 679 3773 per
704 3676 862 3750 divinam
887 3675 1132 3784 operationem
1164 3699 1210 3749 ex
1234 3678 1398 3774 virgine,

186 3761 251 3840 css'e
273 3790 413 3848 natum:
438 3775 530 3870 quod
558 3792 672 3846 totum
698 3771 778 3866 ejus,
795 3771 1021 3846 ratiocinium
1046 3793 1146 3845 extra
1163 3771 1305 3846 dubium
1330 3778 1402 3856 coi-

184 3861 281 3940 iocat.
330 3891 361 3944 c.
386 3870 551 3966 Denique
576 3866 814 3965 perfeiiiones
839 3865 977 3940 divinas
1002 3889 1081 3942 cum
1107 3867 1200 3940 Filio
1216 3865 1398 3946 effecom·

186 3963 372 4038 municatas
403 3987 450 4041 ex
473 3984 594 4040 mente
618 3961 766 4060 Justini,
797 3961 1058 4055 iimiiitudines,
1099 3963 1223 4058 quibus
1253 3987 1399 4054 genera·

187 4053 317 4130 tionem
335 4057 477 4137 illustrat
493 4080 691 4152 aeternam,
724 4060 920 4134 luculenter
948 4055 1196 4134 demonstrant.
1246 4059 1401 4134 Genera·

186 4148 320 4230 tionem
344 4156 441 4234 enim
453 4157 613 4236 declarat
639 4153 910 4326 etndanrffeiie,
927 4175 969 4232 ac
996 4177 1061 4254 qua
1084 4157 1170 4252 ignis
1195 4157 1240 4228 oi
1258 4155 1331 4320 ipim
1345 4177 1403 4242 aa·

273 4263 286 4284 ²
842 4272 864 4350 3
1239 4269 1276 4322 te
1319 4262 1412 4343 ituri,
