<?xml version="1.0" encoding="UTF-8"?>
<!DOCTYPE html PUBLIC "-//W3C//DTD XHTML 1.0 Transitional//EN"
    "http://www.w3.org/TR/xhtml1/DTD/xhtml1-transitional.dtd">
<html xmlns="http://www.w3.org/1999/xhtml" xml:lang="en" lang="en">
 <head>
  <title>
</title>
<meta http-equiv="Content-Type" content="text/html;charset=utf-8" />
  <meta name='ocr-system' content='tesseract 3.04.00' />
  <meta name='ocr-capabilities' content='ocr_page ocr_carea ocr_par ocr_line ocrx_word'/>
</head>
<body>
  <div class='ocr_page' id='page_1' title='image "./hermannivenemai05venegoog_0422.png"; bbox 0 0 3609 5500; ppageno 0'>
   <div class='ocr_carea' id='block_1_1' title="bbox 298 954 1252 1063">
    <p class='ocr_par' dir='ltr' id='par_1_1' title="bbox 298 954 1252 1063">
     <span class='ocr_line' id='line_1_1' title="bbox 298 954 1252 1063; baseline 0.004 -29"><span class='ocrx_word' id='word_1_1' title='bbox 298 961 373 1059; x_wconf 78' lang='lat'>418</span> <span class='ocrx_word' id='word_1_2' title='bbox 681 957 831 1061; x_wconf 72' lang='lat' dir='ltr'>shstoria</span> <span class='ocrx_word' id='word_1_3' title='bbox 854 955 986 1059; x_wconf 83' lang='lat' dir='ltr'>Eeclrs.</span> <span class='ocrx_word' id='word_1_4' title='bbox 1013 954 1133 1061; x_wconf 69' lang='lat' dir='ltr'>clnstt</span> <span class='ocrx_word' id='word_1_5' title='bbox 1244 1054 1252 1063; x_wconf 16' lang='grc'>,-</span> 
     </span>
    </p>
   </div>
   <div class='ocr_carea' id='block_1_2' title="bbox 273 1139 1454 4586">
    <p class='ocr_par' dir='ltr' id='par_1_2' title="bbox 273 1139 1454 4586">
     <span class='ocr_line' id='line_1_2' title="bbox 298 1139 1454 1243; baseline 0.002 -25"><span class='ocrx_word' id='word_1_6' title='bbox 298 1143 453 1218; x_wconf 88' lang='lat' dir='ltr'>deretur.</span> <span class='ocrx_word' id='word_1_7' title='bbox 495 1139 564 1215; x_wconf 86' lang='lat' dir='ltr'>Sed</span> <span class='ocrx_word' id='word_1_8' title='bbox 582 1139 665 1214; x_wconf 93' lang='lat' dir='ltr'>illud</span> <span class='ocrx_word' id='word_1_9' title='bbox 683 1143 722 1215; x_wconf 92' lang='lat' dir='ltr'>in</span> <span class='ocrx_word' id='word_1_10' title='bbox 738 1141 884 1215; x_wconf 92' lang='lat' dir='ltr'>obscuro</span> <span class='ocrx_word' id='word_1_11' title='bbox 901 1142 1008 1234; x_wconf 87' lang='lat' dir='ltr'>latet,</span> <span class='ocrx_word' id='word_1_12' title='bbox 1023 1143 1107 1216; x_wconf 78' lang='lat' dir='ltr'>nun&#39;t</span> <span class='ocrx_word' id='word_1_13' title='bbox 1126 1164 1192 1241; x_wconf 91' lang='lat' dir='ltr'>per</span> <span class='ocrx_word' id='word_1_14' title='bbox 1207 1163 1290 1218; x_wconf 86' lang='lat' dir='ltr'>eum</span> <span class='ocrx_word' id='word_1_15' title='bbox 1303 1140 1454 1243; x_wconf 84' lang='lat' dir='ltr'>progress</span> 
     </span>
     <span class='ocr_line' id='line_1_3' title="bbox 298 1235 1454 1338; baseline 0.001 -26"><span class='ocrx_word' id='word_1_16' title='bbox 298 1258 336 1312; x_wconf 91' lang='lat' dir='ltr'>et</span> <span class='ocrx_word' id='word_1_17' title='bbox 378 1238 542 1311; x_wconf 88' lang='lat' dir='ltr'>effluxum</span> <span class='ocrx_word' id='word_1_18' title='bbox 569 1236 676 1333; x_wconf 84' lang='lat' dir='ltr'>sermo</span> <span class='ocrx_word' id='word_1_19' title='bbox 722 1256 759 1309; x_wconf 93' lang='lat' dir='ltr'>et</span> <span class='ocrx_word' id='word_1_20' title='bbox 791 1235 965 1335; x_wconf 76' lang='lat' dir='ltr'><em>sapientia</em></span> <span class='ocrx_word' id='word_1_21' title='bbox 1007 1240 1083 1312; x_wconf 87' lang='lat' dir='ltr'>Dei</span> <span class='ocrx_word' id='word_1_22' title='bbox 1122 1240 1304 1336; x_wconf 84' lang='lat' dir='ltr'><strong>propriam</strong></span> <span class='ocrx_word' id='word_1_23' title='bbox 1345 1264 1454 1338; x_wconf 87' lang='lat' dir='ltr'>accep</span> 
     </span>
     <span class='ocr_line' id='line_1_4' title="bbox 296 1331 1454 1429; baseline 0.002 -20"><span class='ocrx_word' id='word_1_24' title='bbox 296 1333 417 1428; x_wconf 60' lang='lat' dir='ltr'>ritro&#39;psrr</span> <span class='ocrx_word' id='word_1_25' title='bbox 443 1354 479 1406; x_wconf 78' lang='lat' dir='ltr'>et</span> <span class='ocrx_word' id='word_1_26' title='bbox 504 1334 650 1413; x_wconf 71' lang='lat' dir='ltr'>derisam</span> <span class='ocrx_word' id='word_1_27' title='bbox 665 1331 935 1429; x_wconf 75' lang='lat' dir='ltr'>subststenttatn,</span> <span class='ocrx_word' id='word_1_28' title='bbox 960 1357 981 1405; x_wconf 86' lang='lat' dir='ltr'>a</span> <span class='ocrx_word' id='word_1_29' title='bbox 1012 1334 1122 1407; x_wconf 77' lang='lat' dir='ltr'>Patr-is</span> <span class='ocrx_word' id='word_1_30' title='bbox 1147 1334 1339 1422; x_wconf 70' lang='lat' dir='ltr'>diversm,</span> <span class='ocrx_word' id='word_1_31' title='bbox 1374 1359 1454 1411; x_wconf 79' lang='lat' dir='ltr'>eam·</span> 
     </span>
     <span class='ocr_line' id='line_1_5' title="bbox 294 1427 1454 1528; baseline 0.001 -23"><span class='ocrx_word' id='word_1_32' title='bbox 294 1451 580 1528; x_wconf 85' lang='lat' dir='ltr'>permanentem,</span> <span class='ocrx_word' id='word_1_33' title='bbox 622 1452 666 1502; x_wconf 90' lang='lat' dir='ltr'>an</span> <span class='ocrx_word' id='word_1_34' title='bbox 697 1430 937 1525; x_wconf 83' lang='lat' dir='ltr'>metaphorice</span> <span class='ocrx_word' id='word_1_35' title='bbox 960 1427 1003 1501; x_wconf 85' lang='lat' dir='ltr'>stt</span> <span class='ocrx_word' id='word_1_36' title='bbox 1027 1429 1253 1527; x_wconf 83' lang='lat' dir='ltr'>exponendus</span> <span class='ocrx_word' id='word_1_37' title='bbox 1295 1429 1454 1527; x_wconf 82' lang='lat' dir='ltr'>progrell</span> 
     </span>
     <span class='ocr_line' id='line_1_6' title="bbox 296 1524 1445 1621; baseline 0.002 -21"><span class='ocrx_word' id='word_1_38' title='bbox 296 1548 334 1601; x_wconf 92' lang='lat' dir='ltr'>et</span> <span class='ocrx_word' id='word_1_39' title='bbox 357 1528 521 1615; x_wconf 82' lang='lat' dir='ltr'>effluxus,</span> <span class='ocrx_word' id='word_1_40' title='bbox 554 1528 597 1601; x_wconf 92' lang='lat' dir='ltr'>de</span> <span class='ocrx_word' id='word_1_41' title='bbox 613 1524 753 1598; x_wconf 70' lang='lat' dir='ltr'>actione</span> <span class='ocrx_word' id='word_1_42' title='bbox 779 1545 816 1596; x_wconf 92' lang='lat' dir='ltr'>et</span> <span class='ocrx_word' id='word_1_43' title='bbox 834 1525 1042 1620; x_wconf 74' lang='lat' dir='ltr'>operatione</span> <span class='ocrx_word' id='word_1_44' title='bbox 1058 1525 1130 1600; x_wconf 93' lang='lat' dir='ltr'>Dei</span> <span class='ocrx_word' id='word_1_45' title='bbox 1153 1548 1218 1621; x_wconf 91' lang='lat' dir='ltr'>per</span> <span class='ocrx_word' id='word_1_46' title='bbox 1241 1526 1445 1602; x_wconf 82' lang='lat' dir='ltr'>sermonem·</span> 
     </span>
     <span class='ocr_line' id='line_1_7' title="bbox 294 1619 1454 1719; baseline 0.003 -24"><span class='ocrx_word' id='word_1_47' title='bbox 294 1624 498 1719; x_wconf 86' lang='lat' dir='ltr'>sapientiam</span> <span class='ocrx_word' id='word_1_48' title='bbox 528 1623 746 1695; x_wconf 76' lang='lat' dir='ltr'>naturalem?</span> <span class='ocrx_word' id='word_1_49' title='bbox 792 1620 921 1693; x_wconf 85' lang='lat' dir='ltr'>Ansam</span> <span class='ocrx_word' id='word_1_50' title='bbox 957 1642 1096 1716; x_wconf 91' lang='lat' dir='ltr'>quoque</span> <span class='ocrx_word' id='word_1_51' title='bbox 1131 1619 1313 1696; x_wconf 85' lang='lat' dir='ltr'>dubitandi</span> <span class='ocrx_word' id='word_1_52' title='bbox 1345 1622 1454 1717; x_wconf 75' lang='lat' dir='ltr'>praetr</span> 
     </span>
     <span class='ocr_line' id='line_1_8' title="bbox 294 1714 1453 1813; baseline 0.002 -22"><span class='ocrx_word' id='word_1_53' title='bbox 294 1719 561 1805; x_wconf 83' lang='lat' dir='ltr'>Platonismunr,</span> <span class='ocrx_word' id='word_1_54' title='bbox 590 1740 693 1813; x_wconf 89' lang='lat' dir='ltr'>quem</span> <span class='ocrx_word' id='word_1_55' title='bbox 719 1714 856 1810; x_wconf 81' lang='lat' dir='ltr'>phrases</span> <span class='ocrx_word' id='word_1_56' title='bbox 873 1715 947 1811; x_wconf 85' lang='lat' dir='ltr'>ejus</span> <span class='ocrx_word' id='word_1_57' title='bbox 969 1716 1149 1806; x_wconf 87' lang='lat' dir='ltr'>redolent,</span> <span class='ocrx_word' id='word_1_58' title='bbox 1188 1720 1232 1791; x_wconf 86' lang='lat' dir='ltr'>ab</span> <span class='ocrx_word' id='word_1_59' title='bbox 1255 1714 1331 1791; x_wconf 83' lang='lat' dir='ltr'>aliis</span> <span class='ocrx_word' id='word_1_60' title='bbox 1354 1717 1453 1793; x_wconf 83' lang='lat' dir='ltr'>craffi</span> 
     </span>
     <span class='ocr_line' id='line_1_9' title="bbox 294 1810 1454 1907; baseline 0 -20"><span class='ocrx_word' id='word_1_61' title='bbox 294 1818 336 1887; x_wconf 90' lang='lat' dir='ltr'>ab</span> <span class='ocrx_word' id='word_1_62' title='bbox 357 1814 432 1887; x_wconf 89' lang='lat' dir='ltr'>aliis</span> <span class='ocrx_word' id='word_1_63' title='bbox 450 1814 628 1902; x_wconf 89' lang='lat' dir='ltr'>subtilius,</span> <span class='ocrx_word' id='word_1_64' title='bbox 650 1810 804 1906; x_wconf 85' lang='lat' dir='ltr'>exponi,</span> <span class='ocrx_word' id='word_1_65' title='bbox 829 1810 912 1883; x_wconf 91' lang='lat' dir='ltr'>dum</span> <span class='ocrx_word' id='word_1_66' title='bbox 930 1810 987 1884; x_wconf 88' lang='lat' dir='ltr'>alii</span> <span class='ocrx_word' id='word_1_67' title='bbox 1004 1811 1150 1907; x_wconf 88' lang='lat' dir='ltr'>proprie</span> <span class='ocrx_word' id='word_1_68' title='bbox 1166 1830 1204 1885; x_wconf 92' lang='lat' dir='ltr'>et</span> <span class='ocrx_word' id='word_1_69' title='bbox 1218 1810 1454 1887; x_wconf 75' lang='lat' dir='ltr'>substantialia</span> 
     </span>
     <span class='ocr_line' id='line_1_10' title="bbox 292 1905 1454 2005; baseline 0.003 -24"><span class='ocrx_word' id='word_1_70' title='bbox 292 1908 351 1981; x_wconf 88' lang='lat' dir='ltr'>alii</span> <span class='ocrx_word' id='word_1_71' title='bbox 369 1910 611 2005; x_wconf 87' lang='lat' dir='ltr'>metaphorice</span> <span class='ocrx_word' id='word_1_72' title='bbox 629 1928 665 1980; x_wconf 90' lang='lat' dir='ltr'>et</span> <span class='ocrx_word' id='word_1_73' title='bbox 683 1905 935 1996; x_wconf 69' lang='lat' dir='ltr'>effectualiter,</span> <span class='ocrx_word' id='word_1_74' title='bbox 952 1906 1210 1983; x_wconf 74' lang='lat' dir='ltr'>intellexerint.</span> <span class='ocrx_word' id='word_1_75' title='bbox 1255 1911 1367 1998; x_wconf 86' lang='lat' dir='ltr'>Sunt,</span> <span class='ocrx_word' id='word_1_76' title='bbox 1392 1931 1454 2005; x_wconf 85' lang='lat' dir='ltr'>qut</span> 
     </span>
     <span class='ocr_line' id='line_1_11' title="bbox 292 2000 1454 2101; baseline 0.001 -24"><span class='ocrx_word' id='word_1_77' title='bbox 292 2023 449 2078; x_wconf 88' lang='lat' dir='ltr'>mentem</span> <span class='ocrx_word' id='word_1_78' title='bbox 470 2006 735 2099; x_wconf 83' lang='lat' dir='ltr'>Athenagorae,</span> <span class='ocrx_word' id='word_1_79' title='bbox 756 2002 792 2075; x_wconf 90' lang='lat' dir='ltr'>in</span> <span class='ocrx_word' id='word_1_80' title='bbox 810 2021 995 2097; x_wconf 88' lang='lat' dir='ltr'>utrumque</span> <span class='ocrx_word' id='word_1_81' title='bbox 1005 2000 1139 2077; x_wconf 87' lang='lat' dir='ltr'>sensum</span> <span class='ocrx_word' id='word_1_82' title='bbox 1155 2002 1307 2078; x_wconf 87' lang='lat' dir='ltr'>rationes</span> <span class='ocrx_word' id='word_1_83' title='bbox 1323 2025 1397 2077; x_wconf 89' lang='lat' dir='ltr'>non</span> <span class='ocrx_word' id='word_1_84' title='bbox 1412 2005 1454 2101; x_wconf 85' lang='lat' dir='ltr'>sp</span> 
     </span>
     <span class='ocr_line' id='line_1_12' title="bbox 290 2098 1454 2194; baseline 0.003 -24"><span class='ocrx_word' id='word_1_85' title='bbox 290 2102 445 2189; x_wconf 82' lang='lat' dir='ltr'>nendae,</span> <span class='ocrx_word' id='word_1_86' title='bbox 471 2102 611 2194; x_wconf 87' lang='lat' dir='ltr'>quasin</span> <span class='ocrx_word' id='word_1_87' title='bbox 635 2098 790 2170; x_wconf 88' lang='lat' dir='ltr'>medium</span> <span class='ocrx_word' id='word_1_88' title='bbox 813 2098 970 2173; x_wconf 82' lang='lat' dir='ltr'>adtulisse</span> <span class='ocrx_word' id='word_1_89' title='bbox 993 2118 1065 2170; x_wconf 86' lang='lat' dir='ltr'>non</span> <span class='ocrx_word' id='word_1_90' title='bbox 1090 2098 1233 2174; x_wconf 89' lang='lat' dir='ltr'>videtur</span> <span class='ocrx_word' id='word_1_91' title='bbox 1254 2121 1328 2173; x_wconf 89' lang='lat' dir='ltr'>are</span> <span class='ocrx_word' id='word_1_92' title='bbox 1343 2099 1454 2174; x_wconf 86' lang='lat' dir='ltr'>alienu</span> 
     </span>
     <span class='ocr_line' id='line_1_13' title="bbox 290 2192 1454 2291; baseline 0.002 -24"><span class='ocrx_word' id='word_1_93' title='bbox 290 2195 544 2289; x_wconf 86' lang='lat' dir='ltr'>Metaphorice</span> <span class='ocrx_word' id='word_1_94' title='bbox 561 2194 676 2291; x_wconf 90' lang='lat' dir='ltr'>lpsum</span> <span class='ocrx_word' id='word_1_95' title='bbox 695 2194 834 2288; x_wconf 89' lang='lat' dir='ltr'>phrases</span> <span class='ocrx_word' id='word_1_96' title='bbox 857 2211 894 2266; x_wconf 88' lang='lat' dir='ltr'>ct</span> <span class='ocrx_word' id='word_1_97' title='bbox 911 2215 1019 2266; x_wconf 85' lang='lat' dir='ltr'>vocer</span> <span class='ocrx_word' id='word_1_98' title='bbox 1035 2192 1261 2284; x_wconf 80' lang='lat' dir='ltr'>intellexisse,</span> <span class='ocrx_word' id='word_1_99' title='bbox 1285 2214 1323 2267; x_wconf 89' lang='lat' dir='ltr'>et</span> <span class='ocrx_word' id='word_1_100' title='bbox 1339 2195 1454 2280; x_wconf 78' lang='lat' dir='ltr'>nonsr</span> 
     </span>
     <span class='ocr_line' id='line_1_14' title="bbox 288 2287 1454 2455; baseline 0.003 -94"><span class='ocrx_word' id='word_1_101' title='bbox 288 2287 512 2378; x_wconf 86' lang='lat' dir='ltr'>stantialiter,</span> <span class='ocrx_word' id='word_1_102' title='bbox 538 2291 695 2386; x_wconf 87' lang='lat' dir='ltr'>adeoque</span> <span class='ocrx_word' id='word_1_103' title='bbox 713 2288 945 2385; x_wconf 89' lang='lat' dir='ltr'>opinionem,</span> <span class='ocrx_word' id='word_1_104' title='bbox 969 2311 1056 2455; x_wconf 58' lang='lat' dir='ltr'>quae</span> <span class='ocrx_word' id='word_1_105' title='bbox 1074 2288 1193 2386; x_wconf 88' lang='lat' dir='ltr'>postea</span> <span class='ocrx_word' id='word_1_106' title='bbox 1217 2290 1454 2366; x_wconf 82' lang='lat' dir='ltr'>Sabellianad</span> 
     </span>
     <span class='ocr_line' id='line_1_15' title="bbox 289 2382 1454 2481; baseline 0.003 -24"><span class='ocrx_word' id='word_1_107' title='bbox 289 2403 324 2457; x_wconf 91' lang='lat' dir='ltr'>ta</span> <span class='ocrx_word' id='word_1_108' title='bbox 348 2384 419 2476; x_wconf 92' lang='lat' dir='ltr'>est,</span> <span class='ocrx_word' id='word_1_109' title='bbox 443 2386 618 2474; x_wconf 83' lang='lat' dir='ltr'>habuisse,</span> <span class='ocrx_word' id='word_1_110' title='bbox 652 2407 841 2481; x_wconf 89' lang='lat' dir='ltr'>veramque</span> <span class='ocrx_word' id='word_1_111' title='bbox 866 2397 916 2457; x_wconf 87' lang='lat' dir='ltr'>ac&#39;</span> <span class='ocrx_word' id='word_1_112' title='bbox 931 2383 966 2456; x_wconf 92' lang='lat' dir='ltr'>di</span> <span class='ocrx_word' id='word_1_113' title='bbox 998 2382 1127 2458; x_wconf 74' lang='lat' dir='ltr'>ineram</span> <span class='ocrx_word' id='word_1_114' title='bbox 1151 2409 1171 2458; x_wconf 90' lang='lat' dir='ltr'>a</span> <span class='ocrx_word' id='word_1_115' title='bbox 1196 2385 1298 2460; x_wconf 82' lang='lat' dir='ltr'>Patre</span> <span class='ocrx_word' id='word_1_116' title='bbox 1324 2383 1454 2461; x_wconf 85' lang='lat' dir='ltr'>subststt</span> 
     </span>
     <span class='ocr_line' id='line_1_16' title="bbox 288 2478 1454 2577; baseline 0.005 -27"><span class='ocrx_word' id='word_1_117' title='bbox 288 2481 373 2552; x_wconf 90' lang='lat' dir='ltr'>tiam</span> <span class='ocrx_word' id='word_1_118' title='bbox 401 2481 479 2554; x_wconf 92' lang='lat' dir='ltr'>Filii</span> <span class='ocrx_word' id='word_1_119' title='bbox 507 2502 543 2553; x_wconf 91' lang='lat' dir='ltr'>et</span> <span class='ocrx_word' id='word_1_120' title='bbox 567 2480 712 2577; x_wconf 90' lang='lat' dir='ltr'>Spiritus</span> <span class='ocrx_word' id='word_1_121' title='bbox 737 2482 793 2569; x_wconf 85' lang='lat' dir='ltr'>S.,</span> <span class='ocrx_word' id='word_1_122' title='bbox 830 2478 909 2574; x_wconf 92' lang='lat' dir='ltr'>post</span> <span class='ocrx_word' id='word_1_123' title='bbox 927 2478 1038 2574; x_wconf 90' lang='lat' dir='ltr'>ipsum</span> <span class='ocrx_word' id='word_1_124' title='bbox 1064 2480 1299 2577; x_wconf 76' lang='lat' dir='ltr'>progressum,</span> <span class='ocrx_word' id='word_1_125' title='bbox 1342 2499 1382 2554; x_wconf 91' lang='lat' dir='ltr'>et</span> <span class='ocrx_word' id='word_1_126' title='bbox 1404 2480 1454 2556; x_wconf 74' lang='lat' dir='ltr'>eff</span> 
     </span>
     <span class='ocr_line' id='line_1_17' title="bbox 286 2573 1454 2671; baseline 0.005 -26"><span class='ocrx_word' id='word_1_127' title='bbox 286 2596 390 2660; x_wconf 86' lang='lat' dir='ltr'>xum,</span> <span class='ocrx_word' id='word_1_128' title='bbox 425 2576 580 2670; x_wconf 81' lang='lat' dir='ltr'>negasse,</span> <span class='ocrx_word' id='word_1_129' title='bbox 616 2575 798 2670; x_wconf 87' lang='lat' dir='ltr'>sequentes</span> <span class='ocrx_word' id='word_1_130' title='bbox 823 2576 967 2671; x_wconf 80' lang='lat' dir='ltr'>exigere</span> <span class='ocrx_word' id='word_1_131' title='bbox 983 2573 1150 2648; x_wconf 88' lang='lat' dir='ltr'>videntur</span> <span class='ocrx_word' id='word_1_132' title='bbox 1168 2573 1333 2650; x_wconf 73' lang='lat' dir='ltr'>rationes</span> <span class='ocrx_word' id='word_1_133' title='bbox 1384 2577 1454 2653; x_wconf 86' lang='lat' dir='ltr'>r.l</span> 
     </span>
     <span class='ocr_line' id='line_1_18' title="bbox 285 2667 1454 2770; baseline 0.005 -29"><span class='ocrx_word' id='word_1_134' title='bbox 285 2667 419 2741; x_wconf 84' lang='lat' dir='ltr'>fluxum</span> <span class='ocrx_word' id='word_1_135' title='bbox 438 2670 608 2767; x_wconf 84' lang='lat' dir='ltr'>Spiritus,</span> <span class='ocrx_word' id='word_1_136' title='bbox 633 2669 720 2742; x_wconf 89' lang='lat' dir='ltr'>dicit</span> <span class='ocrx_word' id='word_1_137' title='bbox 736 2668 772 2766; x_wconf 65' lang='lat'>5,</span> <span class='ocrx_word' id='word_1_138' title='bbox 798 2693 853 2741; x_wconf 89' lang='lat'>10.</span> <span class='ocrx_word' id='word_1_139' title='bbox 879 2667 949 2741; x_wconf 85' lang='lat' dir='ltr'>esse</span> <span class='ocrx_word' id='word_1_140' title='bbox 965 2668 1132 2764; x_wconf 65' lang='grc' dir='ltr'>ὀιὸῥξωαν,</span> <span class='ocrx_word' id='word_1_141' title='bbox 1152 2690 1190 2743; x_wconf 93' lang='lat' dir='ltr'>et</span> <span class='ocrx_word' id='word_1_142' title='bbox 1207 2672 1313 2745; x_wconf 87' lang='lat' dir='ltr'>talem</span> <span class='ocrx_word' id='word_1_143' title='bbox 1330 2671 1454 2770; x_wconf 88' lang='lat' dir='ltr'>quidet</span> 
     </span>
     <span class='ocr_line' id='line_1_19' title="bbox 283 2761 1454 2860; baseline 0.005 -27"><span class='ocrx_word' id='word_1_144' title='bbox 283 2765 341 2859; x_wconf 88' lang='lat' dir='ltr'>qui</span> <span class='ocrx_word' id='word_1_145' title='bbox 369 2761 471 2857; x_wconf 86' lang='lat' dir='ltr'>effluit</span> <span class='ocrx_word' id='word_1_146' title='bbox 498 2783 528 2838; x_wconf 88' lang='lat' dir='ltr'>et</span> <span class='ocrx_word' id='word_1_147' title='bbox 551 2763 678 2860; x_wconf 85' lang='lat' dir='ltr'>refluit,</span> <span class='ocrx_word' id='word_1_148' title='bbox 714 2765 773 2860; x_wconf 91' lang='lat' dir='ltr'>qui</span> <span class='ocrx_word' id='word_1_149' title='bbox 792 2763 988 2855; x_wconf 89' lang='lat' dir='ltr'>emittitur,</span> <span class='ocrx_word' id='word_1_150' title='bbox 1022 2788 1061 2840; x_wconf 89' lang='lat' dir='ltr'>et</span> <span class='ocrx_word' id='word_1_151' title='bbox 1076 2767 1288 2857; x_wconf 87' lang='lat' dir='ltr'>retrahitur,</span> <span class='ocrx_word' id='word_1_152' title='bbox 1312 2792 1342 2842; x_wconf 82' lang='lat' dir='ltr'>a.</span> <span class='ocrx_word' id='word_1_153' title='bbox 1359 2769 1454 2843; x_wconf 75' lang='lat' dir='ltr'>Patre</span> 
     </span>
     <span class='ocr_line' id='line_1_20' title="bbox 283 2861 1454 2960; baseline 0.001 -23"><span class='ocrx_word' id='word_1_154' title='bbox 283 2867 416 2956; x_wconf 68' lang='lat' dir='ltr'>a&#39;rrop&#39;p‘srr</span> <span class='ocrx_word' id='word_1_155' title='bbox 439 2861 525 2935; x_wconf 79' lang='lat' dir='ltr'>dicit</span> <span class='ocrx_word' id='word_1_156' title='bbox 554 2891 671 2956; x_wconf 69' lang='lat' dir='ltr'>arrupte</span> <span class='ocrx_word' id='word_1_157' title='bbox 694 2874 751 2953; x_wconf 68' lang='lat' dir='ltr'>rtetl¹</span> <span class='ocrx_word' id='word_1_158' title='bbox 770 2871 1037 2951; x_wconf 70' lang='grc' dir='ltr'>ἱπανιφερομενοι,</span> <span class='ocrx_word' id='word_1_159' title='bbox 1077 2863 1182 2960; x_wconf 85' lang='lat' dir='ltr'>idque</span> <span class='ocrx_word' id='word_1_160' title='bbox 1205 2863 1248 2937; x_wconf 82' lang='lat' dir='ltr'>ad</span> <span class='ocrx_word' id='word_1_161' title='bbox 1272 2864 1417 2940; x_wconf 85' lang='lat' dir='ltr'>modum</span> <span class='ocrx_word' id='word_1_162' title='bbox 1441 2889 1454 2938; x_wconf 80' lang='lat' dir='ltr'><strong>i</strong></span> 
     </span>
     <span class='ocr_line' id='line_1_21' title="bbox 284 2957 1454 3056; baseline 0.002 -23"><span class='ocrx_word' id='word_1_163' title='bbox 284 2961 421 3033; x_wconf 88' lang='lat' dir='ltr'>dionun</span> <span class='ocrx_word' id='word_1_164' title='bbox 439 2957 535 3032; x_wconf 88' lang='lat' dir='ltr'>solis:</span> <span class='ocrx_word' id='word_1_165' title='bbox 563 2960 620 3056; x_wconf 91' lang='lat' dir='ltr'>qui</span> <span class='ocrx_word' id='word_1_166' title='bbox 640 2958 726 3032; x_wconf 84' lang='lat' dir='ltr'>sicut</span> <span class='ocrx_word' id='word_1_167' title='bbox 754 2982 824 3030; x_wconf 93' lang='lat' dir='ltr'>non</span> <span class='ocrx_word' id='word_1_168' title='bbox 842 2958 1023 3055; x_wconf 88' lang='lat' dir='ltr'>propriam</span> <span class='ocrx_word' id='word_1_169' title='bbox 1046 2958 1198 3048; x_wconf 89' lang='lat' dir='ltr'>habent,</span> <span class='ocrx_word' id='word_1_170' title='bbox 1223 2957 1306 3031; x_wconf 90' lang='lat' dir='ltr'>dum</span> <span class='ocrx_word' id='word_1_171' title='bbox 1330 2959 1454 3035; x_wconf 78' lang='lat' dir='ltr'>efflant</span> 
     </span>
     <span class='ocr_line' id='line_1_22' title="bbox 285 3052 1454 3149; baseline 0.001 -20"><span class='ocrx_word' id='word_1_172' title='bbox 285 3054 555 3145; x_wconf 78' lang='lat' dir='ltr'>subsistentiam,</span> <span class='ocrx_word' id='word_1_173' title='bbox 581 3058 629 3127; x_wconf 90' lang='lat' dir='ltr'>ita</span> <span class='ocrx_word' id='word_1_174' title='bbox 654 3056 761 3127; x_wconf 86' lang='lat' dir='ltr'>necS</span> <span class='ocrx_word' id='word_1_175' title='bbox 789 3053 909 3145; x_wconf 86' lang='lat' dir='ltr'>iritus,</span> <span class='ocrx_word' id='word_1_176' title='bbox 943 3052 1036 3149; x_wconf 93' lang='lat' dir='ltr'>quod</span> <span class='ocrx_word' id='word_1_177' title='bbox 1053 3078 1098 3126; x_wconf 85' lang='lat' dir='ltr'>ex</span> <span class='ocrx_word' id='word_1_178' title='bbox 1116 3054 1180 3127; x_wconf 88' lang='lat' dir='ltr'>alia</span> <span class='ocrx_word' id='word_1_179' title='bbox 1206 3057 1454 3149; x_wconf 82' lang='lat' dir='ltr'>comparation</span> 
     </span>
     <span class='ocr_line' id='line_1_23' title="bbox 286 3080 1453 3248; baseline 0 -23"><span class='ocrx_word' id='word_1_180' title='bbox 286 3154 448 3225; x_wconf 82' lang='lat' dir='ltr'>alumine</span> <span class='ocrx_word' id='word_1_181' title='bbox 474 3151 565 3246; x_wconf 79' lang='lat' dir='ltr'>iqnis</span> <span class='ocrx_word' id='word_1_182' title='bbox 593 3151 724 3247; x_wconf 87' lang='lat' dir='ltr'>perita,</span> <span class='ocrx_word' id='word_1_183' title='bbox 763 3080 795 3248; x_wconf 58' lang='grc' dir='ltr'>ξ.</span> <span class='ocrx_word' id='word_1_184' title='bbox 824 3173 882 3225; x_wconf 82' lang='lat'>22.</span> <span class='ocrx_word' id='word_1_185' title='bbox 914 3150 1151 3223; x_wconf 87' lang='lat' dir='ltr'>confirmatur.</span> <span class='ocrx_word' id='word_1_186' title='bbox 1197 3148 1297 3222; x_wconf 84' lang='lat' dir='ltr'>idem</span> <span class='ocrx_word' id='word_1_187' title='bbox 1341 3151 1386 3224; x_wconf 89' lang='lat' dir='ltr'>de</span> <span class='ocrx_word' id='word_1_188' title='bbox 1403 3151 1453 3224; x_wconf 82' lang='lat' dir='ltr'>F&#39;t</span> 
     </span>
     <span class='ocr_line' id='line_1_24' title="bbox 286 3225 1450 3340; baseline 0.001 -22"><span class='ocrx_word' id='word_1_189' title='bbox 286 3269 366 3318; x_wconf 87' lang='lat' dir='ltr'>eum</span> <span class='ocrx_word' id='word_1_190' title='bbox 398 3225 552 3338; x_wconf 76' lang='lat' dir='ltr'>semite,</span> <span class='ocrx_word' id='word_1_191' title='bbox 584 3245 763 3340; x_wconf 88' lang='lat' dir='ltr'>probabile</span> <span class='ocrx_word' id='word_1_192' title='bbox 790 3244 897 3331; x_wconf 89' lang='lat' dir='ltr'>facit,</span> <span class='ocrx_word' id='word_1_193' title='bbox 931 3244 1025 3340; x_wconf 92' lang='lat' dir='ltr'>quod</span> <span class='ocrx_word' id='word_1_194' title='bbox 1049 3246 1176 3318; x_wconf 90' lang='lat' dir='ltr'>eodem</span> <span class='ocrx_word' id='word_1_195' title='bbox 1200 3244 1307 3316; x_wconf 89' lang='lat' dir='ltr'>modo</span> <span class='ocrx_word' id='word_1_196' title='bbox 1331 3244 1376 3318; x_wconf 87' lang='lat' dir='ltr'>de</span> <span class='ocrx_word' id='word_1_197' title='bbox 1402 3246 1450 3319; x_wconf 82' lang='lat' dir='ltr'>Fi</span> 
     </span>
     <span class='ocr_line' id='line_1_25' title="bbox 283 3337 1454 3435; baseline 0.003 -25"><span class='ocrx_word' id='word_1_198' title='bbox 283 3357 321 3410; x_wconf 93' lang='lat' dir='ltr'>et</span> <span class='ocrx_word' id='word_1_199' title='bbox 346 3338 481 3433; x_wconf 91' lang='lat' dir='ltr'>Spiritu</span> <span class='ocrx_word' id='word_1_200' title='bbox 496 3342 531 3412; x_wconf 86' lang='lat' dir='ltr'>S.</span> <span class='ocrx_word' id='word_1_201' title='bbox 554 3341 672 3434; x_wconf 87' lang='lat' dir='ltr'>paffim</span> <span class='ocrx_word' id='word_1_202' title='bbox 691 3341 869 3432; x_wconf 90' lang='lat' dir='ltr'>loquatur,</span> <span class='ocrx_word' id='word_1_203' title='bbox 895 3340 1057 3434; x_wconf 90' lang='lat' dir='ltr'>quodque</span> <span class='ocrx_word' id='word_1_204' title='bbox 1079 3340 1116 3411; x_wconf 91' lang='lat' dir='ltr'>in</span> <span class='ocrx_word' id='word_1_205' title='bbox 1139 3339 1257 3435; x_wconf 89' lang='lat' dir='ltr'>specie</span> <span class='ocrx_word' id='word_1_206' title='bbox 1285 3337 1411 3414; x_wconf 87' lang='lat' dir='ltr'>diserte</span> <span class='ocrx_word' id='word_1_207' title='bbox 1434 3362 1454 3414; x_wconf 86' lang='grc' dir='ltr'><em>ε</em></span> 
     </span>
     <span class='ocr_line' id='line_1_26' title="bbox 284 3431 1454 3532; baseline 0.004 -29"><span class='ocrx_word' id='word_1_208' title='bbox 284 3432 374 3531; x_wconf 82' lang='lat' dir='ltr'>serat</span> <span class='ocrx_word' id='word_1_209' title='bbox 406 3432 436 3529; x_wconf 62' lang='lat' dir='ltr'>q.</span> <span class='ocrx_word' id='word_1_210' title='bbox 468 3457 522 3509; x_wconf 90' lang='lat'>12.</span> <span class='ocrx_word' id='word_1_211' title='bbox 557 3433 725 3529; x_wconf 86' lang='lat' dir='ltr'>Spiritum</span> <span class='ocrx_word' id='word_1_212' title='bbox 750 3431 788 3503; x_wconf 92' lang='lat' dir='ltr'>in</span> <span class='ocrx_word' id='word_1_213' title='bbox 812 3454 857 3503; x_wconf 90' lang='lat' dir='ltr'>eo</span> <span class='ocrx_word' id='word_1_214' title='bbox 888 3431 1019 3507; x_wconf 83' lang='lat' dir='ltr'>effluxu</span> <span class='ocrx_word' id='word_1_215' title='bbox 1043 3455 1238 3508; x_wconf 82' lang='lat' dir='ltr'>conventre</span> <span class='ocrx_word' id='word_1_216' title='bbox 1260 3435 1344 3530; x_wconf 61' lang='lat' dir='ltr'>nlyq</span> <span class='ocrx_word' id='word_1_217' title='bbox 1366 3432 1454 3532; x_wconf 77' lang='lat' dir='ltr'>serr·</span> 
     </span>
     <span class='ocr_line' id='line_1_27' title="bbox 283 3526 1454 3630; baseline 0.003 -28"><span class='ocrx_word' id='word_1_218' title='bbox 283 3531 338 3616; x_wconf 82' lang='lat' dir='ltr'>ni,</span> <span class='ocrx_word' id='word_1_219' title='bbox 373 3530 508 3609; x_wconf 69' lang='lat' dir='ltr'>aaudiat,</span> <span class='ocrx_word' id='word_1_220' title='bbox 544 3528 677 3624; x_wconf 87' lang='lat' dir='ltr'>inquit,</span> <span class='ocrx_word' id='word_1_221' title='bbox 718 3537 760 3621; x_wconf 77' lang='grc' dir='ltr'>τῷ</span> <span class='ocrx_word' id='word_1_222' title='bbox 784 3526 868 3623; x_wconf 67' lang='grc' dir='ltr'>λὸγᾳ</span> <span class='ocrx_word' id='word_1_223' title='bbox 894 3538 947 3601; x_wconf 82' lang='lat' dir='ltr'>rutl</span> <span class='ocrx_word' id='word_1_224' title='bbox 969 3528 1003 3603; x_wconf 63' lang='lat' dir='ltr'>rt*</span> <span class='ocrx_word' id='word_1_225' title='bbox 1026 3544 1205 3625; x_wconf 73' lang='lat' dir='ltr'>rpotprrrrttr</span> <span class='ocrx_word' id='word_1_226' title='bbox 1229 3539 1369 3629; x_wconf 64' lang='grc' dir='ltr'>πένμας</span> <span class='ocrx_word' id='word_1_227' title='bbox 1404 3551 1454 3630; x_wconf 76' lang='lat' dir='ltr'>qu</span> 
     </span>
     <span class='ocr_line' id='line_1_28' title="bbox 284 3623 1454 3718; baseline 0.003 -20"><span class='ocrx_word' id='word_1_228' title='bbox 284 3624 390 3698; x_wconf 87' lang='lat' dir='ltr'>verba</span> <span class='ocrx_word' id='word_1_229' title='bbox 424 3626 512 3698; x_wconf 88' lang='lat' dir='ltr'>male</span> <span class='ocrx_word' id='word_1_230' title='bbox 543 3624 640 3717; x_wconf 90' lang='lat' dir='ltr'>cepit</span> <span class='ocrx_word' id='word_1_231' title='bbox 674 3623 870 3716; x_wconf 83' lang='lat' dir='ltr'>interpres3</span> <span class='ocrx_word' id='word_1_232' title='bbox 911 3629 1081 3701; x_wconf 91' lang='lat' dir='ltr'>vertenda</span> <span class='ocrx_word' id='word_1_233' title='bbox 1105 3628 1203 3718; x_wconf 92' lang='lat' dir='ltr'>sunt,</span> <span class='ocrx_word' id='word_1_234' title='bbox 1231 3629 1399 3718; x_wconf 75' lang='lat' dir='ltr'>sermoni,</span> <span class='ocrx_word' id='word_1_235' title='bbox 1430 3648 1454 3701; x_wconf 69' lang='grc' dir='ltr'><strong>ε</strong></span> 
     </span>
     <span class='ocr_line' id='line_1_29' title="bbox 284 3718 1454 3819; baseline 0.003 -24"><span class='ocrx_word' id='word_1_236' title='bbox 284 3719 376 3795; x_wconf 88' lang='lat' dir='ltr'>Filio</span> <span class='ocrx_word' id='word_1_237' title='bbox 392 3718 484 3808; x_wconf 86' lang='lat' dir='ltr'>Dei,</span> <span class='ocrx_word' id='word_1_238' title='bbox 514 3719 667 3814; x_wconf 83' lang='lat' dir='ltr'>consentit</span> <span class='ocrx_word' id='word_1_239' title='bbox 684 3720 827 3815; x_wconf 82' lang='lat' dir='ltr'>Spiritus</span> <span class='ocrx_word' id='word_1_240' title='bbox 841 3721 1065 3813; x_wconf 81' lang='lat' dir='ltr'>propheticus,</span> <span class='ocrx_word' id='word_1_241' title='bbox 1089 3723 1124 3796; x_wconf 91' lang='lat' dir='ltr'>h.</span> <span class='ocrx_word' id='word_1_242' title='bbox 1149 3747 1180 3795; x_wconf 92' lang='lat' dir='ltr'>e.</span> <span class='ocrx_word' id='word_1_243' title='bbox 1207 3723 1350 3819; x_wconf 90' lang='lat' dir='ltr'>spiritus</span> <span class='ocrx_word' id='word_1_244' title='bbox 1368 3719 1454 3799; x_wconf 66' lang='lat' dir='ltr'>aes</span> 
     </span>
     <span class='ocr_line' id='line_1_30' title="bbox 282 3813 1454 3915; baseline 0.003 -25"><span class='ocrx_word' id='word_1_245' title='bbox 282 3816 398 3890; x_wconf 91' lang='lat' dir='ltr'>monis</span> <span class='ocrx_word' id='word_1_246' title='bbox 424 3815 542 3887; x_wconf 86' lang='lat' dir='ltr'>eadem</span> <span class='ocrx_word' id='word_1_247' title='bbox 583 3813 634 3888; x_wconf 90' lang='lat' dir='ltr'>est</span> <span class='ocrx_word' id='word_1_248' title='bbox 666 3815 768 3889; x_wconf 88' lang='lat' dir='ltr'>ratio.</span> <span class='ocrx_word' id='word_1_249' title='bbox 831 3817 872 3887; x_wconf 90' lang='lat' dir='ltr'>In</span> <span class='ocrx_word' id='word_1_250' title='bbox 912 3839 1065 3890; x_wconf 89' lang='lat' dir='ltr'>errorem</span> <span class='ocrx_word' id='word_1_251' title='bbox 1105 3818 1206 3890; x_wconf 85' lang='lat' dir='ltr'>duxit</span> <span class='ocrx_word' id='word_1_252' title='bbox 1247 3818 1454 3915; x_wconf 84' lang='lat' dir='ltr'>interprete</span> 
     </span>
     <span class='ocr_line' id='line_1_31' title="bbox 306 3910 1418 4008; baseline 0.006 -26"><span class='ocrx_word' id='word_1_253' title='bbox 306 3911 375 3982; x_wconf 93' lang='lat' dir='ltr'>uod</span> <span class='ocrx_word' id='word_1_254' title='bbox 408 3913 510 3983; x_wconf 79' lang='lat' dir='ltr'>Pron.</span> <span class='ocrx_word' id='word_1_255' title='bbox 544 3911 647 3985; x_wconf 89' lang='lat' dir='ltr'><strong>VIII.</strong></span> <span class='ocrx_word' id='word_1_256' title='bbox 681 3910 830 4001; x_wconf 85' lang='lat' dir='ltr'>citetur,</span> <span class='ocrx_word' id='word_1_257' title='bbox 869 3934 972 4008; x_wconf 92' lang='lat' dir='ltr'>quem</span> <span class='ocrx_word' id='word_1_258' title='bbox 1003 3935 1024 3986; x_wconf 89' lang='lat' dir='ltr'>a</span> <span class='ocrx_word' id='word_1_259' title='bbox 1054 3912 1207 4008; x_wconf 90' lang='lat' dir='ltr'>pluribus</span> <span class='ocrx_word' id='word_1_260' title='bbox 1239 3913 1418 3989; x_wconf 90' lang='lat' dir='ltr'>Veterum</span> 
     </span>
     <span class='ocr_line' id='line_1_32' title="bbox 273 3929 1454 4105; baseline 0.004 -29"><span class='ocrx_word' id='word_1_261' title='bbox 273 3929 396 4104; x_wconf 53' lang='lat' dir='ltr'>spiritu</span> <span class='ocrx_word' id='word_1_262' title='bbox 425 4004 575 4101; x_wconf 84' lang='lat' dir='ltr'>intelligi</span> <span class='ocrx_word' id='word_1_263' title='bbox 610 4029 680 4080; x_wconf 91' lang='lat' dir='ltr'>non</span> <span class='ocrx_word' id='word_1_264' title='bbox 705 4009 960 4094; x_wconf 65' lang='lat' dir='ltr'>&#39;observatum</span> <span class='ocrx_word' id='word_1_265' title='bbox 1002 4030 1081 4080; x_wconf 91' lang='lat' dir='ltr'>nam</span> <span class='ocrx_word' id='word_1_266' title='bbox 1105 4009 1275 4103; x_wconf 84' lang='lat' dir='ltr'>sapientia</span> <span class='ocrx_word' id='word_1_267' title='bbox 1303 4007 1454 4105; x_wconf 78' lang='lat' dir='ltr'>adpelle]</span> 
     </span>
     <span class='ocr_line' id='line_1_33' title="bbox 280 4099 1453 4202; baseline 0.005 -28"><span class='ocrx_word' id='word_1_268' title='bbox 280 4123 337 4174; x_wconf 92' lang='lat' dir='ltr'>tur</span> <span class='ocrx_word' id='word_1_269' title='bbox 364 4101 512 4193; x_wconf 82' lang='lat' dir='ltr'>Spiritus.</span> <span class='ocrx_word' id='word_1_270' title='bbox 564 4123 594 4173; x_wconf 85' lang='lat'>2.</span> <span class='ocrx_word' id='word_1_271' title='bbox 622 4104 749 4198; x_wconf 86' lang='lat' dir='ltr'>Ingens</span> <span class='ocrx_word' id='word_1_272' title='bbox 774 4099 930 4177; x_wconf 90' lang='lat' dir='ltr'>infundit</span> <span class='ocrx_word' id='word_1_273' title='bbox 950 4105 1067 4176; x_wconf 86' lang='lat' dir='ltr'>lumen</span> <span class='ocrx_word' id='word_1_274' title='bbox 1091 4102 1253 4200; x_wconf 85' lang='lat' dir='ltr'>egregius</span> <span class='ocrx_word' id='word_1_275' title='bbox 1281 4106 1374 4200; x_wconf 91' lang='lat' dir='ltr'>apud</span> <span class='ocrx_word' id='word_1_276' title='bbox 1399 4107 1453 4202; x_wconf 85' lang='lat' dir='ltr'>Ju</span> 
     </span>
     <span class='ocr_line' id='line_1_34' title="bbox 280 4197 1454 4293; baseline -0.002 -23"><span class='ocrx_word' id='word_1_277' title='bbox 280 4197 389 4270; x_wconf 85' lang='lat' dir='ltr'>Mart.</span> <span class='ocrx_word' id='word_1_278' title='bbox 426 4197 522 4268; x_wconf 91' lang='lat' dir='ltr'>locus</span> <span class='ocrx_word' id='word_1_279' title='bbox 552 4217 673 4267; x_wconf 85' lang='lat' dir='ltr'>contra</span> <span class='ocrx_word' id='word_1_280' title='bbox 705 4198 842 4293; x_wconf 88' lang='lat' dir='ltr'>Tryph.</span> <span class='ocrx_word' id='word_1_281' title='bbox 876 4222 911 4292; x_wconf 90' lang='lat' dir='ltr'>p.</span> <span class='ocrx_word' id='word_1_282' title='bbox 946 4203 1027 4291; x_wconf 83' lang='lat'>358.</span> <span class='ocrx_word' id='word_1_283' title='bbox 1060 4199 1120 4272; x_wconf 93' lang='lat' dir='ltr'>ubi</span> <span class='ocrx_word' id='word_1_284' title='bbox 1154 4198 1279 4287; x_wconf 87' lang='lat' dir='ltr'>tradit,</span> <span class='ocrx_word' id='word_1_285' title='bbox 1321 4202 1358 4273; x_wconf 91' lang='lat' dir='ltr'>se</span> <span class='ocrx_word' id='word_1_286' title='bbox 1391 4219 1454 4274; x_wconf 80' lang='lat' dir='ltr'>no:</span> 
     </span>
     <span class='ocr_line' id='line_1_35' title="bbox 279 4288 1454 4387; baseline -0.001 -23"><span class='ocrx_word' id='word_1_287' title='bbox 279 4291 419 4386; x_wconf 82' lang='lat' dir='ltr'>aliquos,</span> <span class='ocrx_word' id='word_1_288' title='bbox 460 4292 518 4386; x_wconf 93' lang='lat' dir='ltr'>qui</span> <span class='ocrx_word' id='word_1_289' title='bbox 544 4290 670 4363; x_wconf 86' lang='lat' dir='ltr'>Filium</span> <span class='ocrx_word' id='word_1_290' title='bbox 696 4291 859 4366; x_wconf 86' lang='lat' dir='ltr'>dixerunt</span> <span class='ocrx_word' id='word_1_291' title='bbox 891 4288 1184 4387; x_wconf 60' lang='lat' dir='ltr'>adrameriensem</span> <span class='ocrx_word' id='word_1_292' title='bbox 1208 4318 1228 4366; x_wconf 89' lang='lat' dir='ltr'>a</span> <span class='ocrx_word' id='word_1_293' title='bbox 1255 4297 1357 4367; x_wconf 88' lang='lat' dir='ltr'>Patre</span> <span class='ocrx_word' id='word_1_294' title='bbox 1380 4298 1454 4368; x_wconf 77' lang='lat' dir='ltr'>¹&#39;emt</span> 
     </span>
     <span class='ocr_line' id='line_1_36' title="bbox 275 4385 1454 4561; baseline -0.004 -97"><span class='ocrx_word' id='word_1_295' title='bbox 275 4389 367 4481; x_wconf 82' lang='lat' dir='ltr'>sam,</span> <span class='ocrx_word' id='word_1_296' title='bbox 408 4410 489 4463; x_wconf 88' lang='lat' dir='ltr'>cum</span> <span class='ocrx_word' id='word_1_297' title='bbox 511 4385 638 4486; x_wconf 85' lang='lat' dir='ltr'>aliquid</span> <span class='ocrx_word' id='word_1_298' title='bbox 663 4388 833 4485; x_wconf 83' lang='lat' dir='ltr'>agendum</span> <span class='ocrx_word' id='word_1_299' title='bbox 864 4386 926 4485; x_wconf 88' lang='lat' dir='ltr'>stt,</span> <span class='ocrx_word' id='word_1_300' title='bbox 966 4407 1006 4468; x_wconf 87' lang='lat' dir='ltr'>et</span> <span class='ocrx_word' id='word_1_301' title='bbox 1029 4392 1071 4469; x_wconf 86' lang='lat' dir='ltr'>ab</span> <span class='ocrx_word' id='word_1_302' title='bbox 1097 4412 1139 4466; x_wconf 87' lang='lat' dir='ltr'>ea</span> <span class='ocrx_word' id='word_1_303' title='bbox 1168 4387 1309 4466; x_wconf 75' lang='lat' dir='ltr'>atlione</span> <span class='ocrx_word' id='word_1_304' title='bbox 1333 4393 1454 4561; x_wconf 52' lang='lat' dir='ltr'>rgrtnltle</span> 
     </span>
     <span class='ocr_line' id='line_1_37' title="bbox 283 4498 1454 4586; baseline 0 -24"><span class='ocrx_word' id='word_1_305' title='bbox 283 4504 289 4511; x_wconf 93' lang='lat'><strong>·</strong></span> <span class='ocrx_word' id='word_1_306' title='bbox 362 4506 369 4519; x_wconf 88' lang='lat'><strong>·</strong></span> <span class='ocrx_word' id='word_1_307' title='bbox 639 4569 642 4574; x_wconf 67' lang='grc'><strong>,</strong></span> <span class='ocrx_word' id='word_1_308' title='bbox 832 4528 923 4561; x_wconf 72' lang='grc'>,.-</span> <span class='ocrx_word' id='word_1_309' title='bbox 1229 4503 1235 4513; x_wconf 96' lang='grc'>·</span> <span class='ocrx_word' id='word_1_310' title='bbox 1330 4498 1454 4586; x_wconf 76' lang='lat' dir='ltr'>aper</span> 
     </span>
    </p>
   </div>
   <div class='ocr_carea' id='block_1_3' title="bbox 0 0 1810 5500">
    <p class='ocr_par' dir='ltr' id='par_1_3' title="bbox 0 0 1810 5500">
     <span class='ocr_line' id='line_1_38' title="bbox 0 0 1810 5500; baseline 0 5"><span class='ocrx_word' id='word_1_311' title='bbox 0 0 1810 5500; x_wconf 95' lang='lat' dir='ltr'> </span> 
     </span>
    </p>
   </div>
  </div>
 </body>
</html>
