3609 5500
805 939 910 1015 sam
935 940 1008 1016 rrr.
1043 921 1046 927 ’
1436 921 1520 1038 615*

283 1111 568 1219 vero'propriam
585 1118 693 1193 habet
722 1122 848 1217 draptes
865 1118 1111 1215 sabstllentiam
1150 1144 1181 1197 r.
1208 1123 1414 1198 Sermonem
1434 1136 1515 1218 pro·'
1607 1171 1609 1173 ψ

283 1224 389 1294 latam
417 1218 568 1313 ejusdem
593 1216 663 1291 else
689 1217 877 1306 ellentr'ae,
913 1243 953 1290 ac
985 1218 1116 1309 instrum
1143 1218 1358 1310 sermonem,
1387 1220 1509 1294 secun·

286 1327 373 1390 dum
399 1311 668 1407 Theophilum,
709 1315 802 1408 quod
836 1314 949 1387 Bullus
975 1313 1104 1389 delens.
1139 1316 1198 1388 fid.
1224 1316 1309 1390 Nic.
1334 1316 1416 1390 sedi.
1443 1317 1511 1391 lll.

288 1431 416 1488 contra
440 1409 621 1481 l’etavium
645 1408 717 1502 jam
741 1407 1015 1499 demonstravit,
1040 1408 1123 1483 inde
1142 1430 1239 1517 patet
1257 1435 1289 1486 a.
1314 1413 1407 1507 quod
1425 1434 1512 1485 eun·

286 1508 369 1583 dem
386 1506 582 1577 sermonem
605 1503 736 1603 instram
768 1508 866 1581 Deus
891 1505 1028 1579 dicatur
1049 1504 1228 1600 genurlle‚
1260 1509 1281 1582 l.
1308 1532 1339 1582 c.
1365 1532 1400 1603 p.
1426 1514 1510 1586 118.

286 1617 327 1679 et
354 1622 435 1695 ¹72·
462 1599 517 1672 ed.
544 1598 659 1694 Wolf.
684 1603 717 1673 b.
743 1604 871 1690 Sermo,
905 1600 964 1696 qui
988 1601 1026 1674 in
1045 1602 1233 1697 Prophetis
1268 1601 1320 1677 est
1351 1605 1509 1692 locutus,

287 1697 480 1796 adpellatut
493 1695 606 1767 sermo
623 1696 716 1784 Dei,
742 1697 800 1794 qui
808 1697 939 1796 semper
953 1700 986 1768 in
1009 1698 1075 1794 t'pso
1097 1702 1201 1772 inerat
1219 1723 1261 1793 p.
1293 1721 1375 1773 120.
1399 1721 1426 1773 c.
1445 1719 1514 1795 pet

286 1797 525 1894 generationem
558 1791 727 1864 sermonis
760 1815 868 1892 negat
891 1796 1030 1865 Patrem
1063 1792 1133 1866 elle
1161 1797 1287 1868 ratione
1311 1795 1509 1891 privatum,

292 1916 331 1990 p.
360 1910 463 1983 172„
495 1885 587 1958 tatio
602 1887 722 1984 itaque
738 1889 849 1963 Patris
866 1890 1030 1961 naturalis
1047 1886 1097 1961 est
1114 1891 1256 1984 prolata.
1310 1914 1342 1964 2.
1370 1892 1511 1962 Sermo·

294 2010 377 2062 nem
411 1983 584 2080 prolatum
624 1983 754 2057 habere
788 1985 969 2081 propriam
990 1983 1235 2080 subststentiam
1273 1982 1403 2059 statuit.
1452 1985 1513 2059 Li·

294 2101 357 2158 cet
381 2078 479 2152 enim
504 2077 596 2149 Filio
622 2099 659 2152 et
684 2078 832 2175 Spiritui
860 2083 894 2154 S.
918 2081 1014 2153 inter
1035 2081 1270 2175 proprietates
1293 2102 1329 2155 et
1353 2079 1514 2155 actiones

294 2176 368 2254 Dei
403 2192 604 2247 emanantes
620 2175 735 2248 locum
756 2174 816 2249 det
843 2177 865 2250 l.
890 2177 918 2250 Ι.
942 2200 977 2273 p.
1006 2183 1083 2266 16.‚
1116 2176 1199 2251 alibi
1236 2196 1350 2250 tamen
1386 2175 1527 2273 diserte,-

295 2272 446 2360 iudicat,
473 2268 506 2342 se
523 2271 565 2341 ab
584 2269 768 2344 adtributis
784 2270 1021 2369 distinguere,
1064 2291 1102 2346 et
1124 2271 1301 2369 propriam
1334 2270 1378 2345 iis
1410 2272 1515 2346 adtri-

294 2373 403 2446 buere
419 2362 651 2439 existentiam.
687 2392 719 2440 a.
745 2369 951 2441 Sermonem
966 2370 1139 2463 prolatum
1157 2368 1245 2441 dicit
1260 2369 1391 2465 drappis
1408 2370 1513 2440 adrni-

297 2463 432 2557 rt't'ftram
460 2460 573 2533 Patris
597 2459 633 2533 in
667 2486 783 2537 rerum
815 2462 1013 2551 creatione,
1055 2461 1149 2558 quod
1180 2461 1374 2536 distindtam
1401 2462 1516 2560 arguit

297 2556 560 2639 subsistentiam.
611 2561 641 2632 b.
667 2559 733 2631 Per
764 2559 1033 2655 produdliortem
1068 2557 1236 2631 sermonis
1269 2559 1407 2632 Patrem
1443 2582 1517 2635 non

295 2657 367 2731 effe
394 2657 517 2725 ratione
543 2673 749 2727 evacuatum
781 2654 930 2727 declarat
956 2678 991 2750 p.
1029 2675 1135 2747 172.,
1168 2653 1281 2752 quod,
1315 2654 1415 2728 utin
1443 2656 1517 2727 Ta·

295 2753 394 2827 tiano
409 2746 616 2838 observavi,
640 2746 836 2822 distindiam
851 2750 985 2823 indicat
1001 2746 1232 2825 existentiam.
1286 2779 1313 2825 c.
1341 2756 1428 2836 Cum
1450 2752 1513 2826 Pa·

295 2866 353 2924 ter
380 2843 619 2917 universorum
643 2865 715 2916 nou
742 2846 845 2940 pollrt
869 2843 1002 2919 includi
1024 2845 1128 2934 loco,
1164 2869 1231 2919 nec
1255 2848 1422 2943 adparere
1449 2847 1514 2919 ho·

296 2940 471 3029 minibus,
504 2937 591 3012 dicit
615 2964 650 3034 p.
680 2941 1001 3032 172.‚sermonem,
1033 2940 1187 3014 adsumta
1210 2943 1319 3014 Patris
1370 2939 1516 3033 ersona,

295 3039 439 3114 Adamo
464 3034 498 3108 se
519 3033 749 3108 manifestalie
775 3035 812 3109 in
839 3036 1010 3109 Paradiso.
1065 3034 1168 3134 Quod
1194 3033 1442 3123 ratiocinium,
1473 3034 1530 3109 st·'

294 3151 359 3210 cut
383 3129 577 3204 distinttam
602 3129 737 3204 evincit
765 3128 1007 3217 existentiam,
1049 3127 1098 3200 ita
1122 3147 1179 3217 et,
1222 3129 1313 3224 quod
1340 3153 1373 3224 3.
1398 3127 1515 3204 obser·

294 3226 471 3317 vandum,
505 3225 650 3314 Filium,
685 3225 769 3298 licet
795 3225 961 3300 ellentiae
994 3222 1104 3298 Patris
1130 3221 1358 3321 participem,
1402 3243 1515 3300 totam

292 3345 415 3401 tamen
441 3346 517 3409 eam
545 3320 704 3417 perteue
729 3345 800 3394 non
825 3322 1020 3417 poffidere,
1061 3319 1118 3391 sed
1144 3320 1245 3392 Patre
1273 3318 1342 3393 effe
1367 3319 1515 3396 inferio·

294 3441 397 3496 rem:
433 3416 477 3489 de
500 3440 569 3513 quo
598 3417 698 3514 supra
723 3416 760 3488 in
783 3415 869 3514 Just.
894 3420 950 3493 M.
972 3419 1044 3512 jam
1070 3414 1228 3510 exposui.
1280 3417 1515 3510 superiorita-

294 3538 372 3593 tem
398 3512 509 3587 Patris
533 3511 635 3585 etiarn
665 3512 801 3608 arguit,
844 3515 938 3610 quod
962 3539 994 3587 a.
1022 3509 1150 3583 Filium
1182 3511 1277 3586 dicat
1303 3513 1432 3611 deripyer
1457 3518 1517 3589 ad·

295 3607 479 3705 ministrum
505 3607 615 3681 Patris
640 3614 670 3680 b.
695 3629 776 3681 cum
794 3611 942 3708 reliquas
964 3634 1019 3681 res
1035 3606 1144 3704 sermo
1169 3609 1395 3703 produxerit,
1427 3615 1516 3693 homo

295 3709 330 3783 le
358 3726 433 3778 atur
457 3706 500 3776 ab
527 3703 603 3798 ipso
631 3705 712 3775 Deo
738 3725 875 3779 creatus
908 3730 944 3802 p.
974 3715 1076 3794 158.,
1103 3703 1142 3775 ui
1179 3704 1425 3777 excellentiam
1450 3707 1514 3778 ho·

298 3801 407 3876 minis
424 3823 511 3910 prae
548 3798 624 3871 aliis
647 3798 815 3872 creaturis
845 3799 1071 3872 demonstret.
1124 3801 1289 3869 Ceterum
1321 3798 1366 3868 de
1389 3801 1516 3892 Spiritu

294 3901 335 3973 S.
362 3895 446 3969 nihil
480 3897 586 3968 habet
610 3892 802 3990 peculiare,
836 3894 897 3968 nili
930 3893 1022 3989 quod
1049 3894 1165 3987 lerator
1188 3889 1373 3965 Trinitatis
1407 3895 1517 3968 norni-

291 4017 343 4070 ne
369 4016 447 4066 eum
473 3989 770 4085 comprehendat,
811 4008 849 4062 et
872 3987 995 4061 uilium
1022 4012 1101 4059 curn
1119 3987 1292 4083 sapientia
1312 3987 1379 4085 sua
1403 3991 1472 4064 elle
1497 4014 1519 4068 a

291 4091 399 4164 Patre
424 4088 604 4173 emiliam,
631 4084 761 4176 tradat,
786 4104 1016 4183 argumento,
1042 4107 1123 4158 eum
1149 4083 1194 4158 de
1217 4082 1341 4181 spiritu
1364 4082 1457 4160 idem
1475 4109 1518 4162 ac

288 4184 339 4260 de
367 4185 459 4258 Filio
478 4183 656 4281 cogitaffe.

366 4340 374 4355 .
402 4282 506 4356 XVI.
541 4280 695 4354 Eandem
718 4278 756 4351 in
783 4295 939 4351 mentem
957 4278 1059 4374 plane
1082 4273 1258 4371 conspirat
1275 4273 1527 4371 Hippolytus,

288 4402 395 4489 cnjus
427 4376 603 4458 sententia
637 4399 683 4454 ex
718 4363 833 4549 librp'1
842 4398 935 4543 fflosh
950 4391 1063 4452 contre
1092 4375 1231 4449 Noetum
1263 4371 1355 4448 clare
1377 4390 1414 4446 et
1440 4389 1533 4478 totq-

307 4506 353 4527 ·’
792 4558 795 4563 ,
957 4489 981 4563 4
1442 4484 1521 4568 peu
