3609 5500
718 755 824 839 Setos.
848 750 903 837 ssa
1350 767 1422 869 503

203 934 330 1021 mentis
346 937 450 1017 Alex.
476 959 515 1017 et
533 935 700 1039 Origenis
726 938 923 1015 dotlrinam
948 932 1128 1035 instituta}
1153 966 1235 1021 curn
1253 934 1332 1041 ille,
1358 950 1424 1025 sub

203 1039 371 1117 Caracalla
393 1059 569 1126 mortuus,
601 1035 764 1113 floruerit
788 1057 872 1110 ante
897 1039 1110 1131 Heraeum,
1143 1040 1205 1116 hic
1229 1065 1317 1119 vero
1340 1044 1422 1145 post

205 1161 294 1213 eum.
342 1136 504 1211 Clemens
537 1136 640 1211 Alex.
680 1131 810 1207 diserte
843 1133 985 1229 quidem
1023 1134 1118 1209 inter
1152 1137 1351 1237 Episcopot
1382 1151 1422 1216 et

205 1234 431 1327 Presbyteros
457 1230 648 1329 distinguit
679 1228 824 1324 Puedag.
853 1230 916 1302 lll:
947 1252 1002 1304 ιι.
1035 1250 1073 1303 et
1098 1233 1229 1313 Strom.
1263 1234 1333 1311 VI:
1362 1260 1419 1333 13.

202 1328 261 1403 sed
278 1327 347 1417 ita,
374 1347 492 1401 uteos
516 1328 558 1402 ad
583 1347 686 1401 unam
708 1322 871 1399 videatur
894 1324 1028 1400 referre
1054 1327 1215 1420 tlaffem,
1240 1353 1347 1405 unum
1365 1354 1422 1405 or*

202 1424 321 1500 dinem
348 1442 386 1495 et
413 1424 618 1521 collegium:
655 1421 702 1496 fic
727 1419 821 1493 enim
847 1421 977 1497 diserte
1002 1423 1132 1501 strom.
1159 1426 1247 1503 VII:
1277 1452 1309 1503 r.
1333 1427 1427 1504 duos

202 1539 334 1594 tanturn
345 1516 486 1593 ordines
502 1522 538 1593 in
554 1516 708 1592 Ecclesia
724 1514 906 1611 agnoscit,
926 1519 1215 1616 presbyterorum
1231 1541 1269 1598 et
1282 1523 1422 1623 Diaco-

203 1637 347 1702 norum;
372 1612 527 1711 priorem
546 1614 695 1711 adpellat
711 1616 882 1711 &spuebat
909 1616 1097 1701 Ceutronum
1114 1618 1234 1695 austum
1251 1624 1305 1717 qui
1317 1618 1420 1717 facil

205 1714 370 1800 meliores,
388 1730 425 1785 et
440 1709 672 1807 posteriorem
682 1712 851 1808 ὑπηρετικὴν
863 1715 917 1807 qui
925 1710 1046 1809 seruit,
1065 1714 1124 1788 ubi
1135 1716 1424 1813 presbyterorum

207 1810 350 1884 nomine
367 1804 716 1906 omnino‘Episcopos
731 1807 1024 1906 comprehendit,
1050 1828 1088 1883 et
1105 1832 1197 1903 non,
1223 1830 1262 1885 ut
1277 1809 1353 1888 aliis
1369 1811 1425 1887 vi*

204 1906 324 1995 detur,
351 1901 692 1995 subDiaconorum,
718 1921 757 1979 ut
772 1909 829 1978 vel
853 1926 898 1979 ex
917 1906 996 1981 loco
1015 1904 1174 2004 inspecto
1188 1925 1300 2007 patet.
1353 1904 1425 1984 Sed
1521 1918 1524 1926 '

208 1998 378 2097 Origenis
409 1998 571 2073 doctrina
605 2000 711 2098 longe
739 2000 1026 2076 excellentiorem
1053 2000 1201 2080 exhibet
1228 1996 1426 2103 Episcopo*

205 2116 279 2169 rum
302 2094 529 2193 dignitatern.
565 2095 678 2170 Hom.
703 2098 809 2170 lea
831 2096 868 2171 in
885 2096 1017 2195 Jerem.
1067 2100 1187 2174 Plura
1212 2124 1282 2189 me,
1306 2100 1426 2198 inquit

208 2209 289 2266 tunc
311 2193 530 2308 presbyter,
564 2193 712 2287 exigitur
738 2217 834 2289 quam
857 2218 879 2267 a
903 2190 1071 2287 Diacono,
1089 2220 1092 2227 ’
1109 2199 1186 2291 plur
1208 2220 1230 2270 a
1254 2196 1422 2287 Diouem,

206 2290 617 2481 Pu‘ffjllfutgajoae'devlrrtoo
632 2287 1055 2483 pspolb'jppaeppppiutpupuppp
1062 2292 1278 2487 Eppscpppless,
1298 2292 1428 2473 &egialia

205 2492 256 2555 τὶν
277 2480 398 2556 πάντων
422 2478 520 2579 alam
537 2483 755 2576 principatum
770 2480 872 2579 super
902 2505 1007 2558 omues
1038 2482 1173 2561 tribuit.
1222 2484 1281 2560 Sic
1303 2504 1429 2563 contra

206 2580 291 2655 Cels.
307 2579 331 2653 l.
354 2580 420 2653 lll.
437 2604 472 2676 p.
496 2600 575 2667 129.
600 2579 692 2659 tuum
715 2580 881 2653 Senatum
900 2576 1075 2653 Ecclesiae
1092 2600 1131 2654 et
1153 2578 1317 2657 Civitatis
1332 2580 1431 2678 aputl

204 2673 440 2780 nthenienses
456 2674 572 2750 secum
590 2694 792 2772 comparat,
836 2674 1015 2776 utriusque
1037 2674 1146 2750 etiam
1169 2676 1348 2776 societatis
1374 2679 1431 2752 tu·

207 2771 316 2848 uiue&
349 2771 582 2862 consiliarios,
633 2771 695 2868 qui
728 2771 925 2867 presbyteri
966 2773 1063 2860 sunt,
1107 2773 1260 2870 denique
1292 2773 1431 2868 almona

208 2874 361 2950 smuueluu
375 2867 515 2942 confert
532 2867 575 2942 ad
590 2866 758 2941 summum
783 2865 948 2938 Civitatis
964 2855 1212 2958 magistratum.
1259 2867 1315 2942 Ex
1334 2893 1429 2962 quo,

210 2962 341 3076 Episco
370 2987 425 3037 um
455 2985 523 3077 pro
553 2961 718 3134 ppincipe
752 2961 916 3058 collegii,
960 2978 998 3031 et
1026 2961 1205 3068 suptemae
1241 2959 1428 3060 dignitatit

211 3082 293 3135 varo
302 3114 313 3152 ,
342 2989 489 3152 baben,
513 3079 550 3130 re
589 3082 610 3133 e
632 3079 678 3134 co
690 3055 821 3154 ligitur.
872 3055 1024 3130 Probare
1047 3053 1187 3152 quidem
1212 3077 1358 3132 conatus
1376 3057 1429 3134 est

211 3152 387 3232 Saltnalim
403 3154 441 3230 in
463 3157 587 3250 Adpar.
613 3157 657 3226 ad
671 3156 852 3229 Primatum
875 3151 986 3246 Papae
1010 3149 1252 3247 aequalitatem
1278 3154 1433 3252 Episco·'

208 3277 336 3354 porum
363 3272 400 3327 et
419 3249 704 3350 Presbyterorum
721 3273 766 3324 ex
789 3274 856 3339 eo,
881 3247 974 3344 quod
991 3247 1139 3344 Origen.
1164 3245 1249 3324 ibid.
1274 3251 1296 3326 l⁴
1323 3253 1430 3330 Vlll.

209 3352 330 3449 σι’ςημι
344 3344 493 3448 systema
515 3365 710 3434 memoret,
737 3369 757 3420 a
784 3347 865 3420 Deo
889 3343 1092 3432 conditum,
1118 3343 1175 3418 sed
1203 3365 1275 3420 non
1299 3345 1431 3425 intelli-

237 3447 594 3544 iturpresbytemrum,
627 3458 666 3516 ut
691 3439 749 3537 ille
772 3459 893 3539 putat,
927 3458 1048 3513 verum
1081 3433 1250 3534 Ecclestae
1282 3464 1433 3536 coetus,

253 3543 412 3616 entilium
435 3539 554 3615 coetui
577 3563 600 3612 o
626 3535 775 3632 positus,
812 3557 852 3610 ut
882 3534 977 3610 recte
1004 3535 1155 3609 advertit
1184 3537 1293 3611 Pears.
1318 3539 1340 3612 l.
1367 3540 1431 3617 cit.

260 3634 558 3810 &CXXXVHL
621 3633 676 3706 liis
698 3631 816 3707 multis
842 3628 880 3704 in
906 3627 1067 3704 Ecclefiis
1091 3625 1259 3727 majorem
1286 3635 1431 3730 acquisi-

218 3731 256 3824 vi
286 3757 308 3806 e
342 3733 480 3808 videtur
512 3729 545 3805 di
573 3729 719 3803 nitatem
744 3747 782 3801 et
813 3725 1037 3799 autoritatem
1072 3727 1160 3799 ordo
1195 3725 1433 3824 Episcopalis,
1525 3777 1528 3794 -

214 3829 268 3908 uti
291 3830 329 3906 in
354 3827 520 3904 Ecclesiio
543 3753 727 3915 blancis,
770 3820 813 3896 ad
838 3845 921 3930 quas
953 3819 1087 3920 scripfit
1114 3821 1290 3920 Ignatius,
1320 3845 1359 3899 ut
1382 3851 1429 3902 ex

215 3927 292 4026 ejus
326 3923 487 4025 epistolis
517 3920 694 3996 elucescit.
742 3917 820 4016 lpse
848 3941 946 3990 enrm
979 3937 1043 4014 per
1079 3939 1202 3990 omnes
1233 3917 1429 4013 Epistolas,

213 4041 368 4116 excepta
386 4019 428 4095 ad
446 4021 651 4108 Romanos,
684 4009 744 4090 ubi
766 4013 856 4088 nulla
872 4015 1049 4110 reperitur
1066 4005 1345 4110 Episcoporum,
1370 4031 1432 4090 aut

213 4117 455 4195 ministrorum
478 4109 652 4189 Ecclesiae
669 4110 827 4200 mentio,
850 4107 1002 4184 mirifice
1020 4131 1097 4182 eum
1123 4109 1282 4194 extollit,
1308 4107 1343 4181 in
1358 4109 1434 4208 pri·

211 4215 335 4294 mitia
354 4209 456 4312 epist.
479 4211 524 4292 ad
541 4211 700 4308 smym,
725 4203 785 4282 ubi
811 4221 971 4282 mentem
997 4203 1120 4290 clarius
1150 4203 1332 4301 expressit,
1374 4227 1433 4284 ex.

770 4300 858 4376 Rrr
879 4323 906 4397 4
1378 4325 1434 4402 gr.
