3609 5500
843 872 950 949 Secul.
975 875 1048 949 H.-
1114 873 1116 876 ’
1469 899 1545 972 429

314 1037 438 1130 Deus,
469 1041 528 1152 qui
551 1048 642 1143 οἰοχῆο
665 1052 1026 1137 «ministerialium
1053 1056 1247 1147 principium
1271 1058 1408 1130 omnium
1430 1059 1538 1131 ritum

303 1131 429 1226 fecit,
452 1137 580 1250 scilicet
606 1149 751 1239 tilium,
780 1173 818 1223 ut
840 1175 923 1226 mox
949 1150 1144 1247 subjungit:
1172 1151 1230 1221 sed
1250 1151 1370 1244 facero
1400 1155 1459 1226 lric
1484 1155 1536 1229 est
1569 1175 1571 1180 ⁴

313 1251 670 1340 petugenerattonem
691 1249 882 1340 producere,
910 1250 959 1319 ita
984 1270 1022 1319 ut
1047 1248 1154 1317 Filius
1179 1245 1316 1339 quidem
1343 1250 1454 1320 Patris
1482 1249 1533 1322 es·

315 1324 467 1402 sennam
496 1336 712 1432 participet,
737 1342 795 1413 sed
823 1366 867 1414 eo
895 1342 1062 1431 inferior,
1097 1341 1217 1436 utqui
1246 1366 1265 1413 a
1290 1343 1390 1413 Patre
1416 1367 1533 1425 ortum

355 1423 449 1514 abet,
490 1451 532 1531 ep
555 1431 669 1505 Patris
693 1438 856 1509 voluntate
887 1454 1037 1525 exortus,
1080 1456 1119 1509 ut
1151 1440 1249 1531 supra
1282 1437 1466 1510 habuimus
1494 1444 1534 1516 in

241 1565 248 1630 ,Ε
286 1579 298 1597 ,,
321 1515 467 1632 cohors.
499 1526 542 1595 ad
567 1528 674 1603 Gent.
723 1534 905 1605 Praeterea
939 1535 1065 1604 Strom.
1103 1533 1125 1604 l.
1154 1533 1239 1606 Vll.
1264 1530 1344 1606 init.
1375 1533 1531 1624 dicitur,

241 1677 244 1706 :
285 1643 302 1685 ‘.
323 1636 361 1678 ιν
386 1633 433 1694 τοῖς
453 1635 558 1703 νοητοῖς
589 1627 622 1693 in
647 1627 712 1711 iis,
747 1653 827 1722 puae
853 1631 1067 1722 intelligentia
1096 1632 1333 1723 percipiuntur,
1376 1631 1534 1700 excellere

241 1733 245 1794 ς
357 1710 460 1828 flium,
493 1722 628 1790 omnium
657 1726 855 1815 principium
884 1744 921 1793 et
941 1725 1127 1815 primitias,
1168 1729 1210 1795 ab
1238 1747 1271 1794 eo
1295 1740 1403 1795 autem
1428 1725 1534 1798 doceri

241 1861 246 1900 .‚
326 1827 369 1872 το
387 1813 508 1885 inlaesa
531 1820 618 1886 οόίτοοο
639 1816 768 1911 causam
785 1818 993 1914 supremam,
1035 1819 1169 1891 Patrem
1201 1818 1436 1913 universorum,
1477 1846 1533 1894 vc·

241 1905 248 1996 ᾗ·
328 1905 522 2003 lulllfflmam
549 1913 705 2000 oxnnium,
739 1939 819 2007 puae
842 1937 916 1987 uoco
946 1938 1006 1984 non
1031 1916 1193 2001 traditur,
1218 1913 1280 2009 sed
1295 1916 1406 2009 subrui
1434 1942 1455 1987 a
1480 1940 1532 1989 rt·

241 2009 246 2028 ¹
326 2006 464 2105 letenna
489 2008 614 2079 colitur.
667 2008 735 2079 Sed
761 2010 917 2081 omnium
937 2008 1133 2081 clarissimus
1148 2006 1197 2081 est
1213 2010 1309 2082 locus
1324 2009 1410 2082 ibid.
1437 2034 1468 2085 c.
1496 2034 1531 2086 2.

325 2086 523 2207 ubi-natura
549 2102 626 2174 Filii
650 2102 777 2174 dicitur
798 2102 1045 2199 persolliffimu‚
1073 2101 1296 2200 saniliffima,
1318 2108 1532 2200 principalis,

319 2196 413 2278 ’θεῖα
435 2199 451 2279 οἱ
473 2198 682 2297 προσοχεςοίτο
706 2223 785 2292 puae
815 2204 963 2293 proximo
987 2199 1033 2295 est
1047 2202 1116 2296 soli
1140 2221 1177 2272 et
1202 2206 1293 2275 unito
1317 2205 1535 2296 Ouutipotenti

365 2305 395 2355 ω
422 2292 526 2367 Patri.
579 2296 652 2391 Qui
689 2314 784 2364 totus
819 2294 869 2366 est
904 2297 1080 2391 legendus.
1129 2296 1280 2384 Rursus,
1312 2295 1397 2371 ibid.
1431 2299 1535 2371 astruis

364 2389 450 2459 lmt'ni
480 2387 633 2483 efficocr'o
669 2393 823 2483 οἱοοφοοοὶο
861 2397 928 2485 ἔχει
960 2394 1144 2463 relationem
1176 2390 1272 2462 labet
1303 2396 1348 2463 ad
1377 2396 1541 2482 Patrem,¹

310 2476 361 2538 ¹¹⁸
379 2481 534 2577 primum
559 2485 696 2559 fontem
722 2508 759 2558 et
783 2488 1016 2582 principium,
1051 2484 1097 2581 est
1130 2488 1235 2575 enlm,
1269 2503 1306 2555 ut
1323 2484 1375 2577 fic
1402 2492 1532 2577 ditum,

343 2584 431 2653 auis
455 2587 614 2678 operatio,
649 2579 757 2654 Filius
783 2584 877 2654 enim
904 2581 1015 2653 Patris
1038 2585 1201 2654 volumtate
1235 2578 1284 2652 est
1312 2581 1413 2679 causo
1438 2589 1532 2657 bono·
1564 2619 1570 2624 ·

299 2668 405 2764 mm,
448 2694 488 2750 et
518 2702 539 2748 a
564 2678 667 2750 Patre
689 2678 785 2750 ltalet
809 2700 926 2750 ornnem
961 2682 1035 2751 vim.
1085 2678 1250 2773 Denique
1275 2675 1361 2752 ibid.
1378 2677 1533 2776 servator

296 2765 353 2868 ef
375 2768 472 2845 Deus
494 2771 597 2867 noster
620 2777 723 2847 docuit
754 2790 785 2843 et
813 2771 986 2869 eapreffit‚
1016 2775 1148 2847 Patrem
1165 2795 1259 2844 unum
1287 2793 1318 2844 et
1326 2771 1433 2869 solum
1450 2779 1531 2847 Om-

286 2856 504 2961 protentam
539 2868 606 2941 elle
640 2871 784 2956 Deum,
818 2892 922 2962 quare
957 2868 1075 2941 titulus
1107 2867 1363 2960 παντοκράτορος,
1410 2890 1447 2942 et
1479 2879 1533 2944 τοῖο

283 2954 381 3032 ’λῖν
399 2969 465 3042 θεοῖ
480 2967 734 3058 Omnipotentis,
758 2982 795 3036 et
814 2963 1029 3056 uniretsorum
1044 2966 1130 3056 Dei,
1156 2964 1319 3060 proprius
1341 2963 1412 3052 est,
1436 2963 1529 3059 apud

349 3076 553 3148 ementem,
587 3061 713 3132 Patris.

351 3148 601 3249 §.txxvn
637 3151 894 3241 Tertullianus,
937 3153 996 3248 qui
1030 3173 1074 3222 ex
1109 3149 1245 3222 Latinis
1279 3151 1370 3225 solus
1401 3149 1529 3242 restat,

284 3247 392 3324 cum
413 3250 595 3418 inteprum
620 3270 742 3324 contra
761 3249 925 3321 Praxeam
946 3245 1121 3342 scripserit
1139 3245 1284 3336 librum,
1309 3246 1526 3342 personalem

287 3323 472 3443 fingutis,
525 3344 612 3433 atri,
640 3343 752 3431 Filio,
781 3363 817 3415 et
839 3340 987 3439 Spiritui
1005 3346 1060 3430 S.‚
1088 3365 1167 3414 eum
1187 3340 1394 3438 adscripsisse
1413 3340 1530 3417 sublis-

287 3433 479 3531 ssenmam,
504 3438 585 3512 satis
609 3439 763 3524 constat3
789 3463 889 3532 quam
916 3459 954 3512 ut
979 3434 1212 3533 exprimeret,
1229 3455 1312 3512 ‚tres
1336 3436 1427 3510 dixit
1451 3440 1525 3534 pri·

295 3534 387 3613 mus
411 3534 475 3634 effe
507 3535 679 3633 personas,
713 3534 1069 3630 unarnsulstantian13
1111 3532 1292 3607 locutione
1317 3533 1431 3606 minus
1447 3557 1529 3629 per·

320 3624 448 3723 piena,
474 3654 555 3705 cum
578 3634 723 3703 Praxeas
748 3652 823 3701 eam
850 3631 952 3703 facile
981 3648 1120 3723 poterat
1138 3628 1335 3703 admittere.
1385 3630 1529 3724 Persona

310 3723 409 3801 enim
433 3728 579 3824 proprie
602 3725 749 3812 faciem,
774 3744 810 3795 et
837 3747 1017 3798 externam
1042 3722 1174 3794 indicat
1194 3724 1442 3797 ostensionem:
1468 3723 1527 3797 sed

312 3828 377 3904 Per
391 3822 616 3921 substantiam
644 3819 879 3894 Tertullianus
900 3819 1076 3893 intellexit
1102 3816 1288 3911 effrutiom,
1330 3818 1388 3889 seu
1412 3819 1529 3889 disisti-

316 3920 434 4007 totem,
460 3937 499 3991 ut
519 3917 593 4014 ipse
620 3912 768 4011 exponit
793 3915 871 3989 adv.
897 3915 1117 4009 Hermogen.
1146 3935 1176 3985 c.
1205 3938 1259 4006 3.,
1286 3933 1322 3986 et
1339 3935 1404 4006 per
1421 3912 1529 4010 perso·

322 4022 390 4088 Mn
413 4012 666 4089 substantialem
690 4010 823 4107 lndplu.
871 4010 974 4084 Dicit
991 4009 1107 4103 itaque
1135 4027 1258 4081 contra
1283 4010 1380 4082 Prax.
1406 4027 1439 4080 c.
1469 4032 1526 4083 12.

241 4178 243 4183 .
325 4121 410 4185 ¹llam
425 4106 646 4206 substantiam
671 4113 704 4180 in
731 4112 834 4180 tribus
860 4107 1121 4194 salamantinus,-
1156 4124 1335 4199 praeterea
1357 4098 1528 4195 distinetio-

328 4216 388 4301 Μ
406 4203 584 4296 admittit,
609 4227 681 4276 non
708 4201 910 4293 diuiſsouem,
941 4200 1104 4296 personas
1132 4218 1222 4286 tres,
1253 4223 1355 4272 unam
1378 4193 1530 4268 substan·

330 4304 411 4377 uam.
460 4301 560 4385 Nutu
595 4322 682 4376 vero
710 4297 911 4469 perfetlapt1
920 4295 1069 4464 ffiorsus
1098 4293 1362 4388 aequalitatem,
1403 4307 1452 4395 et·
1467 4312 1529 4364 nu·

432 4433 434 4436 ·
1001 4414 1022 4485 3
1366 4404 1533 4467 mentam
