<?xml version="1.0" encoding="UTF-8"?>
<!DOCTYPE html PUBLIC "-//W3C//DTD XHTML 1.0 Transitional//EN"
    "http://www.w3.org/TR/xhtml1/DTD/xhtml1-transitional.dtd">
<html xmlns="http://www.w3.org/1999/xhtml" xml:lang="en" lang="en">
 <head>
  <title>
</title>
<meta http-equiv="Content-Type" content="text/html;charset=utf-8" />
  <meta name='ocr-system' content='tesseract 3.04.00' />
  <meta name='ocr-capabilities' content='ocr_page ocr_carea ocr_par ocr_line ocrx_word'/>
</head>
<body>
  <div class='ocr_page' id='page_1' title='image "./hermannivenemai05venegoog_0454.png"; bbox 0 0 3609 5500; ppageno 0'>
   <div class='ocr_carea' id='block_1_1' title="bbox 433 720 1272 829">
    <p class='ocr_par' dir='ltr' id='par_1_1' title="bbox 433 720 1272 829">
     <span class='ocr_line' id='line_1_1' title="bbox 433 720 1272 829; baseline 0.002 -29"><span class='ocrx_word' id='word_1_1' title='bbox 433 725 523 819; x_wconf 72' lang='lat'><strong>4&#39;5&#39;6·</strong></span> <span class='ocrx_word' id='word_1_2' title='bbox 823 720 1272 829; x_wconf 56' lang='lat' dir='ltr'><strong>listoriuf‘Ec&#39;clefiiClnifl.</strong></span> 
     </span>
    </p>
   </div>
   <div class='ocr_carea' id='block_1_2' title="bbox 354 892 1621 3972">
    <p class='ocr_par' dir='ltr' id='par_1_2' title="bbox 436 892 1621 1099">
     <span class='ocr_line' id='line_1_2' title="bbox 436 892 1621 1013; baseline 0.002 -32"><span class='ocrx_word' id='word_1_3' title='bbox 436 905 535 1013; x_wconf 63' lang='lat' dir='ltr'><strong>rim,</strong></span> <span class='ocrx_word' id='word_1_4' title='bbox 559 924 601 981; x_wconf 90' lang='lat' dir='ltr'><strong>ut</strong></span> <span class='ocrx_word' id='word_1_5' title='bbox 618 902 782 995; x_wconf 81' lang='lat' dir='ltr'><strong>constat,¹</strong></span> <span class='ocrx_word' id='word_1_6' title='bbox 798 892 898 1003; x_wconf 57' lang='lat' dir='ltr'><strong>cuju}</strong></span> <span class='ocrx_word' id='word_1_7' title='bbox 919 905 1070 1007; x_wconf 81' lang='lat' dir='ltr'><strong>velligie</strong></span> <span class='ocrx_word' id='word_1_8' title='bbox 1088 932 1232 1008; x_wconf 76' lang='lat' dir='ltr'><strong>quoque</strong></span> <span class='ocrx_word' id='word_1_9' title='bbox 1251 908 1502 1009; x_wconf 75' lang='lat' dir='ltr'><strong>repenunnrr</strong></span> <span class='ocrx_word' id='word_1_10' title='bbox 1513 906 1621 988; x_wconf 79' lang='lat' dir='ltr'><strong>thron-</strong></span> 
     </span>
     <span class='ocr_line' id='line_1_3' title="bbox 437 1002 1013 1099; baseline 0.005 -24"><span class='ocrx_word' id='word_1_11' title='bbox 437 1002 544 1079; x_wconf 81' lang='lat' dir='ltr'><strong>XVl:</strong></span> <span class='ocrx_word' id='word_1_12' title='bbox 571 1012 628 1099; x_wconf 81' lang='lat'><strong>36.</strong></span> <span class='ocrx_word' id='word_1_13' title='bbox 652 1024 692 1075; x_wconf 89' lang='lat' dir='ltr'><strong>et</strong></span> <span class='ocrx_word' id='word_1_14' title='bbox 716 1002 816 1080; x_wconf 87' lang='lat' dir='ltr'><strong>Neh.</strong></span> <span class='ocrx_word' id='word_1_15' title='bbox 845 1006 951 1081; x_wconf 87' lang='lat' dir='ltr'><strong>Vlll:</strong></span> <span class='ocrx_word' id='word_1_16' title='bbox 979 1014 1013 1079; x_wconf 82' lang='grc' dir='ltr'><strong>ό.</strong></span> 
     </span>
    </p>

    <p class='ocr_par' dir='ltr' id='par_1_3' title="bbox 354 1097 1621 3301">
     <span class='ocr_line' id='line_1_4' title="bbox 354 1097 1621 1201; baseline -0.003 -26"><span class='ocrx_word' id='word_1_17' title='bbox 354 1152 361 1179; x_wconf 87' lang='lat'><strong>.</strong></span> <span class='ocrx_word' id='word_1_18' title='bbox 462 1110 469 1122; x_wconf 84' lang='lat'><strong><em>&#39;</em></strong></span> <span class='ocrx_word' id='word_1_19' title='bbox 499 1098 531 1201; x_wconf 92' lang='lat'><strong>5.</strong></span> <span class='ocrx_word' id='word_1_20' title='bbox 554 1100 668 1175; x_wconf 87' lang='lat' dir='ltr'><strong>XCV.</strong></span> <span class='ocrx_word' id='word_1_21' title='bbox 702 1100 830 1173; x_wconf 77' lang='lat' dir='ltr'><strong>Preces</strong></span> <span class='ocrx_word' id='word_1_22' title='bbox 848 1099 892 1173; x_wconf 89' lang='lat' dir='ltr'><strong>ad</strong></span> <span class='ocrx_word' id='word_1_23' title='bbox 916 1120 1070 1192; x_wconf 76' lang='lat' dir='ltr'><strong>certain,</strong></span> <span class='ocrx_word' id='word_1_24' title='bbox 1094 1120 1132 1175; x_wconf 91' lang='lat' dir='ltr'><strong>et</strong></span> <span class='ocrx_word' id='word_1_25' title='bbox 1156 1100 1331 1191; x_wconf 75' lang='lat' dir='ltr'><strong>usitatam,</strong></span> <span class='ocrx_word' id='word_1_26' title='bbox 1352 1100 1520 1196; x_wconf 80' lang='lat' dir='ltr'><strong>fhrnulon</strong></span> <span class='ocrx_word' id='word_1_27' title='bbox 1539 1097 1621 1183; x_wconf 82' lang='lat' dir='ltr'><strong>luille</strong></span> 
     </span>
     <span class='ocr_line' id='line_1_5' title="bbox 437 1195 1616 1293; baseline -0.002 -24"><span class='ocrx_word' id='word_1_28' title='bbox 437 1195 477 1269; x_wconf 92' lang='lat' dir='ltr'><strong>in</strong></span> <span class='ocrx_word' id='word_1_29' title='bbox 503 1212 611 1269; x_wconf 86' lang='lat' dir='ltr'><strong>coetu</strong></span> <span class='ocrx_word' id='word_1_30' title='bbox 637 1196 782 1291; x_wconf 89' lang='lat' dir='ltr'><strong>publico</strong></span> <span class='ocrx_word' id='word_1_31' title='bbox 812 1195 921 1287; x_wconf 82' lang='lat' dir='ltr'><strong>fusae,</strong></span> <span class='ocrx_word' id='word_1_32' title='bbox 962 1216 1034 1270; x_wconf 92' lang='lat' dir='ltr'><strong>non</strong></span> <span class='ocrx_word' id='word_1_33' title='bbox 1066 1216 1200 1273; x_wconf 86' lang='lat' dir='ltr'><strong>tantum</strong></span> <span class='ocrx_word' id='word_1_34' title='bbox 1229 1196 1391 1293; x_wconf 80' lang='lat' dir='ltr'>nusquam</span> <span class='ocrx_word' id='word_1_35' title='bbox 1422 1208 1616 1283; x_wconf 78' lang='lat' dir='ltr'><strong>memoratur,</strong></span> 
     </span>
     <span class='ocr_line' id='line_1_6' title="bbox 362 1290 1618 1390; baseline -0.003 -23"><span class='ocrx_word' id='word_1_36' title='bbox 362 1312 373 1331; x_wconf 70' lang='grc'><strong>“</strong></span> <span class='ocrx_word' id='word_1_37' title='bbox 439 1292 501 1367; x_wconf 85' lang='lat' dir='ltr'><strong>sed</strong></span> <span class='ocrx_word' id='word_1_38' title='bbox 530 1310 655 1364; x_wconf 90' lang='lat' dir='ltr'><strong>contra</strong></span> <span class='ocrx_word' id='word_1_39' title='bbox 685 1291 776 1363; x_wconf 81' lang='lat' dir='ltr'><strong>haud</strong></span> <span class='ocrx_word' id='word_1_40' title='bbox 804 1292 951 1364; x_wconf 78' lang='lat' dir='ltr'><strong>obsmre</strong></span> <span class='ocrx_word' id='word_1_41' title='bbox 976 1291 1175 1382; x_wconf 84' lang='lat' dir='ltr'><strong>indicatur,</strong></span> <span class='ocrx_word' id='word_1_42' title='bbox 1207 1316 1265 1367; x_wconf 79' lang='lat' dir='ltr'><strong>eas</strong></span> <span class='ocrx_word' id='word_1_43' title='bbox 1286 1298 1329 1369; x_wconf 86' lang='lat' dir='ltr'><strong>ab</strong></span> <span class='ocrx_word' id='word_1_44' title='bbox 1354 1294 1522 1390; x_wconf 86' lang='lat' dir='ltr'>Episcopo</span> <span class='ocrx_word' id='word_1_45' title='bbox 1544 1290 1618 1363; x_wconf 81' lang='lat' dir='ltr'><strong>[uile</strong></span> 
     </span>
     <span class='ocr_line' id='line_1_7' title="bbox 439 1385 1616 1485; baseline -0.005 -24"><span class='ocrx_word' id='word_1_46' title='bbox 439 1400 466 1461; x_wconf 80' lang='lat' dir='ltr'><strong>e&#39;</strong></span> <span class='ocrx_word' id='word_1_47' title='bbox 516 1388 638 1461; x_wconf 73' lang='lat' dir='ltr'><strong>eclore</strong></span> <span class='ocrx_word' id='word_1_48' title='bbox 654 1386 780 1475; x_wconf 74' lang='lat' dir='ltr'><strong>facias,</strong></span> <span class='ocrx_word' id='word_1_49' title='bbox 798 1385 873 1477; x_wconf 78' lang='lat' dir='ltr'><strong>fine</strong></span> <span class='ocrx_word' id='word_1_50' title='bbox 890 1390 1060 1478; x_wconf 83' lang='lat' dir='ltr'><strong>monitore,</strong></span> <span class='ocrx_word' id='word_1_51' title='bbox 1084 1409 1124 1463; x_wconf 90' lang='lat' dir='ltr'><strong>ut</strong></span> <span class='ocrx_word' id='word_1_52' title='bbox 1141 1391 1243 1466; x_wconf 89' lang='lat' dir='ltr'><strong>Tert.</strong></span> <span class='ocrx_word' id='word_1_53' title='bbox 1267 1389 1373 1485; x_wconf 88' lang='lat' dir='ltr'><strong>Apol.</strong></span> <span class='ocrx_word' id='word_1_54' title='bbox 1399 1413 1455 1483; x_wconf 79' lang='lat'><strong>30.</strong></span> <span class='ocrx_word' id='word_1_55' title='bbox 1477 1389 1616 1484; x_wconf 85' lang='lat' dir='ltr'><strong>loquitur:</strong></span> 
     </span>
     <span class='ocr_line' id='line_1_8' title="bbox 437 1480 1614 1583; baseline -0.009 -22"><span class='ocrx_word' id='word_1_56' title='bbox 437 1494 499 1561; x_wconf 71' lang='lat' dir='ltr'><strong>cin</strong></span> <span class='ocrx_word' id='word_1_57' title='bbox 524 1484 684 1556; x_wconf 82' lang='lat' dir='ltr'>concinit</span> <span class='ocrx_word' id='word_1_58' title='bbox 708 1482 838 1579; x_wconf 76' lang='lat' dir='ltr'><strong>phrasis</strong></span> <span class='ocrx_word' id='word_1_59' title='bbox 867 1482 954 1579; x_wconf 86' lang='lat' dir='ltr'><strong>Just.</strong></span> <span class='ocrx_word' id='word_1_60' title='bbox 978 1485 1035 1557; x_wconf 91' lang='lat' dir='ltr'><strong>M.</strong></span> <span class='ocrx_word' id='word_1_61' title='bbox 1068 1486 1089 1559; x_wconf 86' lang='lat' dir='ltr'><strong>l.</strong></span> <span class='ocrx_word' id='word_1_62' title='bbox 1115 1508 1147 1557; x_wconf 90' lang='lat' dir='ltr'><strong>c.</strong></span> <span class='ocrx_word' id='word_1_63' title='bbox 1177 1489 1230 1567; x_wconf 72' lang='lat' dir='ltr'><strong>ln</strong></span> <span class='ocrx_word' id='word_1_64' title='bbox 1255 1485 1379 1583; x_wconf 65' lang='lat' dir='ltr'><strong>lnapn</strong></span> <span class='ocrx_word' id='word_1_65' title='bbox 1404 1493 1498 1574; x_wconf 71' lang='grc' dir='ltr'><strong>ι’ωτῦ,</strong></span> <span class='ocrx_word' id='word_1_66' title='bbox 1530 1480 1614 1577; x_wconf 88' lang='lat' dir='ltr'><strong>ioqui·</strong></span> 
     </span>
     <span class='ocr_line' id='line_1_9' title="bbox 438 1575 1617 1677; baseline 0.005 -28"><span class='ocrx_word' id='word_1_67' title='bbox 438 1606 519 1670; x_wconf 82' lang='lat' dir='ltr'><strong>ens,</strong></span> <span class='ocrx_word' id='word_1_68' title='bbox 555 1598 616 1673; x_wconf 85' lang='lat' dir='ltr'><strong>pro</strong></span> <span class='ocrx_word' id='word_1_69' title='bbox 637 1580 725 1651; x_wconf 77' lang='lat' dir='ltr'><strong>virili</strong></span> <span class='ocrx_word' id='word_1_70' title='bbox 745 1577 813 1676; x_wconf 87' lang='lat' dir='ltr'><strong>sua</strong></span> <span class='ocrx_word' id='word_1_71' title='bbox 844 1599 967 1674; x_wconf 78' lang='lat' dir='ltr'>preces</span> <span class='ocrx_word' id='word_1_72' title='bbox 992 1578 1145 1654; x_wconf 80' lang='lat' dir='ltr'>faciebat</span> <span class='ocrx_word' id='word_1_73' title='bbox 1171 1583 1399 1677; x_wconf 81' lang='lat' dir='ltr'><strong>Praepofitus.</strong></span> <span class='ocrx_word' id='word_1_74' title='bbox 1446 1579 1523 1671; x_wconf 80' lang='lat' dir='ltr'><strong>lllud</strong></span> <span class='ocrx_word' id='word_1_75' title='bbox 1544 1575 1617 1647; x_wconf 80' lang='lat' dir='ltr'><strong>enlm</strong></span> 
     </span>
     <span class='ocr_line' id='line_1_10' title="bbox 437 1670 1616 1775; baseline -0.003 -25"><span class='ocrx_word' id='word_1_76' title='bbox 437 1675 570 1775; x_wconf 80' lang='lat' dir='ltr'><strong>phralis</strong></span> <span class='ocrx_word' id='word_1_77' title='bbox 598 1674 655 1748; x_wconf 93' lang='lat' dir='ltr'><strong>illa</strong></span> <span class='ocrx_word' id='word_1_78' title='bbox 679 1676 827 1747; x_wconf 87' lang='lat' dir='ltr'><strong>omnino</strong></span> <span class='ocrx_word' id='word_1_79' title='bbox 851 1675 1045 1770; x_wconf 82' lang='lat' dir='ltr'><strong>fignificat,</strong></span> <span class='ocrx_word' id='word_1_80' title='bbox 1085 1693 1123 1747; x_wconf 91' lang='lat' dir='ltr'><strong>et</strong></span> <span class='ocrx_word' id='word_1_81' title='bbox 1158 1696 1253 1764; x_wconf 86' lang='lat' dir='ltr'><strong>non,</strong></span> <span class='ocrx_word' id='word_1_82' title='bbox 1294 1681 1388 1775; x_wconf 87' lang='lat' dir='ltr'><strong>quod</strong></span> <span class='ocrx_word' id='word_1_83' title='bbox 1414 1670 1616 1757; x_wconf 68' lang='lat' dir='ltr'><strong>conluuio</strong></span> 
     </span>
     <span class='ocr_line' id='line_1_11' title="bbox 438 1768 1618 1872; baseline -0.005 -24"><span class='ocrx_word' id='word_1_84' title='bbox 438 1771 561 1872; x_wconf 81' lang='lat' dir='ltr'><strong>Antiq.</strong></span> <span class='ocrx_word' id='word_1_85' title='bbox 586 1770 749 1845; x_wconf 80' lang='lat' dir='ltr'><strong>Afiaticn</strong></span> <span class='ocrx_word' id='word_1_86' title='bbox 773 1795 809 1865; x_wconf 90' lang='lat' dir='ltr'><strong>p.</strong></span> <span class='ocrx_word' id='word_1_87' title='bbox 838 1792 919 1844; x_wconf 86' lang='lat'><strong>101.</strong></span> <span class='ocrx_word' id='word_1_88' title='bbox 945 1768 1151 1859; x_wconf 81' lang='lat' dir='ltr'>contendit,</span> <span class='ocrx_word' id='word_1_89' title='bbox 1192 1774 1265 1845; x_wconf 85' lang='lat' dir='ltr'><strong>alta</strong></span> <span class='ocrx_word' id='word_1_90' title='bbox 1293 1790 1325 1845; x_wconf 86' lang='lat' dir='ltr'><strong>et</strong></span> <span class='ocrx_word' id='word_1_91' title='bbox 1359 1779 1450 1849; x_wconf 84' lang='lat' dir='ltr'><strong>claro</strong></span> <span class='ocrx_word' id='word_1_92' title='bbox 1472 1794 1548 1849; x_wconf 77' lang='lat' dir='ltr'><strong>noce:</strong></span> <span class='ocrx_word' id='word_1_93' title='bbox 1575 1788 1618 1837; x_wconf 86' lang='lat' dir='ltr'><strong>cu·</strong></span> 
     </span>
     <span class='ocr_line' id='line_1_12' title="bbox 438 1860 1613 1967; baseline -0.009 -26"><span class='ocrx_word' id='word_1_94' title='bbox 438 1871 496 1967; x_wconf 85' lang='lat' dir='ltr'><strong>jus</strong></span> <span class='ocrx_word' id='word_1_95' title='bbox 521 1866 658 1940; x_wconf 88' lang='lat' dir='ltr'><strong>mentio</strong></span> <span class='ocrx_word' id='word_1_96' title='bbox 679 1866 730 1939; x_wconf 87' lang='lat' dir='ltr'><strong>ibi</strong></span> <span class='ocrx_word' id='word_1_97' title='bbox 756 1888 829 1938; x_wconf 91' lang='lat' dir='ltr'><strong>non</strong></span> <span class='ocrx_word' id='word_1_98' title='bbox 854 1866 1030 1952; x_wconf 89' lang='lat' dir='ltr'><strong>occurrit,</strong></span> <span class='ocrx_word' id='word_1_99' title='bbox 1056 1888 1125 1939; x_wconf 91' lang='lat' dir='ltr'><strong>nee</strong></span> <span class='ocrx_word' id='word_1_100' title='bbox 1139 1866 1255 1961; x_wconf 74' lang='lat' dir='ltr'><strong>phrasi</strong></span> <span class='ocrx_word' id='word_1_101' title='bbox 1278 1870 1459 1945; x_wconf 90' lang='lat' dir='ltr'><strong>convenit.</strong></span> <span class='ocrx_word' id='word_1_102' title='bbox 1504 1860 1613 1939; x_wconf 90' lang='lat' dir='ltr'><strong>Oratio·</strong></span> 
     </span>
     <span class='ocr_line' id='line_1_13' title="bbox 438 1958 1617 2057; baseline -0.008 -19"><span class='ocrx_word' id='word_1_103' title='bbox 438 1988 520 2039; x_wconf 89' lang='lat' dir='ltr'><strong>nem</strong></span> <span class='ocrx_word' id='word_1_104' title='bbox 546 1979 682 2036; x_wconf 89' lang='lat' dir='ltr'><strong>tanturn</strong></span> <span class='ocrx_word' id='word_1_105' title='bbox 697 1962 903 2034; x_wconf 80' lang='lat' dir='ltr'><strong>Dominicom</strong></span> <span class='ocrx_word' id='word_1_106' title='bbox 928 1959 1143 2052; x_wconf 83' lang='lat' dir='ltr'><strong>recitarunt,</strong></span> <span class='ocrx_word' id='word_1_107' title='bbox 1177 1960 1215 2035; x_wconf 91' lang='lat' dir='ltr'><strong>in</strong></span> <span class='ocrx_word' id='word_1_108' title='bbox 1245 1966 1421 2043; x_wconf 82' lang='lat' dir='ltr'><strong>nonnullis</strong></span> <span class='ocrx_word' id='word_1_109' title='bbox 1443 1963 1550 2057; x_wconf 90' lang='lat' dir='ltr'><strong>utique</strong></span> <span class='ocrx_word' id='word_1_110' title='bbox 1568 1958 1617 2029; x_wconf 88' lang='lat' dir='ltr'><strong>Et·</strong></span> 
     </span>
     <span class='ocr_line' id='line_1_14' title="bbox 440 2056 1613 2152; baseline -0.009 -18"><span class='ocrx_word' id='word_1_111' title='bbox 440 2058 572 2147; x_wconf 75' lang='lat' dir='ltr'><strong>deliis,</strong></span> <span class='ocrx_word' id='word_1_112' title='bbox 606 2075 700 2130; x_wconf 81' lang='lat' dir='ltr'><strong>ante</strong></span> <span class='ocrx_word' id='word_1_113' title='bbox 723 2056 881 2152; x_wconf 85' lang='lat' dir='ltr'><strong>reliquas¹</strong></span> <span class='ocrx_word' id='word_1_114' title='bbox 893 2076 1042 2151; x_wconf 87' lang='lat' dir='ltr'><strong>preces;</strong></span> <span class='ocrx_word' id='word_1_115' title='bbox 1060 2058 1130 2131; x_wconf 80' lang='lat' dir='ltr'><strong>uti</strong></span> <span class='ocrx_word' id='word_1_116' title='bbox 1153 2080 1199 2131; x_wconf 78' lang='lat' dir='ltr'><strong>ex</strong></span> <span class='ocrx_word' id='word_1_117' title='bbox 1227 2059 1331 2135; x_wconf 90' lang='lat' dir='ltr'><strong>Tert.</strong></span> <span class='ocrx_word' id='word_1_118' title='bbox 1365 2062 1410 2137; x_wconf 89' lang='lat' dir='ltr'><strong>de</strong></span> <span class='ocrx_word' id='word_1_119' title='bbox 1434 2062 1523 2134; x_wconf 86' lang='lat' dir='ltr'>Orat.</span> <span class='ocrx_word' id='word_1_120' title='bbox 1546 2072 1613 2141; x_wconf 87' lang='lat' dir='ltr'><strong>c.·9.</strong></span> 
     </span>
     <span class='ocr_line' id='line_1_15' title="bbox 439 2150 1616 2251; baseline -0.012 -20"><span class='ocrx_word' id='word_1_121' title='bbox 439 2153 639 2251; x_wconf 83' lang='lat' dir='ltr'>colligitur,</span> <span class='ocrx_word' id='word_1_122' title='bbox 663 2152 723 2227; x_wconf 90' lang='lat' dir='ltr'><strong>ubi</strong></span> <span class='ocrx_word' id='word_1_123' title='bbox 747 2152 856 2241; x_wconf 90' lang='lat' dir='ltr'><strong>dicit,</strong></span> <span class='ocrx_word' id='word_1_124' title='bbox 884 2150 1062 2249; x_wconf 81' lang='lat' dir='ltr'><strong>praemiffn</strong></span> <span class='ocrx_word' id='word_1_125' title='bbox 1085 2155 1232 2249; x_wconf 83' lang='lat' dir='ltr'><strong>legitima</strong></span> <span class='ocrx_word' id='word_1_126' title='bbox 1258 2172 1292 2228; x_wconf 83' lang='lat' dir='ltr'><strong>et</strong></span> <span class='ocrx_word' id='word_1_127' title='bbox 1316 2160 1476 2230; x_wconf 83' lang='lat' dir='ltr'><strong>ordinaria</strong></span> <span class='ocrx_word' id='word_1_128' title='bbox 1497 2154 1616 2233; x_wconf 80' lang='lat' dir='ltr'><strong>oration.</strong></span> 
     </span>
     <span class='ocr_line' id='line_1_16' title="bbox 440 2246 1618 2345; baseline -0.01 -20"><span class='ocrx_word' id='word_1_129' title='bbox 440 2252 628 2338; x_wconf 81' lang='lat' dir='ltr'><strong>Ceterum,</strong></span> <span class='ocrx_word' id='word_1_130' title='bbox 687 2248 755 2321; x_wconf 89' lang='lat' dir='ltr'><strong>uod</strong></span> <span class='ocrx_word' id='word_1_131' title='bbox 780 2268 851 2321; x_wconf 93' lang='lat' dir='ltr'><strong>non</strong></span> <span class='ocrx_word' id='word_1_132' title='bbox 875 2251 936 2320; x_wconf 80' lang='lat' dir='ltr'><strong>abs</strong></span> <span class='ocrx_word' id='word_1_133' title='bbox 964 2270 1003 2320; x_wconf 92' lang='lat' dir='ltr'><strong>re</strong></span> <span class='ocrx_word' id='word_1_134' title='bbox 1032 2252 1140 2323; x_wconf 81' lang='lat' dir='ltr'><strong>fuerit</strong></span> <span class='ocrx_word' id='word_1_135' title='bbox 1169 2249 1401 2345; x_wconf 77' lang='lat' dir='ltr'><strong>subjunxiffe,</strong></span> <span class='ocrx_word' id='word_1_136' title='bbox 1434 2248 1562 2325; x_wconf 89' lang='lat' dir='ltr'><strong>nomine</strong></span> <span class='ocrx_word' id='word_1_137' title='bbox 1580 2246 1618 2315; x_wconf 85' lang='lat' dir='ltr'><strong>ol·</strong></span> 
     </span>
     <span class='ocr_line' id='line_1_17' title="bbox 438 2272 1617 2441; baseline -0.006 -21"><span class='ocrx_word' id='word_1_138' title='bbox 438 2350 572 2420; x_wconf 78' lang='lat' dir='ltr'><strong>lotionis</strong></span> <span class='ocrx_word' id='word_1_139' title='bbox 596 2362 628 2417; x_wconf 80' lang='lat' dir='ltr'><strong>et</strong></span> <span class='ocrx_word' id='word_1_140' title='bbox 643 2272 811 2441; x_wconf 51' lang='lat' dir='ltr'><strong>flecrificr&#39;t‘</strong></span> <span class='ocrx_word' id='word_1_141' title='bbox 827 2343 968 2417; x_wconf 86' lang='lat' dir='ltr'><strong>suerunt</strong></span> <span class='ocrx_word' id='word_1_142' title='bbox 992 2362 1103 2437; x_wconf 83' lang='lat' dir='ltr'><strong>preces</strong></span> <span class='ocrx_word' id='word_1_143' title='bbox 1134 2366 1271 2441; x_wconf 90' lang='lat' dir='ltr'><strong>quoque</strong></span> <span class='ocrx_word' id='word_1_144' title='bbox 1303 2348 1437 2421; x_wconf 85' lang='lat' dir='ltr'><strong>eximie</strong></span> <span class='ocrx_word' id='word_1_145' title='bbox 1459 2341 1617 2439; x_wconf 82' lang='lat' dir='ltr'><strong>infignine.</strong></span> 
     </span>
     <span class='ocr_line' id='line_1_18' title="bbox 439 2431 1617 2539; baseline -0.006 -23"><span class='ocrx_word' id='word_1_146' title='bbox 439 2442 601 2539; x_wconf 78' lang='lat' dir='ltr'><strong>ignatius</strong></span> <span class='ocrx_word' id='word_1_147' title='bbox 619 2462 736 2513; x_wconf 85' lang='lat' dir='ltr'><strong>coram</strong></span> <span class='ocrx_word' id='word_1_148' title='bbox 756 2442 992 2533; x_wconf 76' lang='lat' dir='ltr'><strong>inperatore,</strong></span> <span class='ocrx_word' id='word_1_149' title='bbox 1033 2438 1122 2512; x_wconf 90' lang='lat' dir='ltr'><strong>teste</strong></span> <span class='ocrx_word' id='word_1_150' title='bbox 1154 2439 1299 2517; x_wconf 85' lang='lat' dir='ltr'><strong>historia</strong></span> <span class='ocrx_word' id='word_1_151' title='bbox 1329 2441 1488 2539; x_wconf 82' lang='lat' dir='ltr'><strong>martyrii</strong></span> <span class='ocrx_word' id='word_1_152' title='bbox 1517 2439 1576 2535; x_wconf 88' lang='lat' dir='ltr'><strong>ejus</strong></span> <span class='ocrx_word' id='word_1_153' title='bbox 1592 2431 1617 2530; x_wconf 88' lang='lat'><strong>5</strong></span> 
     </span>
     <span class='ocr_line' id='line_1_19' title="bbox 439 2528 1617 2633; baseline 0 -26"><span class='ocrx_word' id='word_1_154' title='bbox 439 2561 496 2627; x_wconf 80' lang='lat'><strong>5.‚</strong></span> <span class='ocrx_word' id='word_1_155' title='bbox 520 2534 624 2607; x_wconf 81' lang='lat' dir='ltr'><strong>sallus</strong></span> <span class='ocrx_word' id='word_1_156' title='bbox 648 2533 719 2622; x_wconf 84' lang='lat' dir='ltr'><strong>est,</strong></span> <span class='ocrx_word' id='word_1_157' title='bbox 745 2535 781 2605; x_wconf 89' lang='lat' dir='ltr'><strong>se</strong></span> <span class='ocrx_word' id='word_1_158' title='bbox 805 2530 885 2607; x_wconf 81' lang='lat' dir='ltr'><strong>elle¹</strong></span> <span class='ocrx_word' id='word_1_159' title='bbox 891 2531 1096 2628; x_wconf 79' lang='lat' dir='ltr'><strong>sacerdotem</strong></span> <span class='ocrx_word' id='word_1_160' title='bbox 1122 2535 1261 2633; x_wconf 80' lang='lat' dir='ltr'><strong>Christi,</strong></span> <span class='ocrx_word' id='word_1_161' title='bbox 1287 2556 1325 2613; x_wconf 88' lang='lat' dir='ltr'><strong>et</strong></span> <span class='ocrx_word' id='word_1_162' title='bbox 1345 2544 1382 2613; x_wconf 78' lang='lat' dir='ltr'><strong>ei</strong></span> <span class='ocrx_word' id='word_1_163' title='bbox 1396 2539 1524 2633; x_wconf 78' lang='lat' dir='ltr'><strong>quotidie</strong></span> <span class='ocrx_word' id='word_1_164' title='bbox 1544 2528 1617 2627; x_wconf 77' lang='lat' dir='ltr'><strong>offer·</strong></span> 
     </span>
     <span class='ocr_line' id='line_1_20' title="bbox 436 2627 1616 2731; baseline -0.001 -30"><span class='ocrx_word' id='word_1_165' title='bbox 436 2658 473 2706; x_wconf 78' lang='lat' dir='ltr'><strong>re</strong></span> <span class='ocrx_word' id='word_1_166' title='bbox 487 2629 691 2729; x_wconf 78' lang='lat' dir='ltr'><strong>sacrificium</strong></span> <span class='ocrx_word' id='word_1_167' title='bbox 715 2629 832 2700; x_wconf 79' lang='lat' dir='ltr'><strong>laudis.</strong></span> <span class='ocrx_word' id='word_1_168' title='bbox 869 2628 1061 2725; x_wconf 81' lang='lat' dir='ltr'><strong>·Atltenag.</strong></span> <span class='ocrx_word' id='word_1_169' title='bbox 1088 2631 1202 2726; x_wconf 80' lang='lat' dir='ltr'><strong>legat,</strong></span> <span class='ocrx_word' id='word_1_170' title='bbox 1236 2632 1268 2731; x_wconf 92' lang='lat'><strong>5.</strong></span> <span class='ocrx_word' id='word_1_171' title='bbox 1295 2657 1352 2709; x_wconf 80' lang='lat'><strong>12.</strong></span> <span class='ocrx_word' id='word_1_172' title='bbox 1379 2627 1616 2712; x_wconf 73' lang='lat' dir='ltr'><strong>innonatur</strong></span> 
     </span>
     <span class='ocr_line' id='line_1_21' title="bbox 437 2714 1613 2828; baseline -0.009 -24"><span class='ocrx_word' id='word_1_173' title='bbox 437 2746 473 2805; x_wconf 83' lang='lat' dir='ltr'><strong>et</strong></span> <span class='ocrx_word' id='word_1_174' title='bbox 480 2728 676 2828; x_wconf 80' lang='lat' dir='ltr'><strong>spiritualia</strong></span> <span class='ocrx_word' id='word_1_175' title='bbox 691 2721 898 2800; x_wconf 79' lang='lat' dir='ltr'><strong>Christianis</strong></span> <span class='ocrx_word' id='word_1_176' title='bbox 907 2721 1081 2821; x_wconf 80' lang='lat' dir='ltr'><strong>sacrificia</strong></span> <span class='ocrx_word' id='word_1_177' title='bbox 1095 2785 1104 2817; x_wconf 85' lang='lat'>,</span> <span class='ocrx_word' id='word_1_178' title='bbox 1120 2744 1231 2820; x_wconf 79' lang='lat' dir='ltr'><strong>preces</strong></span> <span class='ocrx_word' id='word_1_179' title='bbox 1254 2744 1287 2800; x_wconf 80' lang='lat' dir='ltr'><strong>et</strong></span> <span class='ocrx_word' id='word_1_180' title='bbox 1312 2714 1435 2806; x_wconf 71' lang='lat' dir='ltr'><strong>c‘ultum</strong></span> <span class='ocrx_word' id='word_1_181' title='bbox 1459 2732 1519 2806; x_wconf 86' lang='lat' dir='ltr'><strong>Dn&#39;</strong></span> <span class='ocrx_word' id='word_1_182' title='bbox 1540 2722 1613 2797; x_wconf 80' lang='lat' dir='ltr'><strong>totio·</strong></span> 
     </span>
     <span class='ocr_line' id='line_1_22' title="bbox 435 2817 1614 2920; baseline -0.01 -20"><span class='ocrx_word' id='word_1_183' title='bbox 435 2830 552 2901; x_wconf 82' lang='lat' dir='ltr'><strong>nalem.</strong></span> <span class='ocrx_word' id='word_1_184' title='bbox 603 2823 754 2898; x_wconf 89' lang='lat' dir='ltr'><strong>Tertull.</strong></span> <span class='ocrx_word' id='word_1_185' title='bbox 780 2821 824 2894; x_wconf 86' lang='lat' dir='ltr'><strong>de</strong></span> <span class='ocrx_word' id='word_1_186' title='bbox 840 2822 940 2895; x_wconf 88' lang='lat' dir='ltr'><strong>Orat.</strong></span> <span class='ocrx_word' id='word_1_187' title='bbox 966 2843 997 2894; x_wconf 95' lang='lat' dir='ltr'><strong>c.</strong></span> <span class='ocrx_word' id='word_1_188' title='bbox 1029 2845 1083 2913; x_wconf 89' lang='lat'><strong>14.</strong></span> <span class='ocrx_word' id='word_1_189' title='bbox 1098 2823 1341 2920; x_wconf 74' lang='lat' dir='ltr'><strong>sacrificiorum</strong></span> <span class='ocrx_word' id='word_1_190' title='bbox 1359 2831 1514 2906; x_wconf 61' lang='lat' dir='ltr'><strong>oraciones</strong></span> <span class='ocrx_word' id='word_1_191' title='bbox 1528 2821 1559 2894; x_wconf 80' lang='lat' dir='ltr'><strong>ad</strong></span> <span class='ocrx_word' id='word_1_192' title='bbox 1580 2817 1614 2888; x_wconf 65' lang='lat' dir='ltr'><strong>el&lt;</strong></span> 
     </span>
     <span class='ocr_line' id='line_1_23' title="bbox 439 2916 1614 3019; baseline -0.003 -23"><span class='ocrx_word' id='word_1_193' title='bbox 439 2929 506 3012; x_wconf 85' lang='lat' dir='ltr'><strong>lat,</strong></span> <span class='ocrx_word' id='word_1_194' title='bbox 533 2921 627 2995; x_wconf 83' lang='lat' dir='ltr'><strong>etad</strong></span> <span class='ocrx_word' id='word_1_195' title='bbox 646 2918 782 3014; x_wconf 89' lang='lat' dir='ltr'><strong>Scapul.</strong></span> <span class='ocrx_word' id='word_1_196' title='bbox 808 2939 840 2990; x_wconf 93' lang='lat' dir='ltr'><strong>c.</strong></span> <span class='ocrx_word' id='word_1_197' title='bbox 868 2939 900 2991; x_wconf 82' lang='lat'><strong>2.</strong></span> <span class='ocrx_word' id='word_1_198' title='bbox 917 2916 1168 3014; x_wconf 81' lang='lat' dir='ltr'><strong>sacrificamus,</strong></span> <span class='ocrx_word' id='word_1_199' title='bbox 1184 2918 1273 3011; x_wconf 83' lang='lat' dir='ltr'><strong>ficut</strong></span> <span class='ocrx_word' id='word_1_200' title='bbox 1298 2927 1461 3019; x_wconf 82' lang='lat' dir='ltr'><strong>proecepit</strong></span> <span class='ocrx_word' id='word_1_201' title='bbox 1486 2921 1550 2994; x_wconf 74' lang='lat' dir='ltr'><strong>Cliti</strong></span> <span class='ocrx_word' id='word_1_202' title='bbox 1605 2959 1614 2998; x_wconf 68' lang='lat'><em>2</em></span> 
     </span>
     <span class='ocr_line' id='line_1_24' title="bbox 430 3011 1612 3116; baseline -0.003 -26"><span class='ocrx_word' id='word_1_203' title='bbox 430 3031 519 3116; x_wconf 77' lang='lat' dir='ltr'><strong>puro</strong></span> <span class='ocrx_word' id='word_1_204' title='bbox 547 3037 652 3111; x_wconf 81' lang='lat' dir='ltr'><strong>prece.</strong></span> <span class='ocrx_word' id='word_1_205' title='bbox 701 3013 885 3109; x_wconf 87' lang='lat' dir='ltr'><strong>Denique,</strong></span> <span class='ocrx_word' id='word_1_206' title='bbox 927 3036 971 3084; x_wconf 92' lang='lat' dir='ltr'><strong>ne</strong></span> <span class='ocrx_word' id='word_1_207' title='bbox 1003 3017 1101 3108; x_wconf 81' lang='lat' dir='ltr'><strong>plura</strong></span> <span class='ocrx_word' id='word_1_208' title='bbox 1132 3028 1372 3108; x_wconf 66' lang='lat' dir='ltr'><strong>coacervent,</strong></span> <span class='ocrx_word' id='word_1_209' title='bbox 1414 3022 1515 3094; x_wconf 88' lang='lat' dir='ltr'><strong>Clem.</strong></span> <span class='ocrx_word' id='word_1_210' title='bbox 1534 3011 1612 3086; x_wconf 71' lang='lat' dir='ltr'><strong>Alex·</strong></span> 
     </span>
     <span class='ocr_line' id='line_1_25' title="bbox 434 3105 1615 3213; baseline -0.01 -25"><span class='ocrx_word' id='word_1_211' title='bbox 434 3120 567 3189; x_wconf 79' lang='lat' dir='ltr'><strong>strom.</strong></span> <span class='ocrx_word' id='word_1_212' title='bbox 595 3114 681 3185; x_wconf 76' lang='lat' dir='ltr'><strong>Vll:</strong></span> <span class='ocrx_word' id='word_1_213' title='bbox 702 3128 710 3160; x_wconf 84' lang='lat'><strong>··</strong></span> <span class='ocrx_word' id='word_1_214' title='bbox 733 3105 895 3182; x_wconf 88' lang='lat' dir='ltr'><strong>Gnostici</strong></span> <span class='ocrx_word' id='word_1_215' title='bbox 910 3108 1105 3207; x_wconf 78' lang='lat' dir='ltr'><strong>sacrificio,</strong></span> <span class='ocrx_word' id='word_1_216' title='bbox 1130 3108 1365 3208; x_wconf 86' lang='lat' dir='ltr'><strong>inquit,.sunt</strong></span> <span class='ocrx_word' id='word_1_217' title='bbox 1386 3138 1494 3213; x_wconf 80' lang='lat' dir='ltr'><strong>procer</strong></span> <span class='ocrx_word' id='word_1_218' title='bbox 1514 3129 1541 3181; x_wconf 83' lang='lat' dir='ltr'><strong>n</strong></span> <span class='ocrx_word' id='word_1_219' title='bbox 1559 3105 1615 3178; x_wconf 80' lang='lat' dir='ltr'><strong>lau·</strong></span> 
     </span>
     <span class='ocr_line' id='line_1_26' title="bbox 436 3207 1275 3301; baseline -0.012 -17"><span class='ocrx_word' id='word_1_220' title='bbox 436 3216 514 3301; x_wconf 76' lang='lat' dir='ltr'><strong>cles,</strong></span> <span class='ocrx_word' id='word_1_221' title='bbox 529 3225 573 3279; x_wconf 72' lang='lat' dir='ltr'><strong>ct</strong></span> <span class='ocrx_word' id='word_1_222' title='bbox 597 3207 785 3300; x_wconf 73' lang='lat' dir='ltr'><strong>largitiones</strong></span> <span class='ocrx_word' id='word_1_223' title='bbox 808 3207 987 3297; x_wconf 79' lang='lat' dir='ltr'><strong>itt-egenos.</strong></span> <span class='ocrx_word' id='word_1_224' title='bbox 1127 3215 1131 3222; x_wconf 86' lang='grc'><strong>’</strong></span> <span class='ocrx_word' id='word_1_225' title='bbox 1220 3273 1223 3287; x_wconf 85' lang='grc'>,</span> <span class='ocrx_word' id='word_1_226' title='bbox 1271 3221 1275 3254; x_wconf 77' lang='lat'>²</span> 
     </span>
    </p>

    <p class='ocr_par' dir='ltr' id='par_1_4' title="bbox 419 3284 1613 3972">
     <span class='ocr_line' id='line_1_27' title="bbox 440 3284 1611 3406; baseline -0.006 -29"><span class='ocrx_word' id='word_1_227' title='bbox 440 3331 449 3346; x_wconf 94' lang='lat'><strong>·</strong></span> <span class='ocrx_word' id='word_1_228' title='bbox 481 3300 527 3406; x_wconf 85' lang='lat'><strong>5&#39;</strong></span> <span class='ocrx_word' id='word_1_229' title='bbox 540 3304 673 3376; x_wconf 87' lang='lat' dir='ltr'><strong>XCVI.</strong></span> <span class='ocrx_word' id='word_1_230' title='bbox 698 3296 834 3372; x_wconf 69' lang='lat' dir='ltr'><strong>‘Finitis</strong></span> <span class='ocrx_word' id='word_1_231' title='bbox 847 3302 1038 3393; x_wconf 54' lang='lat' dir='ltr'><strong>‘precibus&#39;</strong></span> <span class='ocrx_word' id='word_1_232' title='bbox 1054 3300 1270 3400; x_wconf 71' lang='lat' dir='ltr'><strong>eucharistiae</strong></span> <span class='ocrx_word' id='word_1_233' title='bbox 1291 3303 1484 3381; x_wconf 84' lang='lat' dir='ltr'><strong>celebratio</strong></span> <span class='ocrx_word' id='word_1_234' title='bbox 1506 3321 1523 3370; x_wconf 84' lang='lat' dir='ltr'><strong>a</strong></span> <span class='ocrx_word' id='word_1_235' title='bbox 1542 3284 1611 3389; x_wconf 76' lang='lat' dir='ltr'><strong>Just·</strong></span> 
     </span>
     <span class='ocr_line' id='line_1_28' title="bbox 434 3381 1612 3494; baseline -0.014 -13"><span class='ocrx_word' id='word_1_236' title='bbox 434 3405 494 3481; x_wconf 90' lang='lat' dir='ltr'><strong>M.</strong></span> <span class='ocrx_word' id='word_1_237' title='bbox 519 3404 540 3474; x_wconf 94' lang='lat' dir='ltr'><strong>l.</strong></span> <span class='ocrx_word' id='word_1_238' title='bbox 566 3421 596 3474; x_wconf 93' lang='lat' dir='ltr'><strong>c.</strong></span> <span class='ocrx_word' id='word_1_239' title='bbox 624 3415 781 3469; x_wconf 84' lang='lat' dir='ltr'><strong>narratur</strong></span> <span class='ocrx_word' id='word_1_240' title='bbox 802 3392 980 3484; x_wconf 83' lang='lat' dir='ltr'><strong>instituta,</strong></span> <span class='ocrx_word' id='word_1_241' title='bbox 1013 3395 1056 3468; x_wconf 91' lang='lat' dir='ltr'><strong>de</strong></span> <span class='ocrx_word' id='word_1_242' title='bbox 1081 3421 1146 3493; x_wconf 88' lang='lat' dir='ltr'><strong>qna</strong></span> <span class='ocrx_word' id='word_1_243' title='bbox 1171 3418 1360 3494; x_wconf 81' lang='lat' dir='ltr'><strong>antequam</strong></span> <span class='ocrx_word' id='word_1_244' title='bbox 1391 3399 1556 3488; x_wconf 74' lang='lat' dir='ltr'><strong>differam,</strong></span> <span class='ocrx_word' id='word_1_245' title='bbox 1578 3381 1612 3454; x_wconf 70' lang='lat' dir='ltr'><strong>de</strong></span> 
     </span>
     <span class='ocr_line' id='line_1_29' title="bbox 432 3489 1613 3598; baseline -0.009 -24"><span class='ocrx_word' id='word_1_246' title='bbox 432 3501 561 3598; x_wconf 76' lang='lat' dir='ltr'><strong>hymnis</strong></span> <span class='ocrx_word' id='word_1_247' title='bbox 585 3509 617 3565; x_wconf 80' lang='lat' dir='ltr'><strong>et</strong></span> <span class='ocrx_word' id='word_1_248' title='bbox 642 3493 864 3577; x_wconf 77' lang='lat' dir='ltr'><strong>cantionibus,</strong></span> <span class='ocrx_word' id='word_1_249' title='bbox 898 3489 1025 3587; x_wconf 76' lang='lat' dir='ltr'><strong>insigni</strong></span> <span class='ocrx_word' id='word_1_250' title='bbox 1051 3497 1163 3566; x_wconf 87' lang='lat' dir='ltr'><strong>cultus</strong></span> <span class='ocrx_word' id='word_1_251' title='bbox 1188 3494 1361 3567; x_wconf 83' lang='lat' dir='ltr'><strong>rationalis</strong></span> <span class='ocrx_word' id='word_1_252' title='bbox 1387 3513 1504 3590; x_wconf 90' lang='lat' dir='ltr'><strong>parte,</strong></span> <span class='ocrx_word' id='word_1_253' title='bbox 1533 3500 1613 3582; x_wconf 65' lang='lat' dir='ltr'><strong>quae·</strong></span> 
     </span>
     <span class='ocr_line' id='line_1_30' title="bbox 433 3584 1611 3682; baseline -0.013 -11"><span class='ocrx_word' id='word_1_254' title='bbox 433 3599 514 3672; x_wconf 86' lang='lat' dir='ltr'><strong>darn</strong></span> <span class='ocrx_word' id='word_1_255' title='bbox 537 3587 787 3666; x_wconf 81' lang='lat' dir='ltr'><strong>suntdicenda.</strong></span> <span class='ocrx_word' id='word_1_256' title='bbox 839 3584 924 3682; x_wconf 80' lang='lat' dir='ltr'><strong>Just.</strong></span> <span class='ocrx_word' id='word_1_257' title='bbox 951 3589 1007 3660; x_wconf 90' lang='lat' dir='ltr'><strong>M.</strong></span> <span class='ocrx_word' id='word_1_258' title='bbox 1033 3589 1106 3682; x_wconf 81' lang='lat' dir='ltr'><strong>ejus</strong></span> <span class='ocrx_word' id='word_1_259' title='bbox 1120 3590 1173 3664; x_wconf 87' lang='lat' dir='ltr'><strong>rei</strong></span> <span class='ocrx_word' id='word_1_260' title='bbox 1193 3590 1318 3676; x_wconf 69' lang='lat' dir='ltr'><strong>nullutn</strong></span> <span class='ocrx_word' id='word_1_261' title='bbox 1341 3589 1429 3666; x_wconf 84' lang='lat' dir='ltr'><strong>feeit</strong></span> <span class='ocrx_word' id='word_1_262' title='bbox 1450 3589 1472 3660; x_wconf 92' lang='lat' dir='ltr'><strong>l.</strong></span> <span class='ocrx_word' id='word_1_263' title='bbox 1495 3608 1524 3656; x_wconf 92' lang='lat' dir='ltr'><strong>c.</strong></span> <span class='ocrx_word' id='word_1_264' title='bbox 1538 3595 1611 3652; x_wconf 67' lang='lat' dir='ltr'><strong>men·</strong></span> 
     </span>
     <span class='ocr_line' id='line_1_31' title="bbox 433 3680 1611 3779; baseline -0.009 -16"><span class='ocrx_word' id='word_1_265' title='bbox 433 3687 607 3772; x_wconf 81' lang='lat' dir='ltr'><strong>tionem·,&#39;</strong></span> <span class='ocrx_word' id='word_1_266' title='bbox 660 3684 716 3757; x_wconf 86' lang='lat' dir='ltr'><strong>uia</strong></span> <span class='ocrx_word' id='word_1_267' title='bbox 747 3680 831 3756; x_wconf 81' lang='lat' dir='ltr'><strong>alius</strong></span> <span class='ocrx_word' id='word_1_268' title='bbox 857 3703 933 3755; x_wconf 87' lang='lat' dir='ltr'><strong>erat</strong></span> <span class='ocrx_word' id='word_1_269' title='bbox 958 3684 1157 3772; x_wconf 82' lang='lat' dir='ltr'><strong>Veterum,</strong></span> <span class='ocrx_word' id='word_1_270' title='bbox 1198 3707 1240 3758; x_wconf 88' lang='lat' dir='ltr'><strong>ac</strong></span> <span class='ocrx_word' id='word_1_271' title='bbox 1264 3685 1516 3779; x_wconf 84' lang='lat' dir='ltr'><strong>Recentiorum</strong></span> <span class='ocrx_word' id='word_1_272' title='bbox 1538 3689 1611 3752; x_wconf 67' lang='lat'>111083</span> 
     </span>
     <span class='ocr_line' id='line_1_32' title="bbox 419 3777 1612 3875; baseline -0.008 -17"><span class='ocrx_word' id='word_1_273' title='bbox 419 3779 660 3873; x_wconf 77' lang='lat' dir='ltr'><strong>‘cum&#39;Plalmr</strong></span> <span class='ocrx_word' id='word_1_274' title='bbox 689 3777 772 3875; x_wconf 75' lang='lat' dir='ltr'><strong>poll</strong></span> <span class='ocrx_word' id='word_1_275' title='bbox 801 3799 947 3871; x_wconf 83' lang='lat' dir='ltr'><strong>preces,</strong></span> <span class='ocrx_word' id='word_1_276' title='bbox 996 3779 1053 3850; x_wconf 88' lang='lat' dir='ltr'><strong>vel</strong></span> <span class='ocrx_word' id='word_1_277' title='bbox 1083 3800 1165 3853; x_wconf 90' lang='lat' dir='ltr'><strong>ante</strong></span> <span class='ocrx_word' id='word_1_278' title='bbox 1190 3801 1265 3867; x_wconf 84' lang='lat' dir='ltr'><strong>eas,</strong></span> <span class='ocrx_word' id='word_1_279' title='bbox 1309 3801 1380 3854; x_wconf 88' lang='lat' dir='ltr'><strong>non</strong></span> <span class='ocrx_word' id='word_1_280' title='bbox 1414 3777 1612 3852; x_wconf 73' lang='lat' dir='ltr'><strong>canebantur,</strong></span> 
     </span>
     <span class='ocr_line' id='line_1_33' title="bbox 430 3867 1611 3972; baseline -0.008 -22"><span class='ocrx_word' id='word_1_281' title='bbox 430 3884 495 3961; x_wconf 73' lang='lat' dir='ltr'><strong>sed</strong></span> <span class='ocrx_word' id='word_1_282' title='bbox 519 3877 556 3950; x_wconf 93' lang='lat' dir='ltr'><strong>in</strong></span> <span class='ocrx_word' id='word_1_283' title='bbox 579 3873 785 3949; x_wconf 83' lang='lat' dir='ltr'><strong>eucharistia</strong></span> <span class='ocrx_word' id='word_1_284' title='bbox 811 3891 848 3944; x_wconf 89' lang='lat' dir='ltr'><strong>et</strong></span> <span class='ocrx_word' id='word_1_285' title='bbox 874 3871 1013 3969; x_wconf 86' lang='lat' dir='ltr'><strong>agapis,</strong></span> <span class='ocrx_word' id='word_1_286' title='bbox 1045 3874 1090 3947; x_wconf 91' lang='lat' dir='ltr'><strong>de</strong></span> <span class='ocrx_word' id='word_1_287' title='bbox 1120 3874 1245 3972; x_wconf 77' lang='lat' dir='ltr'><strong>quibua</strong></span> <span class='ocrx_word' id='word_1_288' title='bbox 1271 3895 1374 3964; x_wconf 86' lang='lat' dir='ltr'><strong>mox,</strong></span> <span class='ocrx_word' id='word_1_289' title='bbox 1409 3875 1443 3958; x_wconf 83' lang='lat' dir='ltr'><strong>se</strong></span> <span class='ocrx_word' id='word_1_290' title='bbox 1468 3867 1611 3964; x_wconf 56' lang='lat' dir='ltr'><strong>invicem</strong></span> 
     </span>
    </p>
   </div>
   <div class='ocr_carea' id='block_1_3' title="bbox 432 3969 1611 4138">
    <p class='ocr_par' dir='ltr' id='par_1_5' title="bbox 432 3969 1611 4138">
     <span class='ocr_line' id='line_1_34' title="bbox 432 3969 1611 4138; baseline -0.025 -88"><span class='ocrx_word' id='word_1_291' title='bbox 432 3981 478 4057; x_wconf 75' lang='lat' dir='ltr'><strong>ad</strong></span> <span class='ocrx_word' id='word_1_292' title='bbox 503 3971 697 4048; x_wconf 86' lang='lat' dir='ltr'><strong>canendum</strong></span> <span class='ocrx_word' id='word_1_293' title='bbox 717 3989 921 4138; x_wconf 71' lang='lat' dir='ltr'><strong>provocare</strong></span> <span class='ocrx_word' id='word_1_294' title='bbox 955 3969 1129 4059; x_wconf 86' lang='lat' dir='ltr'><strong>solebant,</strong></span> <span class='ocrx_word' id='word_1_295' title='bbox 1170 3989 1208 4042; x_wconf 92' lang='lat' dir='ltr'><strong>et</strong></span> <span class='ocrx_word' id='word_1_296' title='bbox 1231 3989 1319 4046; x_wconf 81' lang='lat' dir='ltr'><strong>unns</strong></span> <span class='ocrx_word' id='word_1_297' title='bbox 1351 3972 1407 4044; x_wconf 87' lang='lat' dir='ltr'><strong>vel</strong></span> <span class='ocrx_word' id='word_1_298' title='bbox 1431 3969 1530 4051; x_wconf 89' lang='lat' dir='ltr'><strong>alter,</strong></span> <span class='ocrx_word' id='word_1_299' title='bbox 1564 3975 1611 4050; x_wconf 79' lang='lat' dir='ltr'><strong>qur</strong></span> 
     </span>
    </p>
   </div>
   <div class='ocr_carea' id='block_1_4' title="bbox 420 4062 992 4322">
    <p class='ocr_par' dir='ltr' id='par_1_6' title="bbox 420 4062 992 4322">
     <span class='ocr_line' id='line_1_35' title="bbox 432 4062 716 4168; baseline -0.063 -15"><span class='ocrx_word' id='word_1_300' title='bbox 432 4063 492 4152; x_wconf 72' lang='lat' dir='ltr'><strong>uel</strong></span> <span class='ocrx_word' id='word_1_301' title='bbox 508 4065 661 4168; x_wconf 86' lang='lat' dir='ltr'><strong>Spiritus</strong></span> <span class='ocrx_word' id='word_1_302' title='bbox 678 4062 716 4137; x_wconf 92' lang='lat' dir='ltr'><strong>in·</strong></span> 
     </span>
     <span class='ocr_line' id='line_1_36' title="bbox 424 4159 992 4259; baseline -0.035 -5"><span class='ocrx_word' id='word_1_303' title='bbox 424 4175 573 4259; x_wconf 78' lang='lat' dir='ltr'><strong>&#39;suerat,.</strong></span> <span class='ocrx_word' id='word_1_304' title='bbox 595 4163 815 4242; x_wconf 71' lang='lat' dir='ltr'><strong>evocabatur</strong></span> <span class='ocrx_word' id='word_1_305' title='bbox 833 4159 884 4238; x_wconf 74' lang='lat' dir='ltr'><strong>‘ad</strong></span> <span class='ocrx_word' id='word_1_306' title='bbox 904 4181 992 4235; x_wconf 84' lang='lat' dir='ltr'><strong>cane</strong></span> 
     </span>
     <span class='ocr_line' id='line_1_37' title="bbox 420 4279 976 4322; baseline -0.031 -5"><span class='ocrx_word' id='word_1_307' title='bbox 420 4286 433 4317; x_wconf 76' lang='lat' dir='ltr'><strong>t</strong></span> <span class='ocrx_word' id='word_1_308' title='bbox 507 4279 517 4302; x_wconf 74' lang='lat'>⁸</span> <span class='ocrx_word' id='word_1_309' title='bbox 970 4310 976 4322; x_wconf 44' lang='lat'><strong>·</strong></span> 
     </span>
    </p>
   </div>
   <div class='ocr_carea' id='block_1_5' title="bbox 989 4262 1037 4328">
    <p class='ocr_par' dir='ltr' id='par_1_7' title="bbox 989 4262 1037 4328">
     <span class='ocr_line' id='line_1_38' title="bbox 1027 4262 1032 4289; baseline 0 0"><span class='ocrx_word' id='word_1_310' title='bbox 1027 4262 1032 4289; x_wconf 91' lang='lat' dir='ltr'><strong>l</strong></span> 
     </span>
     <span class='ocr_line' id='line_1_39' title="bbox 989 4314 1037 4328; baseline 0 0"><span class='ocrx_word' id='word_1_311' title='bbox 989 4315 996 4324; x_wconf 76' lang='lat'><em>-</em></span> <span class='ocrx_word' id='word_1_312' title='bbox 1027 4314 1037 4328; x_wconf 68' lang='grc' dir='ltr'><strong>ι.</strong></span> 
     </span>
    </p>
   </div>
   <div class='ocr_carea' id='block_1_6' title="bbox 747 4062 1614 4317">
    <p class='ocr_par' dir='ltr' id='par_1_8' title="bbox 747 4062 1614 4317">
     <span class='ocr_line' id='line_1_40' title="bbox 747 4062 1614 4238; baseline -0.001 -102"><span class='ocrx_word' id='word_1_313' title='bbox 747 4062 863 4150; x_wconf 74' lang='grc' dir='ltr'><strong>ἰηὸὶυ,</strong></span> <span class='ocrx_word' id='word_1_314' title='bbox 890 4064 948 4135; x_wconf 90' lang='lat' dir='ltr'><strong>vel</strong></span> <span class='ocrx_word' id='word_1_315' title='bbox 966 4064 1166 4238; x_wconf 56' lang='lat' dir='ltr'><strong>pfflzin</strong></span> <span class='ocrx_word' id='word_1_316' title='bbox 1215 4065 1315 4154; x_wconf 86' lang='lat' dir='ltr'><strong>stria,</strong></span> <span class='ocrx_word' id='word_1_317' title='bbox 1341 4087 1479 4138; x_wconf 88' lang='lat' dir='ltr'><strong>cantum</strong></span> <span class='ocrx_word' id='word_1_318' title='bbox 1495 4072 1614 4144; x_wconf 73' lang='lat' dir='ltr'><strong>comPO·</strong></span> 
     </span>
     <span class='ocr_line' id='line_1_41' title="bbox 1108 4145 1612 4317; baseline -0.02 -77"><span class='ocrx_word' id='word_1_319' title='bbox 1108 4217 1121 4258; x_wconf 89' lang='lat'><em>,</em></span> <span class='ocrx_word' id='word_1_320' title='bbox 1171 4163 1342 4260; x_wconf 79' lang='lat' dir='ltr'><strong>erundum</strong></span> <span class='ocrx_word' id='word_1_321' title='bbox 1366 4181 1495 4246; x_wconf 81' lang='lat' dir='ltr'><strong>norem</strong></span> <span class='ocrx_word' id='word_1_322' title='bbox 1513 4145 1612 4317; x_wconf 56' lang='lat' dir='ltr'><strong>³⁶5¹ss</strong></span> 
     </span>
    </p>
   </div>
   <div class='ocr_carea' id='block_1_7' title="bbox 0 0 1810 5500">
    <p class='ocr_par' dir='ltr' id='par_1_9' title="bbox 0 0 1810 5500">
     <span class='ocr_line' id='line_1_42' title="bbox 0 0 1810 5500; baseline 0 5"><span class='ocrx_word' id='word_1_323' title='bbox 0 0 1810 5500; x_wconf 95' lang='lat' dir='ltr'><strong> </strong></span> 
     </span>
    </p>
   </div>
  </div>
 </body>
</html>
