3609 5500
757 787 921 885 Seruis
1001 781 1024 793 η
1310 879 1317 888 ,
1405 807 1455 894 65

206 985 286 1063 else
308 983 496 1074 sumenda,
538 983 626 1060 Luc.
663 985 769 1062 xlv:
801 1009 932 1078 1-24.
991 981 1176 1075 Tandem,
1213 1007 1293 1060 cum
1322 985 1448 1084 ingens

205 1085 318 1156 turba
346 1083 460 1179 ipsum
491 1081 759 1174 comitaretur„
772 1082 984 1180 tempestive
1001 1078 1131 1171 docet,
1157 1103 1261 1155 veros
1284 1081 1360 1156 suos
1377 1079 1443 1155 dis·

208 1179 353 1275 cipulos
377 1203 442 1250 eos
470 1196 607 1249 tantum
633 1176 723 1269 else,
746 1179 807 1277 qni
832 1176 961 1252 Christi
981 1179 1080 1250 causa
1105 1176 1218 1274 parati
1244 1177 1341 1266 sunt,
1367 1201 1442 1250 om-

210 1279 321 1347 nibus
345 1273 505 1368 personis
526 1293 565 1344 et
588 1274 711 1364 rebus,
744 1276 780 1347 ei
807 1273 1013 1358 contrariis,
1048 1297 1152 1369 quum
1178 1271 1314 1346 dilediis
1339 1273 1441 1361 alias,

206 1372 448 1456 renunciare,
473 1367 635 1461 adeoque
660 1369 863 1466 opus-else,
896 1388 937 1441 ut
960 1367 1036 1466 quis
1060 1369 1216 1442 animum
1241 1369 1335 1442 suum
1358 1389 1440 1442 ante

209 1467 404 1560 exploret,
428 1488 531 1558 quam
556 1462 698 1537 Christo
721 1489 853 1538 nornen
876 1464 957 1551 det,
986 1485 1031 1534 ne
1054 1463 1175 1559 postea
1196 1461 1331 1559 pudore
1355 1487 1439 1538 con·

207 1563 311 1634 susus
328 1582 408 1631 cum
427 1558 589 1645 deserat3
606 1557 710 1632 instar
725 1563 822 1661 ejus,
839 1558 899 1658 qui
925 1556 1068 1644 turrim,
1093 1559 1150 1634 seu
1168 1559 1310 1632 domum
1328 1561 1444 1656 splen·-

212 1660 339 1730 didam
362 1654 582 1741 aedificare,
607 1673 667 1726 aut
691 1659 817 1728 bellum
845 1677 991 1752 gerere,
1026 1656 1122 1744 vult,
1156 1675 1237 1727 ante
1262 1659 1439 1754 inquirere

215 1755 349 1839 debet,
378 1773 465 1821 num
490 1749 540 1821 sat
563 1771 689 1843 opum,
730 1753 788 1825 vel
811 1751 943 1827 virium
967 1749 1115 1842 lrabeat,
1156 1774 1256 1848 quam
1280 1751 1438 1849 propost-

218 1870 295 1926 tum
320 1845 468 1939 incipiat
492 1844 645 1940 exsequi.

261 1941 296 2043 s.
323 1943 437 2014 LXlI.
469 1940 556 2042 Quo
585 1959 762 2036 tempore,
789 1964 870 2016 cum
895 1941 939 2016 ad
963 1941 1078 2040 Ipsum
1095 1941 1272 2040 publicani
1290 1965 1332 2016 ac
1354 1965 1437 2039 pec·

215 2063 356 2115 catores
382 2035 775 2132 confluerentingente
804 2061 976 2130 numero,
1011 2058 1049 2112 et
1073 2037 1246 2112 Pharisaei
1272 2037 1356 2116 illud
1381 2063 1438 2112 ae·

213 2161 278 2236 gre
299 2133 458 2222 ferrent,
484 2132 662 2223 Dominus
688 2134 798 2205 tribus
819 2135 1012 2232 parabolis,
1049 2121 1128 2207 ovis
1154 2133 1255 2208 unius
1278 2133 1436 2230 perditae

217 2237 470 2317 calavenae,
504 2247 545 2306 ut
569 2247 607 2300 et
634 2227 817 2302 drachmae
841 2229 962 2319 unius,
996 2251 1038 2301 ac
1063 2229 1138 2304 lilii¹
1166 2231 1309 2326 prodigi
1334 2230 1439 2304 etad

213 2335 353 2404 Patrem
379 2321 530 2412 reverst,
562 2323 606 2394 ad
632 2322 796 2397 summam
820 2325 1013 2415 laetitiam,
1041 2323 1226 2422 exposuit,
1268 2327 1306 2400 in
1334 2330 1437 2402 coelo

212 2427 387 2504 summum
416 2419 489 2492 ess'e
517 2416 682 2513 gaudium
717 2420 820 2514 super
852 2445 924 2495 uno
957 2439 1146 2518 peccatore
1179 2419 1243 2494 reli
1271 2425 1434 2516 iscente,

213 2521 326 2618 nugis
351 2515 461 2589 etiarn
478 2537 584 2608 quam
601 2512 702 2608 super
712 2515 834 2610 justis,
859 2517 919 2590 seu
936 2513 1214 2614 resipiscentiae,
1240 2447 1311 2595 iive
1327 2541 1434 2596 verae

211 2617 287 2694 stre
313 2609 562 2708 imaginariae,
589 2631 661 2681 non
688 2610 837 2708 indigis,
873 2636 984 2710 eaque
1009 2612 1146 2686 ratione
1170 2613 1260 2690 haud
1289 2617 1437 2690 obscure

211 2709 406 2789 Pharisaeis
423 2702 634 2793 insinuavit,
656 2709 836 2801 graviores
852 2727 1077 2805 peccatores,
1096 2707 1189 2821 ipsos
1210 2709 1315 2786 etiam
1337 2713 1434 2788 Gen·

215 2812 319 2897 tiles,
341 2804 354 2878 i
396 2827 425 2877 rs
446 2799 517 2873 erte
543 2800 808 2897 praeferendos,
834 2806 923 2879 adeo
949 2830 993 2881 ue
1018 2806 1235 2898 Dominum,
1268 2808 1436 2883 cumillis

215 2902 508 2985 conversantem,
535 2894 652 2984 reste,
677 2916 715 2971 et
730 2898 898 2973 miffionis
920 2830 999 2975 inae
1023 2900 1081 2989 sco
1109 2926 1131 2971 o
1156 2904 1436 2994 convenienter,

221 3006 345 3093 agere.
369 2992 549 3066 LucilV.
598 2991 710 3064 Addit
726 3012 907 3090 praeterea
920 3018 998 3091 cap.
1023 2996 1057 3065 X
1098 2996 1150 3082 1.,
1175 2995 1212 3066 in
1230 2995 1437 3089 publicano·

215 3116 301 3171 mm
326 3087 423 3162 sorte
442 3083 726 3177 instrndlionem,
769 3088 897 3183 opibus
923 3106 961 3162 et
989 3085 1127 3161 divitiis
1154 3086 1332 3164 fallacibus
1361 3088 1439 3203 (eas

216 3188 315 3267 enim
348 3182 507 3279 defignat
536 3180 668 3279 phrasis
707 3186 909 3258 Mammom’s
951 3179 1153 3281 injustitiae)
1196 3184 1297 3283 saepe
1326 3204 1435 3263 ettam

217 3288 307 3363 male
328 3280 459 3379 partis,
486 3300 558 3350 non
584 3277 653 3351 else
674 3277 871 3370 fidendum,
896 3280 956 3355 sed
979 3304 1037 3355 eas
1060 3279 1097 3352 in
1120 3305 1187 3378 pau
1217 3304 1312 3357 erum
1338 3284 1438 3361 usum

219 3376 432 3479 erogandas,
464 3391 503 3446 et
527 3375 643 3471 legem
670 3374 851 3448 charitatis
877 3374 1165 3450 obseruandame
1193 3402 1232 3468 e,
1258 3398 1298 3453 ut
1319 3403 1360 3456 ea
1377 3406 1433 3457 ra·

220 3480 318 3553 tione
336 3470 438 3548 saluti
461 3469 543 3543 suae
567 3470 766 3560 consulant,
790 3471 833 3544 ad
855 3474 1054 3570 exemplum
1080 3476 1267 3549 oeconomi
1290 3475 1432 3573 injusti,

216 3602 237 3650 a
258 3570 421 3647 Domino
442 3564 668 3660 deponendi,
692 3565 870 3639 debitores
895 3568 956 3641 fibi
980 3567 1241 3659 devincientis3
1266 3570 1325 3667 qui
1351 3598 1434 3650 eum

215 3670 300 3743 dein
330 3664 547 3739 sustentent:
567 3679 788 3755 praeterea,
820 3663 858 3736 in
884 3662 1059 3760 posterum
1083 3680 1122 3736 ut
1144 3664 1263 3738 officio
1290 3666 1432 3745 fidelius

215 3766 427 3860 fungantur,
453 3757 645 3846 admonet,
678 3775 719 3829 ut
745 3774 783 3829 et
808 3758 879 3831 Dei
904 3761 1038 3835 cultum
1063 3779 1143 3833 cum
1166 3762 1337 3837 bonorum
1363 3756 1434 3841 terss

215 3860 376 3936 restrium
401 3854 519 3927 nimio
547 3850 660 3925 studio
682 3850 870 3927 conststere
891 3878 964 3929 non
992 3854 1101 3954 posse.
1153 3856 1270 3957 Quem
1300 3858 1430 3937 sermo,

213 3982 294 4033 nem
321 3952 476 4029 Domini
501 3971 583 4021 cnm
604 3946 799 4037 Pharisaei,
824 3974 929 4045 opum
956 3950 1244 4031 corradendarum
1268 3953 1437 4052 studiosi,

219 4053 297 4127 raso
318 4047 578 4146 suspenderent
601 4042 757 4136 adunca,
781 4046 956 4121 Dominus
973 4072 1034 4121 eos
1054 4047 1292 4144 hypocristos,
1317 4052 1429 4127 viola·
1543 4120 1546 4127 ,

221 4146 390 4244 nonisque
414 4141 532 4241 legis,
557 4136 595 4210 in
615 4136 731 4236 specie
755 4140 988 4219 divortiorum
1009 4166 1147 4239 qnoque
1171 4142 1351 4241 respesiu,
1377 4170 1430 4220 ar·

214 4242 301 4415 gaii
339 4241 518 4413 Tffilem
543 4233 718 4336 subjungit
743 4240 940 4431 parabplam
963 4238 1099 4319 Divitis
1120 4238 1164 4316 'et
1188 4240 1330 4337 Lazari,
1344 4250 1440 4341 non·

292 4364 353 4421 OM·
1386 4363 1433 4425 ΘΙ
