3609 5500
1365 881 1370 890 ι

279 929 352 1024 178
688 924 838 1030 Htslun‘a
858 925 988 1028 sicclus
1015 922 1135 1027 Christ.
1173 1011 1179 1027 ,

282 1108 360 1206 ipso
393 1105 572 1182 institutae
613 1105 777 1183 notitiam
808 1112 921 1185 verbo
953 1108 1107 1201 dedill’e,
1147 1103 1338 1185 suffecerit.
1385 1107 1506 1184 Lucas

257 1206 353 1279 det
390 1208 472 1279 Xll.
506 1228 584 1276 curn
608 1204 768 1296 dixisset,
809 1209 1008 1302 Agrippam
1036 1206 1234 1303 adgressum
1266 1202 1337 1284 effe
1367 1228 1501 1282 vexare

281 1303 489 1389 licclefiam,
522 1298 609 1372 nihil
646 1302 737 1373 aliud
767 1321 940 1374 memorat
964 1303 1138 1378 Ecclesiae
1164 1298 1359 1391 inflictum,
1393 1324 1503 1399 quam

282 1397 407 1494 Jacobi
443 1395 673 1491 supplicium,
713 1415 751 1468 et
772 1396 867 1471 Petri
896 1398 1231 1486 incarcerationem,
1278 1416 1315 1470 ut
1335 1416 1375 1476 ct
1401 1398 1502 1495 ipse,

281 1494 387 1567 finito
415 1492 503 1565 sesto
522 1490 714 1580 Palmatis,
738 1492 775 1566 in
798 1494 978 1589 publicum
1003 1490 1256 1591 spectaculum,
1287 1494 1397 1568 murti
1425 1514 1503 1576 tra-,-

281 1591 433 1664 deretur.
485 1585 581 1684 Quid
612 1589 752 1684 Regem
783 1589 825 1662 ad
859 1588 1075 1664 Christianos
1107 1589 1287 1664 vexandos
1316 1590 1500 1683 moverit,

282 1684 421 1757 silentio
445 1687 583 1780 quidem
609 1682 821 1774 involvitur,
847 1684 906 1758 sed
932 1708 1012 1760 cum
1036 1686 1073 1761 iu
1096 1688 1236 1761 Petrum
1261 1707 1382 1759 manus
1405 1684 1502 1784 inje-

281 1781 392 1869 cerit,
435 1777 614 1877 postquam
649 1778 789 1875 Judaeis
823 1800 945 1853 necem
979 1782 1104 1878 Jacobi
1136 1779 1300 1879 placuisse
1332 1779 1497 1874 vidisset,

281 1876 463 1971 probabile
495 1876 558 1965 fit,
596 1871 747 1948 studium
772 1898 876 1950 aurae
899 1878 997 1972 vulgi
1021 1879 1233 1974 captandae,
1273 1877 1331 1949 vel
1357 1878 1500 1974 populo

282 1972 465 2070 placendi,
492 1972 599 2055 ⁴inter
623 1970 777 2045 rationes
799 1972 1026 2080 praecipuum
1054 1972 1201 2048 tenuisse
1226 1973 1365 2046 locum:
1397 1971 1498 2069 quod

280 2067 437 2168 principi
467 2064 683 2155 ambitioso,
724 2067 832 2164 qualis
857 2067 929 2141 fuit
954 2068 1137 2166 Agrippa,
1169 2066 1266 2143 reste
1288 2068 1498 2154 convenitt·

260 2164 442 2262 ,quodque
476 2162 555 2236 satis
589 2160 749 2237 usrtatum
781 2161 832 2236 est
855 2162 1097 2262 principium,
1140 2187 1211 2261 quo
1242 2162 1421 2261 principes
1457 2181 1498 2246 et

279 2259 340 2333 alii
364 2261 406 2335 ad
435 2251 715 2357 persecutionem
750 2257 1007 2335 inflammantur
1030 2259 1307 2335 dissentientium
1330 2259 1369 2333 in
1394 2260 1499 2340 causa

116 2417 122 2422 .
278 2354 364 2431 fidei
389 2375 426 2429 et
442 2354 671 2462 opinionum,
702 2354 789 2428 teste
806 2354 914 2429 etiam
936 2355 1167 2451 experientia.
1222 2356 1369 2446 acubus,
1387 2379 1500 2453 quem

267 2449 938 2621 ss‘nJthsllbtlslblss’
958 2471 1001 2620 {i
1025 2451 1499 2643 bllslbllmttit‘t’

279 2573 561 2738 lenaeiufilio,
602 2639 647 2713 de
672 2602 742 2738 q’uo
765 2603 867 2737 supra
897 2602 958 2715 siro
981 2644 1062 2717 luco
1081 2572 1258 2739 'expgsub
1314 2643 1399 2716 robe
1422 2599 1497 2719 diss

277 2737 510 2912 {iguendm’
530 2758 597 2904 pp]
599 2734 757 2907 nlre1stppta
781 2736 995 2835 Euangeliou
1018 2736 1098 2812 satis
1123 2758 1238 2908 uptus.
1302 2735 1424 2907 sallust
1450 2737 1497 2819 ir·

275 2956 355 3028 ges,
371 2834 608 3030 epipwgo'g,
635 2857 784 3025 Jr'litiruine
810 2856 1040 3020 gppprtppnpeh
1067 2856 1330 3020 pppninpplmea
1349 2858 1498 3011 Citariest'ti
1518 2880 1540 2909 n

278 3032 483 3123 acceperint
513 3024 628 3100 Marc.
656 3025 721 3100 lll:
748 3046 806 3133 ty.
840 3047 913 3098 non
936 3048 1041 3116 mox,
1080 3026 1145 3100 sed
1166 3023 1345 3124 postquam
1370 3023 1499 3124 ignem

278 3125 467 3198 voluerunt
491 3122 714 3196 Samaritanis
745 3120 992 3196 inmittendum
1025 3145 1045 3195 e
1079 3123 1201 3214 coelo,
1242 3139 1281 3195 ut
1305 3119 1344 3195 in
1373 3120 1497 3218 posue-

280 3243 358 3296 rum
384 3241 403 3291 a
427 3217 615 3292 temerario
638 3217 808 3314 ejusmodi
827 3218 1008 3315 proposito
1032 3216 1307 3292 absterrerentur
1323 3215 1495 3313 Apostoli
1528 3288 1531 3305 .

280 3335 318 3389 et
344 3314 519 3387 Doslores
543 3313 717 3407 euangelii
742 3313 858 3408 pacis,
893 3333 930 3384 et
955 3313 1071 3388 salutis
1093 3311 1297 3405 hominum,
1331 3311 1426 3408 quod
1448 3312 1498 3395 ad

278 3411 330 3484 Pl.
355 3410 487 3482 XXIX.
509 3407 581 3502 jam
606 3407 810 3479 observavi:
835 3409 951 3479 Marc.
978 3408 1042 3481 Ill.
1066 3408 1185 3506 itaque
1206 3433 1274 3505 per
1286 3404 1493 3507 prolepfin,

278 3506 338 3579 seu
361 3503 673 3598 anticipationem,
697 3500 779 3575 illud
795 3521 1018 3576 memoratur.
1066 3504 1250 3579 Praeterea
1269 3506 1372 3579 ambo
1386 3522 1494 3584 erant

279 3597 420 3674 Christo
449 3598 549 3671 valde
570 3597 683 3693 grati,
724 3596 813 3670 adeo
846 3614 883 3669 ut
908 3619 1019 3671 mater
1048 3621 1172 3674 eorum
1204 3598 1388 3675 aChristo
1410 3600 1495 3683 ausa

278 3694 388 3772 suerit
413 3713 536 3789 petere
558 3692 728 3790 seffiuuem
751 3714 871 3764 eorum
902 3695 946 3768 ad
971 3693 1128 3770 dextram
1160 3712 1199 3770 et
1224 3693 1392 3776 sinistram
1415 3696 1497 3792 eju!

279 3793 319 3868 in
344 3812 455 3888 reguo
489 3790 579 3885 ejus,
616 3792 724 3865 Matr.
749 3787 828 3860 XX.
863 3811 929 3884 qua
955 3788 1136 3873 occasione
1160 3789 1333 3882 Christus,
1373 3789 1410 3864 in
1435 3814 1496 3868 re·

236 3980 240 3988 ¹
278 3886 405 3984 'sponso
431 3884 512 3975 suo,
557 3887 633 3960 illos
662 3882 871 3981 baptismum
903 3887 1062 3982 martyrii
1096 3885 1283 3962 insinuavit
1312 3884 1493 3968 subituros

277 3982 367 4057 elle:
405 3983 499 4148 pund
526 3984 676 4079 Jacubus
707 3996 872 4076 expertus
904 3981 956 4056 est
988 3982 1200 4078 plenissime,
1237 3982 1420 4154 plantes
1446 4000 1497 4061 ct

278 4086 378 4180 parte
421 4079 465 4149 ub
489 4078 717 4169 Domitiano,
758 4076 802 4150 de
827 4100 898 4174 quo
920 4076 1050 4175 postea.
1097 4080 1213 4154 Missis
1273 4077 1397 4154 bulosrs
1422 4095 1497 4159 tra·

279 4172 474 4250 ditionibus
499 4174 544 4245 de
571 4173 643 4265 ejus
667 4171 771 4270 gestis
796 4191 834 4245 et
856 4174 1052 4272 sepultura,
1078 4174 1217 4249 aliunde
1232 4172 1421 4271 petendis,
1447 4175 1494 4251 il·
1516 4242 1518 4246 .

277 4270 338 4349 lud
361 4288 496 4342 tantum
524 4273 745 4357 memorabo,
786 4269 880 4364 quod
905 4293 949 4343 ex
973 4272 1156 4345 Clemente
1183 4291 1299 4345 narrat
1333 4269 1415 4345 Eus.
1441 4272 1497 4349 H.

267 4368 322 4451 Ε.
346 4367 393 4441 ll:
419 4386 454 4460 9.
477 4364 731 4465 militemsqui
747 4363 884 4442 eumin
904 4380 1089 4444 carcerem
1104 4367 1273 4463 metat,
1297 4368 1375 4459 vel,
1401 4365 1501 4539 appel
