3609 5500
666 741 773 818 reon.
798 721 884 817 rr‘
994 781 999 790 -
1307 753 1384 836 351·
1448 767 1450 774 s

184 917 233 996 tit:
254 937 325 996 erat
344 917 439 997 enirn
456 919 630 1020 prudens,
657 919 730 996 cibi
748 920 982 1018 parciffimus,
1001 916 1180 1011 strenuus,
1211 919 1297 998 licet
1322 916 1378 994 ni·

181 1019 400 1110 nirseverus,
445 1040 483 1092 et
509 1017 667 1093 crudelis.
717 1018 824 1094 Vicit
840 1018 1015 1114 Nigrum,
1039 1014 1078 1090 in
1103 1019 1127 1090 S
1153 1017 1204 1091 ria
1227 1017 1377 1114 adpella-
1404 1070 1407 1075 >

182 1132 240 1187 tum
254 1117 513 1211 snperatorem‚
538 1138 618 1188 ann.
642 1135 714 1205 94,
740 1114 876 1187 Arabes
892 1111 1101 1201 interiores,
1128 1043 1307 1201 {orthon
1336 1128 1388 1183 et‘

180 1209 266 1300 rliot,
286 1210 522 1304 debellavitga.
547 1232 630 1301 95„
656 1208 751 1282 addit
769 1231 909 1306 quoque
929 1207 1009 1280 Eus.
1036 1206 1075 1280 in
1094 1206 1224 1282 Chion.
1251 1207 1384 1305 Judae-

181 1326 261 1380 oret
282 1308 460 1379 Sarmatos
481 1331 511 1381 a.
538 1327 596 1399 97.
648 1305 703 1377 Ex
738 1305 888 1377 Oriente
914 1302 1044 1376 Gallias
1066 1321 1193 1399 petens
1217 1301 1384 1376 Clodium·

181 1399 354 1490 Albinum,
380 1399 556 1497 inperium
571 1397 824 1488 adfectantem,
850 1399 1028 1496 superavit
1044 1421 1075 1473 a.
1101 1407 1162 1489 98.
1187 1397 1285 1472 Dein
1303 1396 1380 1470 Ro·
1417 1408 1420 1412 ’

181 1515 254 1570 uam
278 1497 429 1571 veniens
456 1494 708 1592 triumphavit,
750 1494 981 1568 erecto-arcu
1014 1492 1214 1590 triumphali
1237 1516 1268 1569 u
1296 1513 1380 1586 203.
1536 1583 1541 1593 1

182 1591 368 1666 Brittannos
383 1592 491 1666 etiarn
510 1591 668 1688 subegit,
695 1607 732 1664 et
754 1590 958 1686 provincias
974 1613 1032 1663 eas
1054 1589 1212 1686 recepit,
1236 1614 1266 1666 aa
1295 1608 1379 1680 2073

181 1708 287 1775 muro,
321 1689 382 1762 vel'
405 1690 516 1778 vasio,
548 1686 710 1762 adversus
732 1684 1023 1774 Caledoniorum,
1050 1707 1146 1759 nunc
1169 1688 1381 1772 Scotorum,

160 1841 161 1844 ,
180 1780 399 1871 incursiones,
424 1806 489 1880 per
514 1807 585 1878 300
604 1778 995 1877 terminantium,
1020 1804 1122 1876 quam
1140 1782 1206 1854 lata
1224 1778 1275 1856 est
1291 1777 1387 1850 insu·

179 1876 221 1968 ir,
244 1878 422 1974 perducto.
455 1879 624 1951 Mortuus
640 1874 692 1951 est
710 1874 860 1952 Eboraci
879 1875 918 1951 in
933 1878 1084 1975 Angna,
1109 1899 1191 1954 cum
1206 1871 1386 1975 regnasset

179 1993 206 2048 u
229 1976 350 2068 17M
378 1981 421 2064 8,
445 1995 525 2049 ann
551 1995 624 2048 aen·
647 1971 697 2049 V.
723 1992 806 2046 211.

421 2162 721 2240 ecRuTORus
753 2159 1128 2283 ECCLESIASTICI.
1213 2202 1216 2211 ·

217 2351 247 2453 s„
271 2355 339 2430 VI.
363 2353 678 2450 Inseriptoribur,
704 2354 763 2452 qui
782 2353 980 2451 supersunt,
1006 2375 1101 2430 etex
1117 2357 1244 2454 quibus
1261 2351 1389 2432 notitia

178 2448 342 2525 Ecclesiae
370 2447 561 2524 haurienda
595 2473 734 2548 quoque
759 2449 829 2538 est,
871 2449 1092 2525 recensendis
1127 2453 1271 2527 brevior
1303 2475 1390 2542 ero,

180 2567 324 2619 eumer
351 2546 468 2635 Cave,
494 2542 587 2618 Hist„
615 2545 722 2637 Litt.,
748 2544 911 2642 Dupinio
936 2544 981 2619 de
1003 2547 1141 2642 Script,
1166 2548 1319 2636 Eocies,
1351 2564 1391 2620 ec

178 2640 334 2716 Fabricio
349 2637 434 2713 Bibl.
452 2639 516 2714 Gr.
535 2659 573 2712 et
591 2641 693 2733 Lat,
716 2641 884 2738 aliisque,
902 2640 1044 2738 quisque
1062 2642 1163 2718 facile
1208 2642 1317 2742 oterit
1334 2643 1389 2713 in*

180 2734 268 2814 strui.
316 2735 470 2811 Primum
495 2737 611 2810 iocum
634 2761 715 2812 eum
733 2737 827 2812 inter
854 2757 1079 2812 monumenta
1105 2739 1163 2821 see
1200 2740 1211 2812 i
1247 2733 1393 2811 merito

185 2851 320 2908 teneant
341 2830 518 2929 Epistulae
542 2830 693 2931 ignatii,
719 2833 910 2928 sintque'm
980 2837 993 2905 i
1011 2832 1139 2930 pretii,
1164 2832 1207 2907 de
1222 2833 1267 2907 iis
1283 2829 1392 2927 paulo

180 2926 280 3095 {ugus
304 2951 427 3095 agml'l
451 2924 640 3096 gostquam
671 2930 817 3035 Ignatii,
859 2855 1000 3023 ejusffge
1033 2928 1215 3027 martyrii,
1243 2930 1393 3001 brevem

251 3046 305 3096 ero
328 3041 449 3097 intee

205 3140 320 3193 uorum
343 3118 435 3191 ratio
465 3135 600 3199 tanturn
625 3115 676 3193 est
689 3117 865 3205 habenda,
891 3116 978 3191 nihil
993 3116 1085 3192 aliud
1102 3117 1256 3208 constat,
1283 3139 1391 3215 quam

180 3210 289 3309 upsurn
306 3210 545 3302 Antiochiae,
569 3213 647 3288 ins
674 3213 744 3306 ria,
772 3210 920 3289 suiffeE
947 3213 1124 3311 iscopurn‚
1181 3213 1233 3288 ost
1255 3212 1395 3288 Evodi-

179 3332 260 3399 um,
293 3308 364 3385 sive
386 3306 561 3408 primurn,
604 3240 808 3385 fiivodius
860 3333 899 3385 ro
920 3239 955 3383 fe
1002 3328 1041 3382 to
1068 3240 1319 3421 Apofiolorum
1345 3308 1390 3385 Iit

181 3402 370 3491 habendus,
412 3403 484 3477 sire
509 3403 717 3492 secundum,
750 3404 775 3480 fi
798 3428 896 3503 prior
919 3424 1026 3479 enarn
1051 3404 1160 3479 suerit
1183 3407 1389 3503 Episcopus.

184 3497 301 3578 Euseb.
332 3502 383 3576 H.
408 3502 474 3574 111.-
502 3522 559 3574 22.
594 3519 631 3574 et
665 3499 817 3576 Hieron.
850 3500 894 3576 de
928 3500 1029 3575 Viris
1063 3500 1186 3578 illustr.
1218 3500 1391 3576 Censetur

184 3592 361 3763 §guidem-a
384 3598 509 3684 Petro,
541 3597 620 3688 ves,
647 3596 786 3683 otalii,
829 3618 849 3668 a
872 3597 978 3668 Paulo
998 3594 1195 3687 ordinatus,
1235 3597 1295 3671 sed
1318 3592 1394 3669 fine

207 3691 299 3765 olido
329 3692 581 3781 fundament03
620 3712 689 3765 nec
708 3691 856 3764 meliore
886 3689 1068 3783 nituntur,
1105 3690 1187 3788 qui,
1214 3688 1394 3766 Christum

184 3785 416 3864 resuscitatum
442 3787 485 3861 ab
508 3785 585 3883 ipso
608 3783 719 3861 oeulis
747 3782 850 3859 fuisse
868 3784 928 3858 usu
971 3806 1088 3874 atum,
1122 3805 1268 3884 putant,
1294 3784 1392 3884 quod

187 3900 274 3957 aetas
297 3884 371 3981 ejus
401 3904 542 3979 quoq-ue
573 3882 635 3957 vix
675 3880 827 3979 patitur,
868 3880 989 3955 Vera
1029 3882 1124 3957 enirn
1165 3883 1295 3980 Ignatii
1325 3884 1393 3975 Ep.

487 3046 557 3096 uin.
610 3024 669 3099 De
692 3022 789 3119 ipso,
824 3044 870 3095 ex
893 3020 964 3095 fide
990 3020 1106 3119 dignis
1129 3018 1392 3111 monumentis,
1505 3066 1519 3087 .
1589 3058 1593 3070 =

184 3975 226 4048 ad
247 3979 379 4077 Smyrn
405 4001 437 4053 c.
460 4002 495 4073 3.
519 4001 575 4074 ego
599 3983 701 4071 enim,
763 3974 810 4075 oli
837 3974 1093 4073 resurrectionem
1122 3984 1156 4053 r‘n
1190 4004 1287 4055 carne
1310 3974 1397 4052 asuri·
1529 3990 1533 3997 ·

184 4075 268 4157 usa,
287 4098 357 4149 non
383 4074 407 4147 st
435 4074 600 4164 nificant,
623 4074 658 4148 se
683 4075 722 4172 ip
738 4099 796 4147 um
820 4077 885 4149 rid·
912 4100 948 4164 r,
971 4075 1028 4148 sed
1045 4074 1127 4173 off
1144 4075 1297 4150 incarne
1321 4074 1395 4147 sac·¹

187 4170 405 4333 timresurre
446 4168 562 4247 'onem
581 4170 676 4269 ejur3
701 4169 845 4361 offleii}
856 4195 877 4244 e
925 4168 1166 4264 observatum,
1190 4190 1229 4245 et
1244 4170 1403 4347 verbani·
