3609 5500
597 784 603 795 .
728 705 834 789 Secti.
859 705 914 791 II.
1354 726 1440 817 ¹405

214 891 409 1008 rerumque
431 891 673 969 sublimiorum
700 890 931 1002 cognitione,
958 912 1046 991 quae
1072 912 1239 1009 cetorum
1260 892 1435 1011 estssiioffi

209 990 636 1187 ‘³‘⁰‘'‘''¹’n⁰tii⁰fi{ti³{¹
661 988 964 1181 dissidii:
988 988 1292 1182 {issimis}
1314 996 1433 1167 hl}

205 1086 374 1271 Ιῑιίἓὶιιῗπῗ
396 1180 650 1279 aboriginibus
663 1180 754 1257 haud
769 1183 878 1277 longe
891 1201 1082 1273 remoram,
1100 1203 1305 1349 acceqserat,
1331 1187 1446 1263 libris
1481 1234 1485 1243 ·

210 1280 434 1353 stromatum
457 1277 639 1374 exposuit:
666 1276 759 1373 quod
786 1298 889 1369 quam
904 1276 1013 1373 longe
1038 1276 1338 1359 aCathoicoriim
1353 1283 1430 1355 Ro·

203 1394 398 1447 manorum
430 1372 535 1447 diuet
569 1372 834 1463 traditionibus,
875 1372 915 1446 in
947 1371 1066 1447 oculos
1096 1370 1254 1461 incurrit.
1302 1376 1348 1448 M
1375 1374 1433 1451 sti·

207 1492 289 1543 cam
315 1490 404 1542 vero
428 1468 559 1565 Script.
584 1472 618 1545 S.
643 1468 921 1564 explicationem
946 1470 1013 1543 hac
1031 1466 1322 1562 comprehensam
1343 1401 1372 1545 iY

206 1566 247 1639 se
274 1563 493 1655 traditione,
534 1565 609 1663 ipse
643 1564 773 1641 Strom.
798 1566 866 1639 Vl:
894 1585 952 1653 15.
984 1563 1117 1659 liquido
1142 1562 1314 1669 declarat,
1349 1565 1432 1659 ubi,

210 1684 295 1735 eam
315 1662 360 1735 ab
375 1660 557 1755 Apostolis
586 1658 763 1755 originem
786 1660 936 1748 habere,
962 1677 999 1733 et
1023 1678 1097 1733 turn
1124 1680 1202 1733 viva
1220 1684 1332 1751 voce,
1358 1682 1432 1740 tuin

212 1756 349 1849 Script.
374 1757 435 1845 S.,
458 1773 688 1853 propagatam
713 1754 803 1845 esse,
836 1777 975 1863 quoque
992 1752 1130 1831 adserit
1180 1756 1336 1833 Veteres
1363 1759 1433 1835 uti·

211 1875 287 1949 que
312 1848 398 1925 haec
421 1851 491 1923 duo
515 1851 630 1947 princi
661 1874 704 1925 ua
728 1873 748 1923 a
770 1852 807 1925 se
839 1854 999 1923 invicem
1023 1871 1094 1924 non
1120 1846 1341 1945 separarunt,
1374 1853 1434 1929 sed

210 1952 251 2023 se
275 1966 401 2022 mutuo
426 1943 593 2020 illustrare
669 1964 827 2020 tuerunt.
877 1944 938 2019 Sic
956 1947 1117 2021 Clemens
1141 1946 1233 2041 apud
1257 1948 1336 2024 Etis.
1363 1949 1432 2025 Vl:

212 2066 273 2138 13.
310 2042 348 2116 se
372 2039 539 2138 Magistri
574 2040 626 2116 sui
656 2040 823 2117 Pantaeiii
857 2039 1054 2137 exposuiffe
1086 2042 1217 2137 aaa&
1244 2045 1437 2145 tantidem

210 2150 264 2215 ul
297 2138 484 2237 aqueus
511 2136 722 2233 rspoſstioner
753 2140 995 2233 Scripturaram
1033 2157 1064 2211 et
1098 2143 1317 2231 traditiones,
1360 2144 1435 2219 sive

212 2236 401 2312 doarinae
432 2232 692 2330 intelligantur,
734 2231 806 2307 sive
830 2232 1142 2326 interpretationes
1166 2233 1299 2331 Script.
1324 2240 1382 2330 S.,
1412 2258 1433 2313 a

210 2332 410 2429 majoribus
432 2350 611 2425 acceptae.
652 2324 894 2403 Ecclesiastica
918 2350 1059 2424 quoque
1083 2326 1227 2404 traditio
1253 2349 1290 2404 et
1314 2332 1435 2431 Scrip-

210 2448 339 2517 turae,
365 2444 527 2534 tanquam
552 2423 688 2500 easdem
715 2444 771 2497 res
793 2424 1018 2520 complexae,
1051 2421 1145 2497 inter
1167 2424 1203 2497 se
1223 2448 1436 2525 comparau-

207 2542 269 2601 tur
312 2522 355 2597 in
383 2519 518 2595 eximio
546 2521 628 2593 loco
660 2519 770 2593 Clem.
795 2520 926 2594 Strom.
950 2518 1035 2593 Vll:
1064 2520 1212 2595 16.·ubi
1236 2522 1433 2623 descript.

207 2624 271 2711 S.,
312 2635 356 2693 ut
378 2615 463 2691 fidei
486 2614 593 2689 unico
613 2633 650 2687 et
668 2613 862 2689 sufficiente
877 2612 995 2711 princi
1022 2614 1080 2702 io,
1104 2616 1300 2691 luculenter
1321 2622 1435 2719 loqui·

214 2736 303 2806 tur,
337 2712 418 2803 sed,
448 2708 637 2786 Gnosticos
654 2708 690 2783 in
717 2732 860 2784 mcauos
883 2712 958 2808 ejus
996 2709 1095 2785 ensus
1114 2732 1180 2806 per
1206 2710 1435 2792 traditionem

211 2804 1435 2996 “mi-⁸²3³2,tdhhilhll‘ilsisliltristissimis

212 2933 290 3080 ”isso
314 2930 486 3074 rijiodtiain
517 2997 588 3072 sola
612 2995 788 3086 veritate,
825 3016 867 3068 ac
889 2924 1027 3088 antiqui
1054 2991 1205 3101 Ecclesia
1229 2994 1272 3068 sit
1295 2957 1434 3092 peiles-

217 3096 346 3172 aiffima
378 3092 552 3189 cognitio.
598 3091 767 3188 Denique
797 3112 873 3186 cap.
911 3111 968 3180 17.
1001 3086 1217 3164 catholicam
1245 3089 1435 3172 Ecclesiam

1361 1468 1429 1547 uis.-
1546 1528 1549 1537 Δ

212 3191 290 3268 esre
313 3189 503 3266 haereticis
526 3187 785 3284 antiquiorem,
829 3183 986 3280 adeoque
1010 3183 1076 3257 hos
1108 3185 1150 3260 ab
1181 3209 1223 3264 ea
1245 3189 1435 3283 recellille,
1578 3207 1584 3221 ·

212 3284 453 3375 demonstrat,
477 3302 515 3357 et
541 3282 588 3357 sic
614 3283 829 3371 averitate,
854 3288 942 3375 (piae
966 3278 1003 3352 in
1019 3277 1172 3353 Ecclesia
1190 3283 1328 3380 semper
1344 3285 1434 3378 suit,

213 3404 255 3459 et
279 3381 415 3458 mansit
459 3379 565 3477 ‘Quae
589 3375 641 3450 est
657 3375 815 3473 ipsissima
839 3377 992 3464 traditio,
1016 3373 1147 3471 quippe
1165 3380 1352 3456 veritatem
1373 3383 1433 3460 do-

217 3499 367 3568 notans,
392 3495 430 3550 et
446 3498 565 3548 veram
582 3474 659 3547 Scri
687 3492 711 3547 t.
737 3473 772 3548 S.
797 3469 1130 3565 interpretationem
1146 3494 1212 3567 per
1227 3499 1348 3550 manus
1365 3496 1433 3554 tra·

212 3573 350 3662 diram,
376 3590 414 3646 et
431 3569 478 3644 sic
493 3569 531 3643 in
547 3497 700 3642 Ecclesia
715 3566 851 3664 semper
864 3567 1032 3638 eandem:
1056 3589 1151 3661 aqua
1166 3569 1224 3732 qui
1241 3571 1435 3650 deflerim:

215 3669 375 3744 Ecclesia
405 3665 607 3753 catholica,
653 3663 820 3736 nuncium
860 3660 1090 3735 censebantur
1123 3661 1171 3732 ini
1187 3663 1247 3736 ille
1279 3665 1433 3743 veritati.
1589 3691 1600 3750 J

266 3764 300 3864 §.
324 3764 408 3837 LV.
440 3765 482 3836 lu
508 3761 603 3834 idern
627 3754 766 3856 prorsus
788 3756 963 3850 conspirat
988 3753 1241 3848 Tertullianus,
1265 3759 1350 3834 licet
1363 3763 1436 3859 jain

215 3856 466 3947 Montanista;
506 3853 576 3928 fuit
606 3853 705 3928 enirn
738 3849 965 3926 Montanillis
1009 3849 1075 3922 hac
1109 3872 1209 3946 parte
1239 3857 1329 3932 nulla
1354 3881 1436 3932 cum

220 3953 423 4030 Catholicis
445 3947 695 4027 controversia.
742 3945 915 4020 Adfirmat
962 3941 1078 4018 uidem
1102 3947 1315 4042 Apollinaris
1344 3951 1436 4028 Hie·
1472 3959 1474 3964 ’

220 4049 459 4146 rapolitanus,
483 4041 575 4142 apud
599 4045 678 4119 Eus.
703 4043 754 4117 H.
779 4043 829 4116 V:
857 4048 913 4116 16.
986 4060 1150 4114 oritanum
1174 4067 1255 4117 noia
1277 4063 1314 4119 et
1338 4049 1460 4119 §miv

219 4149 317 4240 dita,
336 4160 470 4242 praeto
490 4163 628 4236 morem,
652 4135 819 4235 Ecthfiae
844 4160 866 4208 a
888 4139 1066 4234 majoribus
1089 4139 1265 4228 traditum,
1289 4144 1441 4232 continua

786 4233 920 4328 Eeeg
964 4239 968 4246 “
1244 4228 1444 4340 sutcrffloiie
