3609 5500
665 707 774 787 &cut
796 701 851 782 ΙΙ.
973 713 979 724 ·
1102 731 1110 747 2
1295 719 1375 806 385

180 877 228 956 bill
247 871 404 960 illotloco
425 885 469 964 ad
492 883 624 964 Philad.
650 885 682 988 l.
709 893 743 968 8.
767 884 828 986 qui
853 907 898 960 eo
915 882 981 960 fini
996 882 1116 983 pamm
1132 883 1236 964 citari
1251 886 1361 981 solet,

178 974 211 1050 de
251 1003 293 1054 uo
315 983 415 1077 paulo
445 984 557 1080 fufius
572 986 639 1070 liae
665 985 849 1060 occasione
867 982 1048 1072 differam,
1075 1001 1115 1058 ut
1136 1008 1260 1059 verum
1283 986 1361 1081 ejus

176 1001 366 1149 intelletlum
393 1082 546 1172 tradam,
586 1105 667 1155 cum
695 1080 736 1154 srt
764 1098 911 1155 vexatus
944 1077 1151 1169 admodum,
1192 1099 1230 1153 et
1254 1084 1370 1156 variis
1516 1111 1520 1118 ·

176 1171 446 1264 explicationibus
473 1197 637 1252 tentatus.
686 1181 775 1252 Cum
798 1173 919 1249 fideles
943 1173 1171 1260 obsecraffet,
1187 1193 1243 1280 ¹ut
1268 1178 1358 1254 nihil

176 1282 227 1358 per
246 1269 511 1350 contentionem
537 1273 689 1364 faciant,
715 1274 772 1346 sed
788 1273 968 1367 secundum
996 1268 1114 1364 consti
1136 1273 1379 1364 aucipastam,

175 1361 204 1432 in
224 1359 303 1436 haec
324 1368 432 1440 verba
452 1369 548 1466 loqui
570 1371 705 1466 pergit:
724 1369 978 1472 quanploput'o'em
1002 1369 1114 1441 audivi
1139 1367 1289 1460 quosdam
1310 1369 1359 1440 o·-

175 1471 280 1547 tentet,
300 1457 335 1532 ll·
359 1463 407 1534 ieie
430 1465 475 1560 pul
496 1479 523 1540 tv
547 1486 605 1543 τοῖς
622 1475 760 1564 &exaltu
783 1467 815 1536 ’ἐν
834 1497 874 1552 u,
899 1474 927 1538 lt
948 1471 990 1558 τᾷ
1011 1470 1184 1559 luaeyyenlp
1209 1469 1228 1538 ai
1251 1464 1369 1548 πιςίῦιι,

175 1548 223 1641 nist
241 1556 270 1625 t'n
293 1562 430 1654 antiquis
454 1567 622 1654 invenero,
648 1589 708 1636 nort
736 1476 831 1642 creati
850 1564 1037 1654 strangalio,
1065 1576 1098 1632 et
1121 1565 1241 1634 dicenti
1262 1565 1382 1670 milei„

172 1645 200 1718 tlt
220 1654 378 1748 yiypaalat
391 1657 557 1754 scriptum
572 1657 637 1755 ast,
664 1659 887 1756 responderant
911 1660 1008 1745 milti,
1031 1655 1067 1730 e'lr
1090 1657 1243 1754 agitaretis
1262 1676 1361 1751 prae·

170 1745 266 1837 jacet,
288 1753 341 1830 vel
361 1755 477 1846 palam
501 1773 534 1828 et
555 1759 761 1849 publicatum
780 1751 915 1851 prttstut.
968 1754 1087 1828 Variis
1113 1757 1182 1828 loci
1206 1754 1360 1833 difficilis

174 1841 444 1934 explicationibus
467 1851 528 1924 suo
553 1850 684 1925 relictis
709 1851 809 1940 loco,
844 1870 883 1923 ut
907 1871 1050 1923 omnem
1076 1850 1189 1924 vitem
1240 1851 1361 1927 rolixi·

174 1951 284 2026 tatem,
313 1966 448 2035 meam,
473 1971 577 2044 quam
602 1969 696 2020 nunc
729 1945 860 2035 foveo,
900 1945 945 2018 iis
973 1945 1143 2020 addidiffe
1167 1875 1384 2024 suffecerit.⁴

173 2028 360 2112 Christianos
375 2041 621 2136 Judaizantes,
647 2042 707 2140 qui
732 2065 803 2115 non
821 2063 968 2138 purum,
993 2040 1050 2115 sed
1074 2064 1154 2116 cum
1180 2043 1212 2116 le
1238 2045 1359 2120 eMo·

175 2121 213 2198 su
232 2129 462 2227 conjunctum,
497 2138 715 2238 euangelium
738 2137 898 2213 obtinere
926 2136 1055 2210 debere
1079 2065 1362 2246 contenffebanm

175 2221 273 2316 quales
296 2249 330 2301 et
350 2251 456 2306 antea
483 2234 647 2324 fuerunt,
671 2253 710 2310 et
734 2255 828 2308 nunc
852 2249 972 2322 erant,
997 2255 1140 2308 nomine
1162 2233 1364 2310 Nazaraeo-

174 2338 238 2392 tum
256 2345 293 2397 ac
313 2325 556 2405 Ebionitarum
580 2331 682 2422 noti,
707 2327 849 2427 Ignatio
872 2326 973 2401 soille
996 2327 1034 2400 in
1061 2329 1193 2419 oeulis,
1219 2331 1282 2405 vix
1298 2331 1369 2408 du·-

174 2411 346 2498 bitaverim.
397 2427 643 2523 Praeterquam
667 2425 785 2516 enim,
809 2425 902 2522 quod
927 2447 972 2497 ex
997 2422 1064 2499 hac
1087 2423 1275 2523 hypotheli
1298 2451 1362 2526 pe·

174 2507 277 2608 ricopa
298 2511 437 2595 facilem
460 2521 623 2597 admittat
648 2521 882 2618 explicatum,
908 2525 1014 2595 unice
1039 2544 1182 2610 verum,
1206 2523 1365 2617 Ignatius

176 2601 236 2698 lpse
260 2633 316 2686 eos
340 2637 378 2691 et
410 2617 449 2690 in
481 2618 548 2692 hac
580 2641 636 2716 ep.
669 2616 700 2716 l.
727 2624 761 2693 ό.
796 2637 834 2691 et
866 2616 976 2692 inea
1006 2615 1048 2690 ad
1074 2619 1234 2726 Magnes.
1266 2619 1298 2718 l.
1324 2629 1362 2702 8.

174 2699 255 2799 clare¹
269 2727 303 2781 et
326 2712 487 2811 exprelle
513 2713 720 2814 defignnvit.
767 2713 847 2788 Hos
863 2736 952 2789 vero
977 2713 1141 2789 homines
1167 2717 1365 2790 introducit

174 2794 332 2891 loquentes
356 2810 414 2884 his
437 2810 575 2885 verbis:
599 2810 662 2903 nist
685 2815 720 2883 in
742 2812 888 2906 antiquis
913 2815 1061 2885 invenero
1087 2808 1241 2908 (scilicet
1263 2836 1364 2885 euan-

170 2895 291 2990 gelium,
320 2906 416 3001 quod
439 2904 585 2981 omnino
609 2904 838 3003 supplendum
871 2903 944 2994 est,
977 2904 1064 2977 sicut
1086 2901 1233 3001 epistola
1253 2904 1363 2979 inter·

174 2990 273 3097 Polum
292 3020 429 3098 quoquc
451 2999 575 3101 habet)
611 3000 777 3097 euangelio
807 3022 868 3073 non
893 2974 1006 3107 ereio)
1049 2998 1085 3072 h.
1110 3022 1143 3073 e.
1168 2996 1233 3076 nili
1255 3016 1364 3075 euan-

174 3084 287 3257 llll
307 3096 499 3267 ‘llll’
516 3093 1365 3288 tlmilleal‘llqllfftmilollllgallfflnllll!

173 3242 376 3377 unsilia,
403 3217 537 3367 scilliZuet
564 3219 690 3387 piorum
717 3217 755 3365 ept
779 3249 931 3378 nudum,
964 3216 1106 3382 anitquis
1129 3243 1196 3359 illis
1217 3289 1363 3365 abolitis.

174 3366 227 3443 Per
242 3374 276 3447 la
296 3383 549 3486 appenninum
568 3390 663 3462 enim
688 3409 771 3462 vera
795 3383 846 3459 est
868 3385 996 3475 lollio,
1021 3401 1059 3457 et
1083 3406 1154 3455 non
1179 3386 1294 3491 fialae
1309 3410 1367 3461 at-

175 3464 270 3571 fll'la,
305 3503 452 3575 quorum
475 3484 535 3557 hic
557 3486 668 3561 nullus
693 3481 745 3557 est
768 3482 888 3572 lucus,
925 3506 992 3555 nee
1019 3478 1208 3553 tolerabilis
1232 3480 1366 3577 sensus)

174 3568 358 3669 intelligunt
381 3597 419 3651 et
444 3577 570 3667 libros,
603 3601 641 3655 et
667 3578 821 3653 instituta
848 3579 957 3673 legis,
990 3576 1024 3649 lul
1050 3578 1083 3664 ἔξ
1105 3584 1201 3675 ἀρχῆ,
1223 3583 1369 3687 ragele·

175 3660 272 3750 lruua
295 3677 336 3745 ab
362 3678 454 3747 initio
478 3680 622 3765 tradita,
647 3676 698 3748 uti
726 3674 877 3769 exponit
903 3673 1121 3768 Hesychius,
1145 3674 1251 3747 Paulo
1275 3674 1369 3751 dicta

182 3758 331 3859 ἆᾶςχατι
353 3776 486 3867 antiqua
500 3794 531 3845 o
549 3776 630 3847 Cor.
659 3772 708 3846 V:
737 3792 814 3865 17„
840 3767 1075 3866 licut'dpxom
1090 3774 1224 3878 antuus·
1245 3788 1371 3847 verme

177 3874 295 3952 quoque
311 3886 501 3954 vocantur,
528 3866 662 3942 Matth.
690 3867 762 3956 V.‚
788 3863 914 3961 quibus
927 3864 1115 3963 decalogus
1131 3865 1200 3941 furt
1214 3870 1369 3964 promul·

176 3967 276 4041 gatus:
301 3982 346 4033 ne
362 3962 457 4057 plura
483 3960 521 4035 in
543 3986 581 4036 re
598 3961 692 4039 facili
712 3961 902 4061 proferam.
950 3962 1147 4060 Oppouunt
1174 3962 1292 4059 itaque
1306 3987 1368 4036 eu·

177 4050 349 4146 angelium,
373 4058 409 4131 in
434 4057 585 4155 antiquis
608 4058 852 4158 propositum,
876 4056 939 4131 seu
964 4058 1096 4157 legale,
1132 4080 1251 4145 novo,
1275 4056 1373 4131 nudo

178 4155 205 4209 et
217 4153 538 4323 Tpuroffloliusque
565 4156 721 4255 gratiae,
741 4173 799 4325 cet
827 4152 892 4233 nifi
917 4154 999 4249 ilua
1026 4154 1145 4232 locum
1170 4149 1374 4321 teneambse

243 4264 297 4321 tm.
382 4305 392 4325 .
779 4270 831 4327 cc
1336 4268 1374 4334 06
