3609 5500
168 633 248 674 N

709 687 817 780 teca.
842 691 920 798 11!ss
1152 678 1156 807 s
1356 691 1429 807 'th

93 945 99 975 ,
191 871 417 992 provinciae
439 880 525 958 urbe
552 879 750 982 Presbyter.
802 874 965 958 Tradunt
991 895 1100 979 porro
1122 877 1236 972 Attr,
1260 896 1342 956 eum
1367 881 1422 957 su·

93 982 100 1072 J
190 979 260 1054 ille
289 983 448 1070 servum,
483 977 541 1052 sed
565 1003 585 1054 a
612 979 828 1053 Terebinthi
851 981 958 1054 vidua
982 995 1138 1069 emtum,
1169 1001 1211 1051 ae
1237 977 1425 1052 manumis·
1550 985 1553 989 ’

93 1081 97 1158 ἶ
189 1075 285 1150 sum.
313 1147 316 1152 ,
339 1076 445 1174 Quod
469 1075 656 1172 scriptores
682 1077 870 1150 orientales
896 1099 967 1148 non
995 1093 1129 1146 tantum
1156 1073 1277 1162 silent,
1304 1075 1426 1150 sedet

93 1185 97 1258 ζ
186 1159 279 1248 inde
309 1175 503 1259 refutatur,
529 1174 643 1267 quod,
669 1171 755 1245 telle
781 1169 1004 1244 Shurestanio
1029 1171 1120 1265 apud
1142 1170 1296 1243 Pocock.
1326 1169 1423 1247 Hist,

93 1279 99 1356 ζ
190 1270 333 1355 Arab.,
367 1267 478 1340 suerit
495 1259 635 1364 origiue
652 1270 800 1366 Magus,
834 1268 993 1363 adeoque
1011 1266 1140 1340 nobilis
1160 1265 1322 1362 originis.
1358 1265 1426 1340 Vi·

93 1383 99 1452 ζ
190 1363 264 1439 dua
281 1384 443 1452 mortua,
469 1363 544 1458 ejus
560 1387 605 1451 en
629 1363 697 1459 alse
723 1369 847 1437 haeres
871 1363 1001 1451 laetus,
1027 1361 1211 1457 adoptavit
1235 1359 1424 1444 secuudum

187 1457 310 1548 Atta,
339 1468 470 1532 nomen
494 1461 664 1534 Muneris:
700 1480 875 1556 quocum
894 1461 988 1557 ferri
1012 1460 1103 1553 apud
1130 1459 1284 1531 Graecos
1307 1453 1425 1553 adpel-

93 1574 99 1644 ζ
184 1557 253 1631 lati
275 1553 434 1641 suerint,
462 1575 499 1628 ut
526 1575 568 1628 ex
587 1553 651 1646 iis,
676 1577 764 1652 quae
781 1555 920 1630 Fabric.
947 1555 1036 1628 Bibl.
1063 1557 1128 1628 Gr.
1150 1554 1174 1626 l.
1202 1554 1249 1625 V.
1276 1553 1424 1644 adtulit,

94 1673 98 1740 ζ
190 1673 237 1728 ac
267 1650 439 1724 Gataker.
467 1651 574 1726 Misc.
598 1671 631 1725 c.
659 1673 716 1746 35.
743 1651 897 1742 constat,
929 1651 1014 1748 quin
1038 1651 1118 1723 ansa
1130 1647 1327 1746 servitutem
1357 1649 1425 1747 ipsi

93 1747 97 1842 3
188 1744 405 1843 obsignandi
439 1747 523 1820 inde
551 1764 629 1820 nata
661 1747 772 1822 suerit
797 1747 960 1834 Graecis,
1004 1745 1066 1818 vix
1099 1745 1243 1820 dubium
1271 1745 1424 1824 viderur.

93 1863 100 1878 ‘
192 1841 383 1940 §siquid
407 1864 536 1915 nornen
564 1840 648 1915 illud
680 1842 874 1941 significet,
915 1861 954 1915 et
977 1864 1083 1940 quare
1113 1864 1162 1914 eo
1186 1839 1296 1914 suerit
1320 1841 1426 1939 insig‚

93 1958 99 2032 j
192 1939 316 2027 nitus,
348 1959 417 2010 non
435 1938 606 2011 convenit
623 1937 716 2012 inter
734 1941 888 2029 Doclos,
914 1961 1062 2032 quorum
1086 1935 1206 2011 variae
1231 1936 1312 2012 sunt
1334 1960 1424 2012 cons

93 2037 99 2070 ²·
191 2035 366 2132 jeslurae.
418 2033 537 2123 Mihi,
568 2035 662 2130 quod
687 2032 827 2109 Ullerio
850 2058 891 2109 ac
921 2032 1101 2110 Gatalrero
1126 2032 1344 2125 lanulfum,
1370 2033 1430 2109 uio¹

94 2123 97 2134 ’
198 2133 254 2206 hrl
287 2129 447 2228 occurrit
471 2129 704 2225 probabilius,
739 2153 841 2227 quam
864 2132 908 2204 ab
931 2131 1044 2220 Hebr.
1068 2132 1176 2205 nato
1197 2129 1429 2225 repetendum
1487 2173 1491 2184 ι

194 2228 270 2302 ell'e
295 2227 472 2312 Muneris,
497 2244 535 2298 et
563 2227 757 2300 Manichaei
785 2249 936 2312 nomen,
961 2219 1225 2320 ac‘porocletum
1252 2224 1427 2320 significa·

93 2353 96 2462 ἓ
194 2322 864 2491 ‘intllthltlrr‘hallhll
894 2321 1100 2512 ‘’33¹³‘le
1122 2319 1428 2495 lllffislss

93 2515 98 2561 ἰ
196 2443 275 2590 ξος
300 2533 431 2586 nomen
456 2511 597 2601 demum
620 2511 758 2586 dicatur
785 2513 945 2588 sumtiffe.
996 2514 1079 2587 Fuit
1108 2531 1227 2588 autem
1251 2512 1334 2586 illud
1360 2535 1430 2589 nor

94 2605 98 2652 ³
198 2633 287 2688 men
316 2609 410 2682 inter
432 2607 632 2681 Orientales
663 2609 892 2698 honorabile,
925 2607 1023 2707 Syris
1044 2627 1082 2682 et
1108 2609 1283 2684 Arabibus
1311 2606 1427 2706 Regi

94 2780 96 2788 .
196 2711 265 2786 bus
293 2703 485 2875 familiarest,
527 2703 636 2779 etiarn
663 2703 878 2780 Patriarchis
911 2725 951 2781 et
972 2705 1161 2805 Episcopis
1187 2705 1227 2779 in
1245 2703 1423 2787 ostentes

93 2820 95 2847 ³
225 2806 252 2878 ι’
284 2822 407 2875 norum
424 2824 451 2873 e
484 2858 493 2875 .
1411 2851 1418 2873 ,

197 2828 279 2999 lui.
306 2900 398 2972 CXI.
435 2897 618 2993 Tempore
643 2894 876 2986 internecio,
902 2895 1073 2995 usquead
1098 2897 1278 3006 vulgatam
1300 2894 1425 2975 haere.-

198 2996 276 3085 sin,
302 2994 437 3089 qualem
456 2992 526 3065 sese
540 2990 774 3089 praestiterit,
800 2991 932 3091 quidve
948 2994 1084 3092 egerit,
1109 2993 1428 3091 scriptoresGrae·

197 3095 236 3167 ci
264 3108 304 3163 et
329 3085 448 3160 Latini
471 3087 580 3163 srlent.
630 3088 722 3163 Acta
752 3088 917 3162 Archelai
954 3107 1090 3164 motum
1116 3089 1269 3179 babent,
1310 3088 1428 3185 ipsun

199 3186 241 3263 in
265 3190 343 3259 urhe
365 3187 457 3279 regia
483 3182 657 3259 Persarum
683 3180 851 3259 habitasse
883 3180 975 3355 φο
997 3186 1175 3274 Seleucia,
1216 3186 1289 3261 sive
1312 3184 1423 3266 Ctelie
1494 3206 1500 3219 ‘

230 3282 327 3371 hon,
353 3279 586 3379 intelligatur,
618 3278 796 3376 inquibus
814 3278 892 3354 Part
920 3281 954 3369 i,
979 3300 1018 3355 et
1042 3280 1126 3354 dein
1152 3281 1295 3373 Persae,
1320 3304 1427 3381 reges

198 3304 361 3478 iyberna
386 3376 541 3461 solebant
573 3374 697 3475 agere)
723 3393 757 3449 et
778 3375 883 3473 susse
909 3379 1088 3465 eruditrmr,
1111 3374 1289 3473 secundum
1311 3380 1428 3457 roari-

199 3496 415 3647 lishffl‘
434 3471 1164 3663 ''shl'hlss‘shhlm‘cllhlh
1180 3476 1431 3647 illesis
1507 3506 1510 3509 ’

202 3623 423 3747 Orientalei,
465 3664 524 3771 qui
549 3660 726 3735 deseslum
753 3664 849 3737 illum
883 3662 1056 3761 supplent.
1107 3594 1327 3737 Confirniaut
1351 3686 1427 3741 oon

194 3778 342 3836 tautum
373 3757 448 3851 ejus
470 3780 508 3830 ιιι
531 3756 629 3831 omni
662 3758 737 3830 sere
763 3757 985 3833 scientiarum
1010 3780 1143 3855 genere
1166 3756 1427 3853 eruditionem,

196 3856 296 3934 adeo
318 3874 358 3928 ut
384 3872 524 3951 praeter
554 3854 709 3949 linguam
734 3852 854 3929 Chald.
881 3856 1103 3930 vernaculam
1135 3876 1180 3951 qu
1229 3878 1274 3929 ue
1300 3854 1427 3930 callue-

202 3956 253 4027 rit
280 3952 470 4037 Graecam,
509 3972 587 4025 nam
616 3948 811 4040 transtulit,
852 3973 891 4025 ut
912 3952 984 4047 ipsa
1009 3951 1208 4025 traduntrl
1246 3974 1284 4037 a,
1322 3952 1432 4032 libros

203 4046 413 4145 scythiani,
441 4046 579 4121 Graece
594 4042 764 4144 scriptos,
791 4046 878 4123 teste
895 4049 1048 4139 Photio,
1075 4049 1097 4123 l.
1119 4068 1152 4121 c.
1177 4046 1237 4121 lib.
1255 4048 1286 4121 1.
1311 4068 1343 4122 c.
1365 4070 1425 4127 aa.

190 4158 344 4243 'maguus
360 4166 500 4251 quoque
513 4142 627 4223 suerit
643 4141 814 4232 musscus,
837 4143 980 4241 pistor,
1004 4164 1045 4222 et
1058 4140 1349 4228 mathematicus,
1371 4142 1424 4229 as·

733 4240 911 4341 Xxx13
1269 4238 1431 4339 teologus
