3609 5500
231 432 1634 707 -Ι

286 1127 490 1239 v-v11.,
514 1125 665 1203 omnino
681 1126 728 1204 ab·
742 1150 784 1204 en
813 1128 867 1205 est
882 1128 1168 1230 distinguendur,
1194 1153 1264 1211 nee
1281 1132 1409 1210 eodem
1425 1061 1516 1211 tetf-

285 1244 373 1325 pore
397 1230 566 1314 hobitum
605 1226 704 1300 secut
725 1247 768 1299 ac
802 1228 911 1325 vulgo
947 1247 1100 1324 putatur.
1150 1231 1287 1328 Utique
1311 1231 1373 1304 hic
1399 1231 1516 1305 sermo

286 1323 541 1421 pronunciatus
562 1320 636 1411 est,
683 1343 715 1396 r.
740 1322 778 1397 in
804 1324 886 1397 ioco
911 1322 1118 1421 campestri,
1159 1324 1198 1399 in
1224 1350 1329 1424 quem
1357 1325 1516 1401 Christus

287 1424 328 1493 de
349 1441 484 1494 monte
502 1417 753 1508 descenderat,
785 1420 872 1493 Luc.
898 1420 967 1494 Vr:
998 1443 1054 1516 13.
1079 1422 1168 1494 aiter
1192 1421 1231 1498 in
1256 1443 1378 1497 monte
1402 1423 1514 1497 Mart.

284 1516 335 1593 V:
362 1539 395 1592 r.
441 1540 475 1591 n„
501 1514 563 1586 hic
590 1511 789 1610 adloquitur
817 1515 896 1588 suot
920 1514 1119 1613 apostolor,
1152 1540 1343 1615 eorumque
1369 1514 1513 1607 hoster,

286 1614 342 1688 sed
370 1612 425 1686 ibi
450 1610 558 1684 tertia
582 1596 731 1707 persona
756 1608 890 1699 utitur,
922 1610 1034 1687 etde
1067 1612 1225 1687 hostibus
1258 1614 1356 1703 suet,
1392 1635 1425 1709 3.
1451 1612 1514 1689 hic

290 1708 414 1795 esurire
446 1727 485 1785 ct
511 1710 623 1802 lugere
658 1704 702 1779 od
734 1726 918 1782 externam
952 1706 1105 1781 refertur
1141 1709 1410 1798 conditionem,
1451 1708 1512 1787 sed

284 1805 354 1880 iure
375 1802 424 1878 ad
446 1802 559 1878 animi
585 1803 780 1898 qualitates
795 1804 963 1892 morales,
1005 1825 1110 1900 quare
1137 1827 1194 1878 ex.
1228 1828 1281 1901 gr.
1308 1807 1369 1881 hic
1387 1825 1512 1904 paupe·

285 1926 359 1989 rer,
384 1900 441 1975 ibi
462 1920 625 1995 pauperet:
637 1897 784 1994 spirim,
819 1898 1049 1994 adpellantur.
1096 1922 1131 1990 4.
1156 1900 1337 1977 Nonnulla
1364 1903 1425 1976 hic
1450 1904 1513 1978 ali·

286 2016 341 2071 tet
364 1994 619 2095 proferunmr,
661 1995 768 2091 longe
794 1994 968 2094 plurima,
1010 1992 1301 2086 immemorata,
1334 1995 1395 2070 hic
1423 2000 1511 2073 reti·
1560 2046 1565 2056 ·

295 2113 434 2167 centur:
461 2110 503 2165 ut
520 2091 592 2164 sola
618 2088 724 2163 rectio
748 2089 909 2186 quemvis
934 2091 1066 2165 docere
1089 2088 1218 2187 potest.
1267 2114 1302 2183 5,
1326 2092 1510 2186 Additur,

288 2190 374 2264 hanc
397 2184 637 2275 concionem,
673 2182 768 2259 orte
786 2186 906 2276 Luca,
938 2188 1094 2261 habitam
1121 2185 1191 2260 effe
1228 2212 1325 2262 anno
1342 2187 1510 2285 secundo,

288 2286 399 2373 iihrn,
424 2281 596 2378 utsupra
624 2280 768 2373 notavi,
811 2305 906 2357 anno
929 2285 1034 2380 primo
1108 2281 1192 2356 biici
1216 2281 1348 2357 Christi
1384 2307 1509 2360 mune·

288 2386 341 2457 rit
391 2379 477 2479 Qua
491 2378 632 2453 ratione
647 2379 754 2452 Matr„
781 2395 821 2452 et
835 2378 924 2454 Luc.
951 2377 1055 2453 conci
1070 2377 1165 2452 iundi
1183 2376 1269 2469 srnt,
1318 2379 1407 2453 uoad
1424 2401 1511 2455 con·
1599 2455 1601 2460 ,

286 2477 401 2556 tionis
428 2472 701 2571 consequentia,
724 2496 811 2548 mox
835 2474 992 2564 tradam,
1019 2473 1203 2571 postquam
1231 2498 1277 2548 ex
1349 2498 1417 2551 arc.
1444 2478 1512 2556 111:

235 2605 241 2609 ·
290 2600 402 2652 ro·-
425 2592 619 2658 monuero,
653 2567 748 2643 inter
771 2568 848 2657 ilia,
874 2594 964 2667 quae
991 2572 1085 2667 apud
1109 2572 1231 2668 Matr.>
1247 2588 1285 2643 et
1308 2572 1395 2646 Luc.
1422 2594 1508 2647 con

286 2669 497 2755 nectuntur,
537 2664 765 2740 interceffiffe
797 2668 980 2756 nonnulla,
1022 2689 1110 2765 quae
1143 2667 1227 2739 domi
1253 2667 1509 2762 peramarunt

287 2769 342 2842 Ex
371 2769 507 2840 Marco
531 2763 630 2837 enim
655 2762 835 2852 discimus,
862 2763 1058 2850 Christum,
1085 2764 1157 2837 hoc
1181 2761 1339 2838 sermone
1362 2766 1509 2858 habito,

288 2870 411 2937 domun
437 2857 596 2955 petiisse,
631 2876 669 2931 et
694 2857 764 2948 ibi,
796 2881 1011 2956 cougregrtn
1035 2858 1261 2933 multitudine
1284 2881 1366 2934 ante
1392 2862 1506 2953 fores,

290 2960 386 3034 iuter
401 2957 473 3030 alio
491 2953 655 3028 refutasse
671 2953 859 3029 calumnias
882 2955 1144 3030 Pharisaeorum
1170 2972 1309 3030 atroces
1331 2957 1506 3053 conspira-

286 3057 400 3129 tionis
419 3075 503 3126 tum
519 3050 680 3147 principe
705 3053 948 3137 Daemonium,
974 3053 1056 3126 dein
1077 3069 1226 3125 amatre
1253 3070 1289 3124 et
1317 3053 1505 3144 fratribus,

294 3151 384 3245 qui,
402 3147 495 3218 sumu
506 3149 548 3219 de
563 3143 697 3219 Christo
715 3167 813 3219 extra
830 3145 865 3216 se
882 3167 1004 3238 rapto,
1024 3164 1062 3218 et
1078 3144 1283 3228 defecturo,
1301 3146 1432 3238 sparsa,
1453 3151 1509 3222 uti

291 3248 414 3320 Marc.
433 3242 500 3313 111:
517 3263 571 3315 21.
589 3239 743 3338 expresse
761 3231 911 3328 dicitur,
929 3261 974 3311 eo
991 3255 1180 3325 venerant,
1199 3256 1239 3310 ut
1256 3238 1339 3312 inde
1356 3239 1508 3314 deduce·

289 3359 373 3416 rent
383 3335 573 3425 Christum,
594 3336 805 3433 quaesitum,
824 3333 1060 3431 respondisse,
1082 3333 1117 3409 se
1132 3358 1198 3431 pro
1208 3355 1319 3408 matre
1335 3355 1372 3410 et
1388 3336 1507 3413 fratri·

291 3443 354 3516 bus
376 3436 475 3511 veris
496 3433 683 3533 agnoscere
700 3457 761 3506 eos
789 3449 945 3520 tantum,
970 3433 1028 3529 qui
1044 3435 1242 3506 uoluntatem
1265 3433 1330 3506 Dei
1342 3432 1512 3528 feceriut.¹

335 3533 367 3633 s.
394 3531 509 3606 XLII.
537 3529 648 3604 Hisce
672 3527 842 3625 peractis,
870 3532 1146 3624 Capernaumum
1173 3527 1207 3600 se
1234 3531 1408 3621 contulit3
1443 3535 1506 3609 ubi

292 3625 485 3707 ministrum
502 3624 728 3722 Centurionis
755 3624 1001 3722 paralyticum,
1027 3625 1070 3698 ad
1097 3626 1171 3720 ejus
1186 3622 1420 3720 petitionem,
1447 3632 1507 3705 ab·

293 3729 367 3804 seor
401 3744 439 3798 et
471 3724 582 3797 verbo
615 3721 767 3809 sanavit,
806 3717 1031 3818 posteaquam
1059 3720 1097 3793 in
1133 3717 1192 3792 via
1227 3723 1506 3817 Caperoaumum

293 3849 319 3922 p
403 3821 468 3895 sset
491 3816 686 3915 leprosum,
719 3818 828 3890 Matr.
862 3816 968 3893 VHI.
993 3835 1030 3889 et
1054 3817 1141 3888 Luc.
1177 3813 1265 3889 VII.
1316 3821 1508 3900 Conuenit

318 3920 352 3994 ui
377 3941 434 3991 em
453 3917 564 3989 Matr.
589 3913 671 3987 iliud
697 3937 777 3988 cum
803 3912 969 3987 descensu
986 3909 1137 3999 Christi,
1161 3908 1282 3986 habita
1309 3914 1507 4014 concione,

295 3946 338 4091 gc
361 4030 507 4101 monte3
529 4009 591 4085 sed
614 4033 685 4083 non
721 4008 859 4083 necess‘e
883 4006 955 4098 est,
987 4025 1027 4082 ut
1052 4005 1134 4083 iilud
1160 4004 1204 4079 de
1232 4007 1425 4086 immediato
1450 4040 1508 4090 car

294 4113 408 4210 piatur
434 4126 551 4195 nexu,
576 4128 655 4180 cum
679 4106 773 4181 stilus
798 4103 1114 4200 Euangelisturum,
1140 4102 1194 4176 uti
1217 4103 1316 4205 supra
1343 4107 1512 4187 infiiston

299 4211 347 4282 ria
361 4203 561 4282 nativitatis
579 4202 706 4277 Christi
727 4201 769 4277 ad
787 4202 873 4276 Luc.
899 4203 946 4278 ΙΙ.
974 4225 1029 4298 39.
1057 4201 1260 4292 observavi,
1285 4203 1509 4284 latitudinem

302 4305 472 4390 admittat,
508 4322 577 4372 nec
609 4297 721 4397 aliqua
745 4296 956 4373 intermedia
976 4298 1147 4374 excludat.
1199 4299 1385 4373 Praeterea
1406 4301 1509 4384 socru

302 4402 393 4478 Petri
417 4424 437 4477 a
463 4395 559 4474 febri
582 4395 746 4493 liberata,
779 4412 818 4471 et
844 4393 1080 4566 dpemoniatir
1106 4393 1225 4472 multis
1249 4394 1513 4578 sororiufppo-

908 4516 931 4569 2
1415 4515 1434 4570 e
1473 4521 1518 4583 up
