3609 5500
274 871 351 1032 460¹
546 937 550 946 '
673 909 819 1035 inflatia
843 930 975 1033 Eccles.
1004 920 1115 1025 Ouili.
1448 896 1453 905 Ι

281 1110 641 1194 Romano-Catholici
669 1114 925 1204 contendunt.
951 1113 1011 1190 sed
1031 1135 1101 1212 pet
1126 1121 1250 1211 precer
1273 1130 1310 1190 et
1334 1112 1501 1208 benedio7

283 1226 420 1301 nones,
479 1210 531 1284 uti
559 1209 679 1300 mustis
709 1209 964 1286 demonstravit
989 1212 1146 1285 Dalheus
1176 1210 1221 1284 de
1244 1210 1405 1286 Cultibua
1435 1212 1505 1302 Laff

284 1304 350 1388 tin.
383 1306 405 1380 1.
432 1306 497 1383 111.
532 1325 569 1380 et
594 1305 734 1382 Pfaffius
765 1309 804 1381 in
828 1306 917 1400 Dia.
948 1307 994 1381 de
1016 1305 1250 1402 consecratione
1274 1307 1357 1380 Vct.
1382 1306 1506 1380 walta-

283 1401 418 1500 ostica,
452 1403 495 1477 ad
512 1404 644 1478 calcem
661 1404 846 1501 fragment.
879 1402 1029 1477 irenaei.
1079 1402 1259 1476 Proferam
1283 1402 1372 1477 clara
1398 1401 1512 1497 hujua

153 1513 155 1517 '
283 1498 354 1576 sec.
380 1496 589 1573 testimonia.
637 1498 724 1604 Jush.
750 1502 861 1572 Mart.
885 1498 908 1572 1.
933 1520 965 1573 c.
988 1497 1116 1572 diserte
1134 1497 1261 1587 tradit,
1284 1496 1509 1591 Praesidem,

282 1611 413 1687 occepta
424 1613 508 1688 pane
532 1612 568 1667 at
583 1599 675 1683 nino,
701 1596 825 1668 laudent
841 1613 872 1666 ct
888 1595 1028 1688 gloriani
1042 1593 1168 1677 raon
1179 1609 1239 1686 par
1262 1616 1373 1666 nomen
1398 1594 1507 1687 hilii,

286 1709 319 1765 et
335 1693 480 1783 Spiritus
496 1693 553 1780 S.,
579 1690 745 1786 obtulisse,
771 1706 803 1763 at
817 1692 1004 1784 gratiaram
1025 1689 1179 1763 aaronem
1191 1708 1250 1784 pro
1272 1712 1327 1777 eo,
1351 1692 1437 1782 quod
1449 1715 1511 1779 aar

283 1789 374 1862 donis
393 1785 484 1882 ¹hisco
497 1784 574 1881 sais
601 1792 755 1883 dignatas
774 1784 853 1879 ,ὣςι
881 1808 941 1879 qao
954 1782 1052 1877 satio
1070 1785 1205 1878 populas
1228 1785 1336 1874 dixit,
1368 1786 1506 1864 Amen!

287 1882 382 1979 quod
406 1883 515 1979 ipsum
540 1879 590 1956 est
617 1882 765 1956 'sertulh
796 1881 841 1955 de
863 1878 984 1977 Spehh.
1005 1901 1036 1954 c.
1063 1900 1121 1969 25.
1154 1904 1248 1955 amen
1280 1882 1318 1954 in
1344 1877 1520 1975 sandam'

282 1976 451 2075 proferre,
476 1979 616 2073 quando
643 2001 727 2051 mox
747 1981 846 2071 panis
869 1996 909 2049 et
925 1978 1033 2050 ninum
1055 1972 1284 2050 distribuitur.
1335 1975 1513 2074 Adpenae

286 2073 392 2149 etiam
416 2094 605 2170 propterea
636 2073 721 2148 ibid.
753 2072 785 2170 5.
821 2077 878 2150 86.
902 2093 1010 2169 epona
1042 2078 1285 2170 comensem
1312 2072 1512 2152 alimentum

197 2215 203 2224 -
283 2172 469 2266 gratiarum
485 2172 605 2240 anione
620 2170 880 2256 consecratum,
912 2190 951 2241 et
972 2178 1140 2264 ᾶυχιμςίιυ
1163 2165 1426 2265 eucharistiam.
1446 2172 1516 2249 sed

312 2284 426 2340 taeter
451 2263 636 2361 gratiarum
668 2263 844 2338 aaronem
862 2262 975 2338 etiam'
995 2266 1157 2340 meminit
1179 2284 1308 2360 precam
1319 2289 1334 2352 ,·
1375 2267 1433 2341 uti
1463 2288 1516 2356 et¹

285 2289 320 2462 ξ,
347 2358 623 2456 87.s1c,contra
652 2358 790 2455 Tryph.
814 2384 851 2456 p.
875 2381 956 2453 345.
990 2364 1084 2459 toxa
1113 2372 1167 2438 aad
1193 2366 1369 2459 ᾶυχιςιςίιι
1388 2380 1540 2457 protea.

204 2472 208 2482 ’
285 2477 325 2532 et
344 2459 529 2554 gratiaram
552 2459 691 2540 adieras
715 2474 847 2536 tantam
880 2457 1059 2549 adhiberi,
1100 2459 1231 2536 diserte
1265 2457 1436 2549 testatur3
1467 2478 1516 2546 et

286 2551 369 2642 alibi
394 2579 429 2649 p.
457 2559 529 2626 260
549 2553 678 2647 gratias
701 2550 739 2624 in
763 2548 1095 2628 eucharistia-dicit
1123 2553 1232 2645 adias,
1257 2577 1330 2628 cana
1431 2553 1514 2648 eo,

287 2649 380 2745 quod
396 2649 582 2736 mundum,
607 2644 762 2720 hominis
783 2644 917 2740 gratia,
944 2647 1138 2740 creaverit,
1161 2666 1230 2725 aem
1248 2670 1312 2745 per
1390 2651 1515 2735 stum

287 2766 353 2819 noa
381 2766 401 2815 a
427 2742 582 2837 peccatis
606 2740 842 2815 liberaverit..
865 2742 1056 2820 Materiam
1105 2767 1254 2835 recum,
1276 2741 1402 2842 quibua
1419 2771 1513 2824 cain·¹

287 2837 437 2928 secratio
462 2838 588 2944 fiebat,
622 2859 694 2945 non
719 2834 780 2908 nisi
799 2835 943 2912 obscure
959 2769 1125 2937 expreffit
1148 2841 1187 2915 in
1214 2841 1284 2937 Ap.
1309 2841 1357 2913 11.
1384 2839 1418 2939 5.
1443 2849 1512 2923 86..

289 2935 348 3013 ubi
379 2933 574 3008 alimoniam
606 2933 693 3004 dicit
730 2932 966 3008 consecratam
1006 2944 1038 3010 tt
1060 2932 1149 3034 ἐνχῖη
1169 2935 1268 3036 aspa,
1292 2932 1329 3010 ei
1351 2947 1416 3032 aeq·
1437 2947 1520 3017 ὸηι

283 3034 540 3131 perorationem
568 3034 675 3118 verbi,
701 3031 743 3119 ab
773 3025 839 3125 ipso
862 3031 1007 3127 profeiii.
1060 3035 1163 3130 Quae,
1183 3033 1312 3130 phrasis
1336 3037 1437 3109 varie
1454 3037 1512 3115 est

290 3129 481 3224 explicita,
524 3127 582 3199 sed
605 3125 694 3199 mihi
728 3127 927 3222 exprimere
959 3130 1101 3204 videtur
1132 3129 1399 3226 precationem,
1438 3156 1513 3230 qua

288 3231 304 3302 i
329 3227 419 3319 aspa
442 3221 610 3318 &sisenna
622 3223 688 3292 Dei
703 3230 891 3310 invocatur,
911 3242 949 3295 ot
964 3226 1001 3297 se
1015 3249 1095 3299 cum
1111 3248 1223 3322 pane,
1246 3243 1286 3297 et
1301 3223 1410 3317 vino,
1428 3229 1510 3302 uni·

290 3339 347 3407 at,
374 3342 410 3390 et
438 3320 486 3391 ita
506 3337 618 3408 corpas
641 3341 682 3390 ac
698 3315 894 3409 sangninem
920 3319 1051 3391 Christi
1073 3321 1200 3410 faciat,
1249 3342 1314 3399 uae
1331 3342 1417 3395 vera
1433 3322 1508 3398 fuit

292 3411 376 3510 Just.
404 3412 527 3508 opinio
560 3410 603 3483 de
635 3411 829 3505 praesentia
853 3410 981 3491 Christi
1012 3414 1049 3486 in
1085 3341 1315 3501 euchariaiu
1356 3435 1398 3490 ut
1420 3441 1505 3496 mort

319 3508 442 3580 atebit.
491 3509 607 3577 Oratio
633 3527 718 3601 ergo
741 3507 828 3576 naabi
844 3501 913 3592 est,
933 3531 1022 3601 quae
1039 3514 1168 3582 verdum
1192 3535 1258 3607 pro
1276 3510 1421 3605 abjecto
1443 3514 1505 3591 ha·¹

340 3621 375 3691 t,
400 3599 482 3687 idad
507 3599 659 3688 scilicet,
684 3602 764 3693 qaod
785 3623 826 3670 ex
852 3599 954 3674 Patre
977 3605 1178 3701 profestum
1204 3606 1274 3694 est,
1299 3607 1357 3680 seu
1383 3610 1509 3688 divina

293 3695 423 3783 Christi
449 3715 587 3767 natura:
622 3694 778 3790 adeoque
805 3693 898 3767 idern
916 3697 1033 3788 dicet,
1060 3725 1102 3774 ac
1127 3703 1220 3797 quod
1235 3706 1330 3776 lren.
1356 3703 1509 3802 adpella-

295 3798 350 3874 vit
372 3807 503 3876 {manau
527 3798 588 3866 baa
603 3795 810 3862 evocationem
827 3790 904 3883 Dei.
947 3797 1129 3886 henaena,
1164 3816 1203 3871 ut
1229 3798 1272 3871 ad
1289 3796 1384 3871 illum
1405 3804 1509 3879 venie

293 3918 371 3984 am,
410 3891 608 3966 admirarer.
634 3887 654 3958 l.
682 3887 747 3958 IV.
777 3908 810 3957 c.
840 3893 894 3966 18.
918 3910 1031 3984 panem
1058 3911 1182 3982 vocat,
1224 3896 1257 3966 in
1286 3913 1345 3986 qao
1370 3902 1509 3989 gratiae

286 3991 499 4089 fantasiae,
525 4004 635 4078 corpus
659 3979 818 4070 'Christi‚
836 3982 915 4056 fieri
938 4008 1052 4061 autem
1079 3990 1145 4060 tale
1169 4011 1234 4084 per
1256 3995 1410 4075 ἓκκλησιν,
1450 3997 1510 4069 vel

297 4106 337 4161 ut
362 4083 522 4158 Maffnet.
550 4082 633 4153 vult.
659 4085 822 4164 inimico,
848 4083 908 4152 aaa
928 4088 1159 4171 evocationem,
1184 4085 1239 4156 vel
1255 4090 1509 4181 invocationem,

296 4181 379 4267 Dei.
429 4180 482 4251 Ex
506 4200 575 4271 quo
599 4176 764 4268 colligare
782 4175 864 4246 mihi
882 4175 980 4272 posse
1002 4179 1145 4267 videor,
1170 4203 1291 4274 preces
1321 4183 1359 4257 in
1391 4208 1450 4268 eo¹
1465 4186 1508 4260 fi-

294 4297 348 4357 tas
369 4275 487 4366 fnisse,
512 4272 603 4372 qnod
621 4269 793 4345 Christum
812 4270 1031 4380 invocarint‚
1058 4295 1095 4348 ut
1110 4273 1180 4347 sese
1196 4298 1262 4370 per
1275 4277 1430 4354 divinam
1445 4305 1504 4355 na·

293 4397 405 4468 taram
427 4371 523 4448 uniat
547 4393 627 4446 carn
652 4390 743 4467 pane
773 4384 811 4442 et
845 4390 952 4467 vano,
992 4392 1100 4469 eaque
1133 4371 1272 4450 ratione
1306 4374 1356 4451 iic
1382 4375 1504 4482 induat

292 4534 304 4546 .
760 4534 763 4543 .
1425 4492 1504 4546 vam
