3609 5500
275 875 357 990 sne·
664 874 1114 987 ffistsriaEctiesss'llrlfi.

286 1086 351 1137 cos
377 1058 452 1133 dies
475 1075 642 1134 moratus.
695 1061 770 1136 Ubi
791 1064 1137 1145 animadversionem
1161 1082 1336 1159 meretur,
1372 1086 1403 1142 1.
1425 1059 1519 1140 Plu-i

289 1161 359 1233 lum
390 1156 440 1229 ibi
473 1158 544 1252 legi
574 1155 765 1262 disseruisse
795 1160 834 1233 in
870 1163 1007 1241 solenni
1036 1186 1221 1241 conventu
1257 1160 1421 1260 religioso
1445 1158 1512 1233 dis·

291 1241 489 1351 cipulorscn
516 1253 668 1342 Christi,
693 1254 859 1332 inunum
883 1259 1113 1352 coaftorum,
1132 1264 1179 1336 ad
1197 1258 1427 1357 frangendum
1452 1279 1521 1351 pam

295 1375 377 1424 nem
394 1356 498 1519 primo
521 1353 570 1422 uie
592 1350 819 1440 lieblornodls3
851 1378 883 1429 c.
910 1356 990 1430 XX:
1017 1381 1051 1449 7.
1077 1358 1159 1454 quia
1183 1357 1267 1431 inde
1286 1353 1381 1428 reete
1398 1348 1524 1447 colligi

296 1461 397 1546 potes
424 1502 436 1535 ,
469 1443 685 1519 Christianos
702 1445 775 1540 jam
802 1450 874 1523 lroc
896 1450 956 1523 die
985 1452 1207 1527 consuevisse
1233 1454 1390 1525 solennes
1413 1467 1523 1543 :igere¹

299 1563 520 1617 conventus:
556 1541 609 1614 uti
633 1540 672 1613 in
698 1543 962 1639 superioribus,
996 1551 1055 1622 ubi
1082 1553 1127 1623 de
1153 1551 1268 1636 Cultu,
1293 1567 1380 1643 ·Jam
1403 1545 1523 1616 obsera

300 1641 408 1726 vivi,
434 1660 466 1711 2.
491 1638 667 1743 Juvenem
688 1638 861 1736 aliquem,
878 1644 1073 1738 ‚Eutychum
1096 1645 1325 1741 adpellatum,
1349 1662 1433 1737 prae
1451 1640 1527 1712 ser·¹

302 1739 420 1814 monis
446 1732 673 1840 prolixitate,
710 1734 835 1812 somno
858 1761 1086 1836 correptum,
1128 1740 1351 1850 sopitamque
1374 1733 1527 1833 prosun-

306 1837 378 1920 do,
402 1829 569 1937 decidisse
595 1853 616 1904 e
644 1830 751 1906 tertia
776 1835 1049 1932 contignatione
1073 1836 1254 1926 deorsum,
1279 1853 1325 1907 et¹
1339 1855 1405 1929 pro
1430 1855 1529 1906 mor-

305 1950 370 2020 tuo
399 1926 581 2017 habitum,
613 1925 672 2002 sed
697 1951 717 2000 a
739 1929 846 2014 Paulo
872 1929 970 2012 vitae
1004 1953 1048 2004 ac
1070 1931 1211 2005 sanitati
1240 1929 1417 2003 redditum
1442 1926 1528 2006 elle.

307 2023 410 2103 Hinc
436 2045 518 2096 curn
543 2045 607 2118 per
632 2023 730 2096 varia
751 2025 834 2110 ¹loct
859 2025 1014 2102 veniffet
1039 2028 1230 2117 Miletum,
1255 2047 1324 2099 nec
1345 2023 1527 2121 Ephesum

308 2121 455 2198 tendere
477 2117 607 2209 vellet,
647 2120 729 2215 quia
758 2119 943 2206 festinabat
970 2122 1252 2220 Hierosolymam
1281 2120 1374 2194 circa
1400 2121 1533 2193 Pente·

310 2216 452 2308 costen,
483 2213 527 2288 ad
548 2213 584 2323 se
608 2218 832 2312 presbyteros
859 2217 1054 2315 Ephesrnos
1077 2218 1245 2310 vocavit,
1278 2238 1317 2292 et
1339 2216 1531 2290 celeberri-

311 2337 428 2403 rnum,
460 2334 501 2385 ac
525 2310 762 2404 utrlillimum,
786 2314 829 2388 ad
853 2337 916 2390 eos
940 2307 1073 2388 direxit
1097 2316 1312 2397 sermonem,
1342 2311 1423 2386 Ast.
1449 2313 1534 2389 XXt

317 2421 431 2510 18.-··¹
451 2427 637 2517 narratum.
684 2409 840 2519 inquo,
879 2431 1022 2580 praeter
1052 2412 1118 2485 ulia
1145 2411 1188 2486 ad
1221 2431 1400 2483 morema
1448 2407 1534 2517 ndi,

315 2530 421 2608 quern
444 2505 566 2578 Paulus
588 2527 626 2577 rn
649 2506 833 2601 euangelio
858 2532 877 2580 u
904 2506 1104 2582 nuncraudo
1133 2506 1269 2596 tenuit,
1303 2523 1343 2578 et
1371 2527 1393 2575 o
1433 2525 1532 2579 crum

342 2601 494 2679 astorum
516 2599 690 2674 Ecclesiae
714 2600 950 2696 pertinentia,
975 2620 1099 2676 notatu
1122 2603 1250 2700 digna,
1282 2598 1437 2674 sednon
1465 2598 1533 2673 lm«¹

314 2725 371 2802 Jus
392 2696 482 2789 loci,
507 2695 721 2794 peculiarem
746 2716 903 2782 meretur
928 2697 1194 2790 adtentionem,
1216 2697 1316 2797 quod
1339 2693 1419 2793 post
1433 2693 1536 2792 sum

317 2792 495 2895 drfceffitm·
519 2790 590 2867 srne
613 2792 674 2889 spe
701 2793 854 2885 reditus,
894 2794 948 2869 uti
972 2818 1075 2869 exv.
1104 2817 1150 2886 25
1174 2815 1211 2868 et
1236 2803 1293 2891 38.
1327 2810 1447 2888 patet,
1482 2790 1536 2867 ci·

322 2899 391 2970 tius
416 2911 477 2968 aut
502 2887 651 2979 tardius,
676 2892 765 2982 lupos
787 2910 925 2985 rapaces
950 2890 1045 2964 ovile
1071 2891 1290 2965 credentium
1315 2888 1454 2961 aliunde
1481 2888 1542 2962 ina

284 3003 297 3015 “
323 3012 496 3079 traturos,
539 3006 576 3059 et
602 3010 647 3060 ex
670 2983 750 3083 ipsis
776 2983 935 3082 Ephesiis
953 2987 1063 3070 ¹viros
1088 2989 1261 3069 orituros.
1302 2988 1362 3083 qui
1382 2983 1540 3082 perversa

323 3089 392 3166 sint
424 3082 595 3173 locuturi,
636 3101 672 3155 et
697 3082 884 3193 discipulos
915 3108 938 3161 ¹a
963 3081 1102 3159 Christo
1135 3083 1215 3180 post
1234 3081 1281 3154 se
1313 3078 1540 3171 abstralsturi,

321 3183 563 3287 praedixerit,
595 3202 660 3278 per
685 3182 756 3254 illos
782 3179 981 3276 rntelligens
1004 3177 1120 3255 hostes
1148 3177 1341 3276 euangelii,
1376 3176 1447 3249 five
1474 3176 1540 3274 Ju-

328 3284 456 3367 daeos,
482 3278 552 3351 five
580 3276 750 3372 gentiles,
774 3276 1035 3369 persecutores,
1063 3298 1127 3370 per
1150 3277 1205 3348 lios
1228 3298 1317 3349 vero
1341 3271 1543 3347 salsosdocv

329 3397 445 3464 tores,
472 3373 600 3469 postea·
618 3369 805 3443 Gnosticos
829 3368 1027 3454 dillos,·in
1046 3370 1165 3464 specie
1189 3370 1284 3459 illos,
1310 3368 1369 3467 qui
1392 3366 1541 3465 mystice

327 3470 532 3546 Bileamitae
556 3489 597 3538 ac
610 3463 813 3538 Nicolaitae
834 3464 1000 3560 adpellati
1024 3465 1101 3540 sunt
1126 3467 1165 3540 in
1187 3468 1305 3563 Apoc.
1329 3466 1378 3539 ΙΙ.
1402 3466 1448 3538 de
1465 3462 1544 3562 qui·

328 3569 392 3647 bus
417 3562 535 3662 postea
560 3560 620 3633 sno
645 3563 736 3635 loco.

378 3660 409 3830 p.
436 3659 631 3734 CCXXVI.
664 3652 868 3731 Persecutus
892 3657 975 3735 dein
1000 3654 1050 3731 est
1074 3655 1164 3746 iter,
1197 3656 1240 3729 ab
1264 3654 1424 3752 Ephesiis
1448 3654 1546 3731 inter

331 3760 391 3837 'tris
409 3757 514 3842 itiae,
539 3772 576 3825 et
596 3749 776 3825 tenerrimi
794 3753 941 3842 amoris,
967 3753 1063 3828 varin
1081 3752 1193 3849 srgnn,
1219 3775 1345 3848 aegre,
1380 3750 1460 3849 post
1489 3774 1545 3841 are⁸
1572 3820 1574 3823 .

332 3859 457 3932 dentes
480 3873 604 3946 preces
627 3870 694 3923 uno
720 3847 830 3936 fusus,
855 3848 1060 3941 abstraiius,
1085 3875 1150 3948 per
1175 3850 1334 3945 Tyrum,
1357 3847 1549 3922 Ptolemai-

333 3954 397 4038 ila,
425 3967 461 4021 et
477 3945 694 4033 Caesaream,
722 3944 851 4041 ubique
869 3947 1004 4042 Spiritu
1022 3944 1234 4044 prophetico
1249 3944 1293 4018 de
1310 3944 1460 4021 vinculis
1478 3942 1549 4018 suis

333 4042 549 4130 stimonium,
584 4042 700 4113 donec
728 4044 867 4116 venerit
890 4043 1193 4139 Hierosolymam
1229 4041 1286 4115 ubi
1311 4043 1420 4115 brevi
1435 4038 1489 4116 est
1511 4041 1552 4116 in

333 4142 474 4225 vincula
504 4135 692 4233 conjectus.
746 4139 802 4211 De
833 4163 902 4233 quo
929 4161 1111 4235 antequam
1138 4163 1257 4235 agam,
1289 4137 1552 4234 inquirendum

337 4242 406 4331 cst,
432 4260 514 4309 nunt
539 4235 582 4307 de
608 4236 753 4305 aliorum
778 4234 1029 4328 Apostolorum
1052 4234 1177 4331 gestis,
1205 4254 1242 4307 et
1264 4235 1439 4307 Ecclesiae
1461 4256 1548 4329 pro·

335 4332 525 4443 palpatione
548 4354 613 4428 per
645 4327 736 4419 alios,
755 4329 864 4423 suma,
904 4332 966 4409 seu
990 4331 1155 4409 Eccleliis
1185 4328 1440 4424 alibi-etesiis,
1484 4328 1550 4498 alrp

927 4494 942 4501 ..
974 4464 983 4503 ·.
1461 4447 1523 4522 qul

327 4520 341 4545 ι
374 4534 381 4545 .
876 4510 897 4546 ὀ
