3609 5500
289 923 366 1006 274
681 908 833 1012 ffistoria
853 906 984 1010 Eccles.
1010 910 1127 1016 Clm'fl.

289 1088 398 1176 trani,
439 1100 476 1159 et
498 1084 544 1161 de
563 1083 761 1163 Resurre&
786 1111 883 1167 carn
916 1114 947 1169 c.
973 1113 1031 1185 59.
1056 1091 1141 1183 ubi,
1164 1087 1238 1190 scio
1261 1111 1332 1181 ne,
1369 1088 1510 1192 inquit,

290 1189 402 1276 nequa
416 1183 487 1254 alio
506 1207 603 1260 carno
626 1188 790 1260 adulteria
814 1187 1015 1286 cammissffe,
1039 1212 1135 1288 neque
1157 1215 1242 1265 nunc
1264 1192 1335 1262 alia
1351 1213 1446 1261 tarne
1462 1192 1512 1263 ad

291 1282 523 1354 sontimnrimn
547 1286 629 1371 niti,
655 1283 698 1355 ad
723 1283 974 1375 Christianam,
1008 1286 1182 1361 incertum
1209 1309 1276 1384 qua
1300 1282 1509 1373 occafione,

290 1377 502 1465 conversus,
528 1376 701 1454 austerum
721 1379 817 1452 vitae
834 1404 965 1475 genus,
990 1384 1033 1455 ad
1052 1383 1144 1479 quod
1169 1405 1233 1479 per
1255 1380 1412 1454 indolem
1431 1399 1512 1454 erat

291 1469 461 1568 pronior,
487 1472 633 1547 sedatus
649 1472 721 1563 est,
747 1478 899 1550 maxime
918 1479 1056 1645 puando
1071 1480 1264 1576 Presbyter
1277 1475 1348 1550 fuir
1371 1473 1507 1566 facitu,

290 1585 361 1641 nec
387 1585 503 1643 tamen
526 1571 616 1644 adeo
647 1571 868 1665 exploratum
900 1580 972 1663 el,
1014 1595 1097 1647 nuru
1120 1575 1163 1648 ab
1194 1569 1510 1647 uxore'abstinue·

198 1716 202 1723 .
291 1662 463 1773 rincum
489 1687 534 1739 err
558 1663 655 1740 libris
676 1666 719 1738 ad
736 1668 901 1742 Uxorem
913 1668 956 1742 id
968 1669 1094 1766 'colligi
1111 1668 1253 1768 nequit,
1279 1668 1401 1763 potius
1417 1689 1507 1742 con·

291 1776 448 1837 tranum.
491 1763 568 1836 Sed·
591 1760 721 1835 incidit
748 1762 910 1838 forte-ob
935 1763 1046 1838 ritum
1068 1763 1294 1839 austeriorem
1318 1765 1360 1837 in
1382 1762 1538 1841 odium

291 1856 386 1927 Cleri
411 1858 584 1947 Roma-ni,
611 1880 630 1930 a
655 1879 726 1954 quo
741 1859 976 1933 Montanisrni
997 1860 1065 1933 luit
1093 1875 1281 1958 propterca
1305 1860 1506 1936 accusatus.

288 1947 402 2050 Quod·
421 1953 534 2052 ipsum
559 1952 799 2045 occasionem,
834 1974 874 2031 ut
897 1958 1139 2054 Hieronymus
1169 1957 1213 2030 de
1246 1954 1349 2029 Viris
1373 1955 1538 2034 illustr..

287 2043 419 2141 refert,
444 2050 553 2159 lapsos
578 2051 652 2146 ejus
677 2050 722 2123 ad
748 2052 1025 2126 Montanillnrun
1054 2051 1232 2147 praebuit,
1258 2072 1364 2147 quern
1382 2050 1527 2125 auste-

287 2161 347 2215 rae
374 2144 483 2220 indoli
509 2165 546 2218 et
562 2146 655 2221 virae
671 2145 805 2242 reperit
820 2148 930 2245 magis
944 2146 1144 2223 consonum.
1191 2145 1415 2221 Montanista
1431 2147 1523 2223 fac-i

288 2256 350 2311 tus·
364 2242 448 2318 illud
470 2239 667 2316 institurum
695 2241 795 2315 valde
818 2265 1035 2341 promovere·
1055 2263 1197 2317 conum
1213 2240 1285 2333 est,
1309 2261 1349 2315 et
1374 2239 1415 2315 in
1433 2245 1519 2318 (Σιωο

287 2334 458 2429 tholicos,
481 2361 567 2437 quos
584 2336 792 2439 Psychicos‚
818 2342 986 2429 carnales,
1012 2336 1218 2437 adpellunit,
1242 2336 1418 2411 acerrime
1439 2337 1499 2413 de-

285 2432 460 2511 clamavit.
509 2436 635 2508 Fertur
661 2431 805 2524 vixille,
828 2434 944 2532 inquit
960 2434 1112 2509 Hieron.
1136 2436 1158 2509 l.
1184 2456 1217 2507 c.
1242 2434 1502 2526 ard-decrepitam

284 2548 451 2622 natatem,
474 2529 536 2604 sed·
557 2550 694 2627 tempus
710 2531 833 2605 mortis
848 2530 988 2605 deliniri
1013 2529 1156 2628 nequit:
1190 2528 1276 2602 solet
1292 2526 1396 2602 statui
1414 2551 1494 2626 ann.

286 2645 378 2717 220,
421 2626 513 2723 quod
539 2626 684 2701 admitti
709 2625 837 2723 potest„
888 2629 989 2700 Plura
1009 2625 1054 2698 de
1079 2626 1156 2699 vita·
1186 2642 1223 2696 et
1246 2622 1388 2722 scriptis
1415 2624 1497 2722 ejus

283 2722 362 2819 peti
386 2721 527 2819 poliunt
553 2745 599 2797 ex
617 2721 791 2812 Parnelio,
815 2742 853 2797 et
903 2720 1066 2818 raecipue
1089 2721 1126 2797 P.
1150 2718 1295 2794 nllirio.

169 2913 171 2917 Ι
332 2817 364 2916 l.
388 2818 545 2893 XXVII.
585 2817 771 2893 Traclatua
803 2818 915 2909 varir,
949 2842 1035 2916 quos
1056 2816 1102 2890 de
1127 2813 1303 2915 quibusvis
1334 2806 1498 2893 materiir

281 2912 486 3013 conscripsit
509 2913 765 3003 Tertullianus,
790 2914 827 2987 in
848 2938 955 2988 unum
981 2913 1109 2990 librum
1128 2909 1290 3001 collecli,
1314 2910 1408 2985 haud
1424 2932 1498 2988 una

282 3010 365 3086 viee
393 3015 469 3085 sunt
492 3010 581 3086 editi
592 3067 608 3103 ,.
644 3009 767 3086 ultima
790 3033 812 3084 a
836 3008 995 3100 Priorio,
1031 3032 1112 3083 cum
1141 3009 1216 3080 inte
1260 3007 1288 3079 is
1319 3006 1497 3104 Rigaltii,

281 3129 322 3181 er
343 3106 477 3185 se'leCiis
502 3109 677 3184 variorum
703 3106 815 3197 notis,
850 3106 952 3181 Paris.
981 3113 1094 3197 1675,
1128 3104 1185 3177 sed
1238 3101 1410 3177 esrderant
1435 3102 1496 3177 ad·

281 3204 353 3278 huc
374 3203 582 3305 peritiorem
603 3228 753 3279 manum.
801 3201 874 3277 Alii
892 3227 978 3276 vero
995 3220 1077 3274 ante
1096 3197 1373 3276 Montanisnrum
1395 3198 1498 3294 ejus,

279 3299 341 3379 alii
358 3325 445 3374 vero
461 3301 558 3397 post,
587 3298 717 3374 exarati
737 3300 834 3374 sunt:
860 3299 954 3396 quod
977 3295 1165 3370 discrimen
1194 3294 1278 3368 utile
1303 3291 1354 3365 est
1373 3294 1495 3368 obser·

281 3394 395 3470 valle:
421 3418 488 3466 nec
515 3415 632 3469 tamen
658 3414 727 3467 tam
759 3392 862 3467 facile
890 3392 973 3465 illud
997 3390 1049 3463 est
1081 3391 1117 3461 in
1145 3391 1305 3464 omnibus
1333 3388 1490 3464 trallati·

280 3494 365 3581 bus,
397 3491 508 3563 multo
525 3488 639 3562 minus
656 3486 814 3583 singulis,
842 3510 966 3561 verum
987 3484 1171 3581 adsrgnalle
1199 3506 1357 3581 ternpus;
1390 3488 1498 3563 circa

280 3585 376 3685 quod
403 3584 496 3657 inter
522 3583 659 3657 Dostos
684 3605 821 3676 quoque
843 3606 916 3656 non
941 3581 1123 3656 convenit.
1171 3581 1358 3678 Egregiam
1385 3579 1426 3655 in
1444 3604 1497 3659 eo.

280 3703 424 3779 operam
449 3679 566 3776 poluit
592 3681 629 3750 Ρ.
656 3676 822 3765 Allirrius‚
865 3676 974 3750 modo
1001 3677 1146 3750 citatus:
1181 3680 1240 3774 qui
1266 3676 1397 3749 consuli
1422 3702 1491 3776 po·

278 3775 356 3854 test.
404 3775 522 3853 Nobis
536 3773 714 3851 suffecerit
730 3775 773 3847 de
797 3772 994 3870 praecipuis
1009 3773 1213 3847 sententiam
1232 3772 1388 3847 breviter
1405 3796 1493 3869 pro·

280 3871 417 3964 tulille;
448 3896 528 3947 curn
556 3871 807 3972 prolixioribus
838 3870 908 3945 elle
944 3895 1016 3944 non
1050 3870 1164 3944 liceat.
1212 3868 1324 3964 Lapsu
1351 3869 1427 3964 ejus
1453 3869 1497 3946 in

276 3969 555 4049 Montanismum
579 3967 790 4066 posteriores
813 3967 882 4045 elle
904 3967 1010 4042 libros
1033 3986 1144 4041 contra
1169 3968 1400 4050 Marcionem,
1443 3962 1494 4039 de

277 4064 537 4162 Praescripr'lorre
561 4066 816 4154 haereticorum,
860 4063 906 4138 de
934 4070 1063 4151 anima,
1105 4062 1262 4135 decarne
1283 4057 1422 4155 Clmsti,
1448 4059 1498 4133 de

278 4162 519 4259 resarcinata,
543 4164 580 4234 de
603 4161 689 4257 faga
713 4162 751 4235 in
767 4160 1041 4256 persecutione,
1067 4156 1111 4229 de
1134 4159 1315 4252 pudicitia,
1341 4156 1400 4230 vel
1419 4153 1497 4250 cas·

275 4265 395 4339 ritate,
427 4258 471 4335 de
488 4259 623 4354 iejrmiis
640 4273 672 4329 rt
697 4260 929 4352 lldonogarnia,
962 4250 1050 4327 mihi
1070 4252 1289 4328 manifestum
1323 4250 1493 4342 videtur,

275 4376 358 4437 cuna
381 4354 639 4432 Montanismus
672 4350 711 4429 iu
734 4348 804 4429 illis
832 4350 950 4457 magis,
976 4348 1136 4428 minusve
1167 4347 1388 4446 pellucescat
1435 4349 1501 4519 pi·

272 4463 284 4515 a
806 4513 812 4524 ,
921 4490 923 4506 =
1187 4471 1192 4481 ¹
1466 4459 1508 4516 er
