3609 5500
696 765 702 782 ὶ

303 817 314 832 ι,
352 799 361 816 ⁵¹
979 789 982 794 Ι

275 913 379 1043 'tat
694 943 997 1055 manamaur.
1024 948 1141 1057 camp.
1199 949 1251 1000 κ
1363 963 1366 969 -
1506 982 1515 995 .

305 1132 459 1227 cenum
489 1130 591 1210 sod'a
616 1133 912 1232 inuanbris'ipsms
933 1134 1156 1231 societatis
1175 1136 1210 1213 se
1223 1117 1399 1216 'inuicem
1417 1138 1465 1217 ad
1488 1137 1533 1219 id

304 1232 627 1329 obstringentihur,
670 1231 932 1336 confirmatum.
992 1233 1108 1337 Quam
1138 1234 1414 1333 disputationem
1444 1260 1532 1314 cum

304 1328 447 1436 ingredi
472 1330 693 1430 amilianae,
727 1348 891 1401 mentem·
918 1333 1041 1426 paupis
1064 1354 1252 1428 exponam
1296 1355 1335 1408 r.
1359 1332 1418 1408 Ad
1440 1356 1532 1410 con·

304 1425 526 1503 ditetudinem
551 1425 763 1523 Judaeumm
787 1423 1031 1528 infsyuagogis
1053 1427 1146 1512 hanc
1162 1426 1377 1503 Christianae
1401 1428 1529 1505 Eccle-

304 1524 375 1601 stae
389 1521 610 1619 disciplinam
627 1519 1002 1611 effeconfonnaom,
1027 1523 1151 1610 lubenp
1173 1524 1356 1615 concedo,
1380 1546 1449 1598 nec
1465 1547 1532 1600 ne-

306 1643 377 1720 go,
403 1617 572 1716 Judaeus,
604 1615 958 1713 sme.expreff01)ei
984 1619 1168 1709 mandato,
1200 1618 1328 1727 sponte
1349 1642 1431 1711 eum
1452 1645 1533 1696 rno-

307 1738 386 1791 rem
412 1713 656 1797 introduxisse.
708 1711 832 1810 Judaei
858 1712 898 1787 in
925 1714 1035 1788 exilio
1065 1716 1280 1812 Babylonico
1305 1716 1461 1808 versati,
1492 1737 1535 1792 et

303 1816 390 1889 dum
413 1809 560 1885 aliorum
585 1806 753 1909 potestati
779 1807 892 1882 errent
921 1808 1089 1905 subjeeii,
1129 1832 1210 1883 cum
1242 1809 1308 1885 alia
1341 1810 1425 1909 ipsas
1453 1836 1533 1889 non

307 1925 449 2008 pateret
475 1908 584 1982 malos
609 1903 804 1982 coercendi
823 1904 906 1993 via,
929 1905 982 1990 ‚ad
1007 1904 1099 1979 hanc
1123 1904 1380 2002 confugerunt:
1405 1908 1533 2005 utique

305 2023 470 2101 tempore
491 2004 611 2078 Erite:
639 2020 679 2076 et
705 1998 909 2075 Nehemiae
934 1999 1049 2098 prima
1070 2018 1263 2075 occurrunt
1284 2004 1531 2079 excommuni-

305 2101 465 2177 cationis
488 2099 632 2176 indicia.
682 2095 826 2171 2.an
850 2096 1036 2187 concedo,
1060 2096 1280 2194 disciplinam
1298 2117 1418 2174 tamen
1433 2100 1532 2198 hanc

305 2199 353 2278 ad
378 2197 579 2291 exemplum
600 2189 765 2282 Christi,
797 2193 840 2265 ab
854 2192 1070 2289 ,Apostniia
1096 2212 1260 2291 tanquam
1282 2194 1356 2291 ejus
1380 2197 1531 2307 legatis,

332 2293 433 2368 uibus
458 2294 575 2367 claves
599 2288 708 2388 regni
730 2289 911 2362 coelorum
930 2288 1082 2363 fuerunt
1109 2288 1336 2380 commiffae,
1374 2292 1445 2367 esse
1471 2294 1529 2369 in·

305 2322 485 2479 ditatam,
511 2411 621 2485 eaque
640 2384 779 2459 rationo
795 2383 917 2457 divina
933 2382 1196 2493 superihutiam
1212 2380 1423 2488 autoritate,
1452 2413 1530 2465 om·

309 2489 397 2563 nino
457 2484 625 2559 ertendo..
678 2482 872 2575 Exemplum
906 2479 1042 2554 Chnsti-
1065 2479 1162 2572 dixi,
1201 2504 1274 2555 non
1304 2484 1530 2579 mandatum

305 2584 388 2685 quia
407 2511 526 2669 fidium?
537 2602 610 2653 non
627 2579 749 2672 hujus,
767 2574 904 2685 prostat
917 2574 1106 2686 indicium,¹
1125 2575 1182 2651 ita
1199 2594 1336 2668 tamen,
1355 2597 1396 2653 ut
1410 2575 1528 2692 Apos-

306 2678 390 2754 tolis
417 2695 533 2751 totum
548 2676 632 2750 .hoc
660 2671 937 2747 demandaverat
951 2689 1155 2771 negotuum,
1197 2696 1277 2748 cum
1301 2674 1531 2753 ratihabitio.

304 2776 365 2852 nis
424 2773 595 2846 romilio..
633 2773 693 2844 De
728 2791 798 2862 quo
831 2769 921 2842 clare
952 2791 1001 2842 en
1029 2769 1112 2844 loco
1144 2772 1253 2846 Mart.
1285 2771 1427 2861 XVIII:
1461 2796 1524 2864 15.

310 2890 383 2947 con
425 2873 468 2960 t,
494 2869 599 2941 modo
623 2866 720 2939 retie
754 2863 940 2960 capiatur„
971 2867 1060 2939 Cum
1086 2863 1262 2940 Dominus
1284 2866 1442 2965 privatae
1468 2869 1526 2944 in·

303 2968 418 3067 juriae
452 2964 670 3039 ulciscendae
702 2961 845 3034 modum
878 2959 1030 3056 aliquem
1064 2960 1276 3052 tradidiffet,
1315 2987 1384 3037 nec
1407 2984 1528 3043 tamen

306 3089 410 3151 eum,
439 3081 602 3160 tanquam
621 3057 873 3149 neceffarium,
894 3075 932 3129 et
951 3058 1114 3146 unicum,
1131 3057 1417 3154 praescripsisset,
1443 3061 1524 3137 sub·

304 3159 444 3263 jungit,
480 3159 515 3234 se
541 3155 722 3254 Apostoiis
747 3154 829 3227 dare
860 3150 1039 3229 omniain
1070 3151 1221 3228 Ecclefia
1247 3155 1431 3230 ordinandi
1455 3183 1523 3256 po·

304 3259 492 3346 testatem,
506 3255 689 3341 dicende,
723 3254 868 3347 quidquid
890 3253 1075 3345 ligaveritis
1094 3254 1129 3323 in
1155 3267 1244 3324 terta
1257 3306 1267 3340 ,
1292 3252 1433 3345 ligatum
1458 3257 1526 3328 erit

304 3360 343 3428 in
371 3354 455 3427 coelo
477 3370 546 3424 etc.
573 3374 618 3420 eo
642 3346 718 3441 ipso
741 3346 958 3441 fignificans,
973 3345 1020 3427 ‘se
1044 3344 1225 3440 Apostolis
1250 3347 1457 3423 demandare
1471 3352 1528 3424 su·

303 3468 466 3546 premam
492 3441 722 3541 potestatem,
748 3440 842 3511 hunc
867 3442 924 3512 vel
939 3438 1046 3512 aliuni
1077 3439 1290 3516 diffidiorum
1307 3465 1530 3542 componen-

306 3546 434 3616 dorum
451 3539 604 3612 modum⁴
617 3559 690 3609 non
710 3552 868 3623 tantum,
890 3535 952 3608 sed
965 3554 1006 3608 et
1018 3542 1244 3634 quaecamque
1262 3539 1351 3630 alia,
1376 3541 1411 3614 in
1426 3540 1531 3627 usum

302 3634 480 3714 Ecclesiae
508 3631 714 3721 ordinandi,
753 3651 793 3704 ac
822 3631 1024 3727 dirigendi,
1052 3655 1134 3706 corn
1156 3634 1417 3710 ratihabitionis
1440 3661 1530 3713 coe·

152 3726 158 3733 ’
302 3727 403 3815 lestis
427 3728 607 3823 promiffo.
638 3728 754 3814 Hic,
788 3747 827 3800 ut
853 3728 1004 3825 opinor,
1030 3752 1134 3803 verus
1159 3721 1210 3804 est
1234 3735 1529 3823 verborumsen·

306 3829 362 3905 sus
382 3841 419 3896 et
444 3845 575 3923 nexus3
601 3821 655 3896 uti
675 3821 711 3898 in
731 3825 890 3900 Sermon.
914 3824 1009 3921 Belg.
1035 3823 1142 3900 fufius
1161 3828 1317 3922 exposui.
1366 3830 1448 3928 Quo
1463 3831 1527 3906 ad·

304 3916 429 4006 misso,
455 3919 553 3993 locus
580 3919 721 4016 quidem
746 3921 789 3994 ad
812 3919 1029 4019 disciplinam
1055 3923 1334 4014 Ecctefiasticam.
1350 3924 1526 4009 stabilien-

303 4016 386 4092 dam
417 4035 488 4085 non
519 4016 679 4109 pertinet
709 4016 874 4109 diredie,·
897 4020 1059 4095 attamen
1090 4042 1170 4094 earn
1190 4022 1270 4116 jure
1296 4021 1420 4097 divino
1445 4022 1527 4098 effe

305 4104 573 4209 superstrud'tam
599 4111 682 4184 inde
708 4114 804 4188 rene
834 4113 1175 4210 colligiturerffi'ab
1201 4117 1399 4213 Apostolis‚
1423 4138 1527 4192 anto·

303 4209 411 4285 ritate
434 4202 555 4277 divina
580 4205 738 4296 vestitis,
764 4209 1232 4305 profanam-:etrnstitutam
1258 4215 1349 4304 effe,
1374 4208 1524 4289 demon·

272 4299 405 4400 4strari
435 4298 560 4394 poffit:
591 4300 643 4373 uti
670 4301 772 4377 facile
796 4308 960 4381 cernitur.
1012 4307 1070 4378 De
1097 4308 1355 4404 Apostolorum·
1384 4311 1526 4386 ordina-

306 4398 407 4477 tione
431 4414 515 4470 cum
544 4417 601 4473 res
622 4414 718 4474 certa
741 4399 785 4476 fit
816 4426 862 4479 ex
893 4402 982 4511 lotis
1005 4399 1108 4502 supra
1128 4403 1266 4499 citatis,
1303 4406 1527 4507 disciplinam

429 4540 432 4545 ·
906 4504 933 4571 ..i
1273 4558 1280 4570 .
1375 4556 1380 4571 .
1442 4504 1526 4603 jure
