3609 5500
276 965 353 1038 ltu
673 944 821 1048 Historia
841 944 974 1049 Eccles.
1002 943 1114 1047 (inss-

281 1126 500 1217 munitum,
520 1142 562 1201 nt
578 1123 730 1203 Ecclefia
745 1129 890 1227 Judaica
915 1127 953 1204 in
967 1125 1306 1215 nobis-initiaretur,
1332 1123 1383 1202 ita
1398 1143 1497 1222 nunc

280 1225 377 1304 uem
409 1222 482 1297 line
514 1222 727 1319 inpofitione
759 1249 923 1300 manuum
955 1223 1146 1323 nostrarum
1176 1221 1307 1303 facium
1339 1219 1411 1312 est,
1454 1239 1496 1293 ut

282 1318 437 1398 Gentilis
458 1319 726 1415 inauguraretur
748 1322 911 1397 Ecclesia.
1041 1379 1075 1391 .,
1160 1406 1162 1409 .
1475 1367 1490 1396 .-

327 1415 359 1516 ξ,
378 1417 449 1490 cb
473 1415 674 1492 Adsuerunt
688 1414 965 1514 veroApostoli,
985 1416 1194 1500 nominatim
1210 1411 1373 1489 recensiti
1384 1411 1498 1484 Mart.

282 1510 331 1594 X
354 1516 468 1588 oruc.
486 1514 550 1585 lli.
569 1513 701 1586 etLuc.
720 1514 787 1598 Vl.
805 1532 843 1586 et
860 1512 942 1587 Aer.
955 1512 982 1585 1.
999 1511 1201 1609 sequentem
1227 1514 1356 1597 Simon,
1372 1508 1498 1606 postea

281 1611 398 1690 orcius
421 1616 560 1695 Petrus,
601 1630 621 1681 a
651 1607 866 1682 confelsrone
897 1609 976 1697 sua,
1014 1624 1122 1705 petru·
1142 1607 1317 1682 Ecclesiae
1353 1606 1495 1692 futura,

281 1709 393 1788 Matr.
427 1705 529 1779 XVI.
573 1721 610 1774 et
647 1705 816 1793 Andreas,
867 1702 1040 1797 Jacobus,
1080 1702 1200 1782 etiam·
1222 1706 1338 1797 nrojor
1357 1699 1496 1789 dicius,

281 1822 325 1884 ut
356 1804 399 1874 ab
430 1801 540 1874 altero
566 1796 715 1894 Alphaei
746 1799 843 1891 filio,
890 1798 1030 1872 minore
1105 1837 1107 1842 ·
1153 1799 1254 1887 llato,
1298 1795 1494 1963 distingue·
1531 1810 1534 1816 ·

279 1918 400 1985 retur,
425 1913 462 1968 et
488 1893 661 1988 Johanaes
685 1893 828 1985 fratres,
853 1894 918 1969 filii
941 1894 1138 1987 Zebedaei,
1163 1896 1329 1989 Philippus
1350 1911 1388 1965 et
1436 1916 1495 1965 or·

281 1995 500 2074 mormacus,
526 1989 642 2077 idem,
668 2010 707 2062 ut
724 1989 886 2079 videtur,
910 2012 952 2063 ac
975 1989 1193 2079 Nathanael,
1223 1992 1359 2078 ibinus,
1383 1987 1494 2064 etiam

279 2092 442 2188 Dmyums
468 2084 686 2172 nominatus,
730 2084 834 2183 (quae
859 2084 1003 2158 nomina
1035 2086 1189 2183 ejusdem
1216 2087 1295 2162 sunt
1319 2083 1495 2182 significa·

281 2206 361 2276 tus,
383 2204 421 2258 et
436 2184 607 2279 gemellum
633 2180 823 2272 denotant,
849 2179 945 2275 prius
966 2180 1104 2271 Hebe,
1128 2183 1277 2256 alterum
1295 2174 1494 2276 Graecum)

281 2282 483 2362 Matthaeus
504 2275 725 2372 publicanus,
763 2267 917 2370 Jacobui
939 2276 1091 2373 Alphaei
1115 2276 1225 2367 filius,
1257 2277 1364 2351 ctiam
1388 2281 1497 2350 missor

281 2376 418 2466 diiius,
443 2393 480 2448 et
504 2371 612 2446 stater
639 2369 788 2463 Christi,
812 2374 1004 2462 Lebbaeus,
1030 2373 1136 2447 etiam
1165 2372 1334 2448 Tudlaeus
1356 2395 1494 2470 cogno·

282 2474 456 2562 minatus,
494 2491 534 2542 ac
562 2464 676 2559 Juras
706 2468 792 2542 Luc.
827 2470 894 2544 Vl.
943 2473 1050 2544 Simon
1083 2470 1290 2561 Canauites,
1330 2471 1373 2543 ab
1406 2472 1507 2545 urbe

277 2573 380 2662 ²Caram
396 2568 433 2640 iu
452 2564 623 2650 Galilaea,
647 2560 729 2635 deni
756 2587 800 2637 ue
818 2566 1008 2654 Matthias,
1032 2564 1143 2660 Judae
1158 2566 1333 2661 apostatae
1356 2584 1394 2638 et
1410 2589 1494 2660 pro·

275 2662 394 2744 fditori
419 2657 621 2734 substitutus
643 2588 778 2735 Arei.
828 2661 964 2762 Quibus
981 2658 1101 2756 postea
1123 2660 1304 2758 adjunstus
1327 2659 1379 2734 est
1402 2666 1493 2737 Pou-
1559 2686 1562 2692 ·

284 2767 359 2847 lus3
385 2757 430 2833 de
454 2780 524 2852 quo
547 2751 609 2826 suo
634 2754 727 2829 loco.
777 2755 939 2858 Quorum
962 2758 1038 2831 vita
1060 2756 1122 2830 hic
1146 2759 1287 2854 quidem
1305 2759 1495 2834 enarranda
1561 2849 1562 2852 Ἴ

281 2856 400 2944 foret,
437 2849 495 2925 sed
521 2872 600 2923 cum
623 2848 718 2946 gesta
742 2871 780 2924 et
804 2851 879 2927 asia
911 2876 1032 2927 eorum
1055 2854 1098 2926 ad
1124 2854 1299 2928 Ecclesiae
1347 2876 1493 2951 ropaga·

283 2945 675 3055 tionempertiueant,
718 2946 762 3020 de
788 2972 858 3045 quo
881 2948 1022 3045 postea,
1062 2948 1189 3050 scripta
1218 2951 1289 3045 jam
1311 2880 1410 3046 ὥρη
1437 2974 1494 3022 re·

284 3046 504 3135 censuerim,
543 3042 707 3116 nonnulla
732 3042 776 3117 de
801 3063 902 3134 ortu,
943 3044 1127 3135 et‘obitu,
1166 3071 1288 3121 eorum
1312 3045 1496 3142 protulisse

278 3139 476 3225 suffecerit.
524 3141 612 3213 Cum
635 3160 723 3212 vero
748 3139 792 3215 de
815 3140 976 3237 Johanne
1000 3138 1120 3235 postea
1144 3142 1187 3216 ad
1214 3143 1282 3240 seq.
1306 3141 1497 3237 periodum

275 3238 423 3320 'asinius
447 3235 529 3333 sim,
563 3233 607 3309 de
630 3236 755 3326 Petro,
781 3237 906 3327 Paulo,
933 3258 970 3310 et
993 3236 1127 3332 Jacobn
1145 3238 1294 3335 Alphaei
1319 3240 1416 3333 plura
1436 3240 1494 3312 di-

283 3338 396 3417 cenda
421 3332 505 3422 smt,
548 3329 761 3424 reliquorum
782 3331 946 3404 notitiam
972 3332 1092 3425 paucis
1115 3335 1344 3427 praemittam.
1395 3335 1497 3411 Plura

283 3433 380 3517 euim
406 3453 450 3502 cx
481 3423 643 3523 genuinis
672 3425 928 3515 monumentis,
953 3425 1022 3498 fide
1048 3427 1181 3524 dignis,
1207 3430 1338 3503 hauriri
1362 3452 1497 3526 neque,-

284 3551 367 3613 uut:
393 3525 544 3601 incertas
568 3538 627 3593 aut
652 3519 748 3592 lisias
770 3520 1005 3612 narrationes,
1031 3545 1077 3596 ex
1101 3523 1270 3602 seriorum
1296 3545 1498 3621 temporum

285 3618 534 3713 traditionibus
559 3613 715 3721 eduiias,
756 3615 799 3687 ab
824 3615 930 3707 aliis,
953 3619 1012 3714 qui
1037 3621 1213 3717 prostant,
1247 3643 1284 3698 et
1308 3623 1388 3697 satis
1413 3623 1497 3698 uoti

285 3726 384 3815 lunt,
408 3742 445 3795 rc
472 3713 522 3789 oti
549 3711 684 3800 malim,
709 3734 808 3808 quam
838 3712 897 3786 hic
922 3716 1003 3812 legi.

324 3820 366 3999 ἑ,
391 3740 479 3895 cli,
512 3809 727 3920 llottlrpeos,
761 3829 800 3881 ut
825 3811 868 3881 ab
895 3834 960 3900 eo,
993 3834 1058 3907 per
1080 3815 1299 3909 euangelium
1326 3817 1497 3914 scriptum

290 3948 328 4007 g»,
356 3913 500 3999 mirsia,
524 3927 712 4014 incipiam,
738 3926 881 3984 munere
893 3912 1107 4002 publicanus,
1132 3911 1294 3985 nimirum
1312 3912 1496 3990 inferioris

289 4020 443 4109 munis,
474 4024 510 4083 ct
535 4003 749 4102 superrorum
776 4001 1039 4095 publicanorum
1067 4007 1306 4084 Romanorum
1332 4009 1495 4086 minister

294 4122 387 4207 ‘gurgi
412 4103 574 4201 luituris,
614 4098 729 4197 quales
758 4094 937 4171 inferioris
963 4098 1177 4175 conditionis
1208 4106 1276 4178 viri
1303 4107 1373 4181 else
1404 4106 1494 4182 sole·

292 4193 469 4307 WJur
500 4194 632 4293 inclusis
656 4191 772 4280 exosi,
814 4191 917 4288 saepe
943 4190 1049 4265 etiam
1077 4195 1190 4293 iniqui
1213 4201 1412 4291 exactores,
1453 4225 1495 4281 et

293 4326 478 4409 mgnum
494 4282 739 4405 ”putatoribus
769 4311 811 4384 ac
836 4288 1025 4398 gentilibus
1051 4292 1228 4367 adcenseri
1259 4298 1372 4386 soliti,
1411 4298 1496 4397 sed,

298 4406 517 4507 '‘mgm,
533 4389 728 4501 ulularunt·
753 4386 968 4483 baptizatus,
992 4407 1035 4462 ac
1047 4391 1182 4498 probae
1206 4413 1301 4469 nunc
1325 4395 1443 4565 Bitiae,
1469 4426 1492 4476 a

844 4568 854 4581 ,
913 4566 923 4581 .
1367 4513 1490 4570 omino

674 4762 698 4807 Χ
