3609 5500
785 940 916 1016 “Semi
934 942 989 1015 1..
1088 953 1119 1016 ·’-.
1439 946 1512 1032 289

282 1115 438 1208 Domini
483 1117 619 1198 ex'stare
650 1122 754 1219 apud
787 1121 1037 1220 Epiphaniam
1093 1142 1129 1212 ς.
1169 1119 1337 1218 Denique
1370 1119 1514 1217 majoris

285 1241 365 1292 non
389 1215 441 1290 est
462 1217 628 1293 facienda
650 1220 794 1292 traditio
819 1226 862 1293 de
887 1219 1249 1314 perpetuaJolrannis
1278 1218 1510 1314 virginitate,

285 1337 381 1411 quoe
405 1313 585 1412 originem
607 1315 699 1388 suam
726 1316 834 1389 debet
863 1316 978 1387 Lucio
1002 1316 1151 1402 Carino,
1194 1315 1327 1387 l'amol'o
1354 1314 1512 1406 falsario,

285 1433 349 1506 qur
374 1411 526 1506 plurima
551 1411 683 1508 scripta
707 1411 767 1485 sub
793 1412 992 1484 nominibus
1009 1410 1259 1506 Apostolorum
1286 1411 1414 1508 finxit,
1450 1413 1510 1483 De

286 1529 360 1604 quo
389 1505 464 1582 vid.
489 1506 673 1583 Berusobr.
707 1508 786 1580 bist.
812 1507 976 1581 Manich.
1012 1526 1098 1581 tom.
1125 1510 1153 1580 l.
1203 1509 1335 1579 Ornata
1369 1505 1511 1602 insuper

286 1599 344 1676 est
374 1601 442 1676 alia
477 1602 591 1678 fabula
622 1602 666 1676 de
689 1604 852 1699 Johanne
892 1603 1019 1699 sponso
1045 1603 1082 1675 in
1107 1604 1241 1699 nuptiis
1269 1607 1383 1675 Canae
1407 1602 1513 1677 Galil.

282 1697 375 1794 Job,
399 1700 473 1789 lt,
498 1699 715 1790 aDomino,
741 1701 800 1796 qui
818 1721 1010 1796 propterea
1033 1699 1076 1772 iis
1099 1698 1264 1773 intere-lle
1281 1696 1466 1787 voluillet‚
1491 1721 1513 1774 a

287 1795 458 1892 conjugio
481 1793 671 1884 abstraeim
714 1798 817 1868 etad
851 1794 1096 1893 Apostulatum
1124 1816 1272 1869 vocato:
1317 1797 1414 1892 cujus
1450 1816 1514 1869 au·

289 1909 349 1964 tor
384 1889 438 1964 est
468 1891 601 1966 Abdias
629 1892 860 1988 Babylonius,
901 1894 959 1965 cui
984 1890 1102 1966 ¹Ailus
1140 1890 1391 1987 Apostolorum
1426 1890 1513 1966 falso

291 1985 549 2063 aduibuuntur.
599 1988 702 2061 Plura
726 1988 885 2083 proferre
912 1987 1140 2084 supersedeo;
1166 1995 1210 2060 de
1233 2010 1371 2061 canone
1394 2007 1514 2062 autent

286 2082 446 2181 Script„
479 2084 682 2183 ajohanne
709 2081 896 2174 confeiim
931 2077 1053 2179 postea
1069 2083 1111 2156 ad
1137 2085 1216 2159 Sec.
1241 2084 1387 2178 sequens
1410 2081 1512 2159 diffe-

295 2201 380 2254 ram.
445 2245 452 2256 .

341 2271 589 2373 §.CCXLVL
622 2277 722 2351 Inter
743 2277 882 2375 Scripta
909 2274 1098 2373 Jolrannis,
1124 2275 1169 2350 de
1195 2272 1318 2371 quibus
1346 2276 1515 2375 quaedam

297 2365 443 2446 dicenda
462 2373 564 2462 sunt,
603 2372 753 2470 quaein
782 2396 956 2449 canonem
984 2374 1061 2445 sunt
1087 2374 1213 2460 reluta,
1253 2376 1405 2468 primum
1430 2397 1516 2450 meo

294 2465 450 2563 iudicio,
494 2467 619 2542 ordine
660 2471 857 2567 temporis,
897 2471 1012 2544 locum
1048 2487 1148 2543 tenet
1179 2470 1287 2542 Aucal
1303 2469 1401 2564 pstr‚
1449 2469 1517 2569 ipli

293 2563 435 2662 quidem
458 2561 551 2638 sabla
574 2564 612 2637 in
637 2566 746 2640 exibo
781 2568 842 2640 sub
865 2564 1096 2654 Domitiano,
1137 2583 1177 2637 ut
1201 2498 1307 2640 exlir
1335 2564 1513 2646 erioribus

293 2659 449 2750 constat,
474 2679 515 2733 et
535 2659 664 2736 litteris
687 2684 772 2737 tunc
800 2662 1020 2759 consignata,
1047 2659 1106 2734 sed
1132 2682 1204 2734 non
1229 2666 1425 2756 publicata,
1449 2664 1517 2742 nili

290 2756 369 2856 post
402 2775 558 2831 mortem
586 2758 680 2854 ejus,
720 2784 788 2834 nec
819 2762 862 2833 ab
893 2759 992 2853 ipso,
1031 2756 1090 2830 sed
1121 2782 1141 2831 a
1174 2756 1368 2836 senioribus
1389 2760 1515 2854 Aliae,

290 2852 377 2929 vitiu
398 2850 637 2951 Apostolicis,
663 2856 721 2951 qui
740 2854 894 2952 Johanni
915 2851 1114 2928 constanter
1139 2854 1345 2945 adfuerunt3
1375 2875 1413 2929 et
1431 2883 1517 2954 pro-

292 2948 409 3047 logum
433 2972 477 3025 ac
501 2950 681 3047 epilogum
707 2953 927 3027 addiderunt.
974 2950 1159 3045 Prologum
1186 2951 1307 3048 utique
1342 2975 1414 3026 non
1440 2956 1517 3031 erre

294 3044 486 3147 johannis,
527 3047 586 3144 qui
617 3047 750 3138 judicio
776 3049 886 3145 pollet
912 3046 1041 3118 critico
1069 3069 1114 3118 ex
1148 3045 1226 3141 ipso
1251 3049 1402 3142 prologo
1424 3071 1457 3123 c.
1483 3053 1517 3126 l:

294 3164 408 3239 1-3.
430 3141 553 3241 ,facile
581 3143 752 3242 colligere
794 3140 939 3240 poterit.
995 3141 1063 3213 Sed
1099 3139 1194 3213 idem
1225 3140 1271 3212 de
1305 3145 1449 3238 epilogo
1480 3169 1517 3224 c.

295 3238 396 3315 XXI:
424 3258 534 3333 ηπ·
556 3237 756 3329 lmtuerim,
790 3238 945 3311 maxime
962 3236 1043 3331 quia
1058 3233 1154 3306 dirae
1171 3256 1210 3309 et
1234 3234 1519 3335 inprecationes,

291 3332 392 3413 libris
412 3356 434 3409 a
456 3334 651 3411 Veteribus
675 3337 754 3411 addi
779 3335 921 3421 solitae,
962 3355 1007 3405 ne
1033 3351 1365 3427 corrumperentur,
1409 3358 1429 3407 a
1453 3337 1519 3432 Jo-

292 3428 409 3507 banne
427 3429 515 3503 mihi
532 3454 604 3503 non
622 3430 788 3507 videntur
804 3427 1006 3527 probolae,
1034 3452 1101 3501 nec
1125 3445 1194 3500 tam
1211 3426 1265 3519 ei,
1293 3453 1396 3526 quam
1412 3433 1514 3528 aliis,

299 3528 359 3623 qui
383 3526 514 3601 librum
543 3526 755 3623 vulgarunt,
797 3526 1030 3600 conveniunt.
1081 3522 1187 3623 Quod
1210 3527 1322 3599 verbo
1348 3526 1408 3601 hic
1434 3532 1519 3607 teti·

301 3622 381 3719 gille
411 3622 603 3697 suffecerit.
655 3624 862 3697 Confirmari
887 3642 923 3693 et
947 3618 1102 3692 illustrari
1125 3641 1307 3716 praeterea
1332 3620 1421 3697 haec
1439 3629 1518 3724 opi·

300 3717 356 3793 nio
378 3717 516 3817 poterit
538 3742 582 3791 ex
600 3719 795 3816 Euangelio
813 3718 1000 3815 Juliannis,
1026 3738 1099 3788 non
1118 3718 1160 3789 ab
1186 3716 1283 3813 ipso,
1309 3717 1367 3791 sed
1393 3719 1519 3799 iisdem

299 3812 512 3899 senioribus,
540 3816 740 3911 publieat03
766 3817 819 3889 uti
844 3840 888 3888 ex
921 3839 951 3888 c.
977 3812 1075 3884 XXI:
1104 3834 1217 3906 ²3³·
1241 3813 1330 3886 milti
1353 3818 1517 3895 manifes-

302 3927 370 3987 tum
395 3912 561 3994 videtur;
600 3936 669 4006 quo
694 3914 801 3985 etiam
830 3911 925 3984 forte
950 3905 1075 3979 referri
1101 3905 1238 4001 poterit
1258 3932 1302 3982 -c.
1328 3910 1428 3986 XIX:
1457 3937 1517 4010 35.

302 4006 356 4082 ubi
379 4008 471 4082 hacc
505 4008 611 4080 verba
643 4008 793 4098 inserta,
835 4022 868 4080 et
891 4028 1000 4079 rerum
1024 3999 1072 4096 est
1104 4007 1177 4097 rjus
1206 4002 1445 4098 testimoninm
1487 4027 1521 4084 er

305 4109 378 4177 mim
405 4105 572 4191 norimus,
605 4104 707 4199 ipsum
731 4129 808 4180 vera
834 4106 961 4188 dicere,
994 4098 1069 4174 aliis
1092 4098 1238 4188 rebius,
1264 4123 1367 4197 quam
1387 4103 1519 4196 Jolran·

304 4199 436 4296 niipfi,
459 4202 713 4291 conveniunt,
739 4202 845 4275 modo
863 4221 929 4292 pto
951 4199 1029 4270 oiln
1053 4198 1140 4267 novit
1171 4198 1307 4292 legatur
1329 4200 1450 4293 tulupa
1466 4223 1521 4270 no·

304 4302 418 4386 sitnm,
446 4294 556 4369 utic.
585 4297 683 4370 XXI:
712 4320 769 4387 24.
819 4293 880 4369 Est
909 4294 1006 4368 enim
1031 4296 1105 4366 οἶδεν
1128 4294 1215 4367 novit
1241 4292 1378 4388 prorsus
1403 4293 1522 4387 super·

302 4390 426 4482 fluum,
453 4414 557 4483 cum,
580 4417 653 4470 eum
680 4393 809 4492 vidffl,
840 4390 950 4468 modo
975 4390 1109 4469 dietum
1139 4407 1234 4467 erat:
1267 4386 1422 4464 conferri
1447 4412 1524 4465 me·

348 4488 437 4565 Tum
459 4486 538 4570 ΙΙΙ.
892 4486 960 4562 Oo
1404 4503 1528 4584 retur,
