3609 5500
840 915 1001 1000 secuta.
1074 921 1076 928 ·
1118 911 1130 976 ·-
1456 905 1544 1020 555,

321 1095 506 1206 relegatum.
555 1099 675 1176 Posset
696 1097 802 1176 alicui
829 1097 868 1175 in
891 1122 1048 1179 mentem
1075 1099 1222 1216 uenire,¹
1255 1101 1444 1182 teutonem
1469 1105 1524 1184 lo·

311 1195 646 1401 {transtris
660 1196 859 1403 titilus
880 1200 1520 1405 {uirilitatis-,trin

307 1387 368 1463 uisi
392 1410 468 1495 quis
488 1413 570 1464 eum
592 1387 682 1496 adeo
713 1387 815 1464 fuisse
840 1411 1001 1486 ineptum
1024 1391 1133 1483 veht,
1168 1412 1208 1466 ut
1232 1391 1431 1488 Johannem
1457 1395 1520 1472 sub

305 1486 444 1560 cauum
466 1504 547 1560 earn
570 1483 732 1580 adtigisse
755 1504 907 1559 aetatem
937 1485 1133 1577 censuerit,
1159 1510 1242 1562 cum
1277 1505 1440 1584 tempore
1463 1515 1519 1564 re·

301 1577 521 1656 sanceronis
537 1579 666 1656 Christi
682 1579 790 1654 suerit
811 1585 946 1677 juvenis
961 1583 1043 1679 Joh.
1071 1583 1154 1656 XX:
1178 1607 1214 1676 4.
1239 1578 1299 1656 sed
1324 1584 1421 1658 idem
1439 1607 1520 1666 cum

296 1675 539 1776 repetatibid.
562 1675 594 1784 5.
614 1699 672 1772 33.
698 1695 864 1787 oportet,
891 1681 949 1752 vel
969 1676 1174 1774 Epiphanio
1197 1675 1408 1756 adscribatur
1424 1702 1521 1851 maq-

297 1797 345 1850 ιιι
366 1773 615 1868 inprudentia,
657 1777 808 1848 tradenti
836 1772 1032 1868 Johannem
1053 1773 1126 1870 jam
1151 1793 1235 1849 tunc
1261 1792 1398 1850 tantum
1419 1775 1470 1850 fui
1500 1799 1523 1851 e

289 1871 438 1956 senem,
470 1870 531 1944 vel
551 1869 709 1958 dicatur,
741 1868 854 1964 ipsum
879 1868 918 1942 in
947 1893 1078 1966 genere
1103 1870 1213 1944 solum
1238 1871 1384 1946 voluisse
1409 1873 1525 1948 made·

286 1991 359 2057 se,
382 1961 585 2062 Johannem
610 1964 710 2038 valde
727 1963 847 2038 senem
872 1964 1038 2062 scripsisse
1054 1965 1291 2061 euangelium,
1315 1987 1353 2041 et
1397 1968 1451 2042 ost
1465 1993 1523 2046 re·

286 2063 413 2160 ,diurn
435 2065 618 2149 ePatmo,
643 2061 770 2156 absque
793 2081 832 2133 ut
854 2060 927 2134 illas
940 2060 1093 2157 epochas
1111 2063 1262 2137 voluerit
1278 2060 1342 2137 fibi
1363 2086 1522 2152 innexas.

284 2157 372 2234 §ed
391 2159 480 2234 haec
503 2154 698 2253 Epiphanii
728 2154 856 2251 opinio
880 2155 1047 2231 historiae
1076 2158 1197 2251 Pauli,
1222 2158 1260 2230 in
1278 2158 1360 2233 Asta
1384 2161 1524 2237 versan-

291 2255 373 2344 ais,
394 2253 495 2330 etad
525 2277 583 2326 eas
606 2250 774 2326 Ecclesras
789 2251 973 2327 scribentis
996 2251 1177 2363 epistolas,
1202 2253 1337 2329 dirette
1361 2256 1523 2332 adversa·

293 2369 386 2440 tur,
409 2374 490 2426 cum
515 2347 688 2446 Johannis
713 2347 802 2423 nulla
829 2348 892 2422 fiat
917 2368 1072 2439 mentio,
1097 2373 1165 2423 nec
1189 2350 1226 2423 ei
1252 2352 1349 2424 locus
1376 2349 1428 2425 ibi
1446 2350 1525 2427 sue·

302 2446 364 2522 rit.
412 2447 606 2544 Repugnat
631 2463 815 2540 praeterea
846 2468 944 2519 mora
975 2444 1150 2540 Johannis
1173 2445 1451 2544 Hierosolymis,
1484 2465 1526 2524 ut

286 2561 337 2620 ct
360 2543 458 2642 quod
492 2537 653 2615 Claudius
684 2562 758 2613 non
793 2541 932 2637 legatur
958 2539 1178 2615 Christianos
1213 2539 1421 2636 infestatus,
1464 2546 1526 2642 qui
1567 2609 1569 2614 .

287 2639 452 2740 Judaeos
475 2655 612 2712 tantum
641 2636 890 2710 tumultuantes
914 2636 1051 2731 expulit
1076 2638 1203 2712 Roma.
1254 2639 1421 2737 Denique
1439 2639 1526 2738 Epi·

287 2733 449 2837 phanius
473 2756 547 2809 non
572 2731 603 2806 is
625 2728 698 2821 est,
722 2729 780 2805 cui
803 2731 867 2805 soli
890 2729 1021 2830 aliquid
1045 2731 1198 2809 tradenti
1225 2731 1313 2809 fidet
1335 2735 1377 2810 stt
1391 2735 1524 2823 haben·

293 2834 364 2925 cla,
396 2829 536 2919 minus,
577 2826 701 2901 sitota
734 2828 902 2903 reclamet
933 2828 1143 2925 antiquitas,
1183 2830 1235 2903 uti
1265 2830 1338 2903 hoc
1362 2831 1399 2905 in
1423 2835 1515 2911 casu.

296 2928 502 3027 ,Johannem
526 2925 622 2997 enim
650 2922 713 2997 sub
735 2923 948 2999 Domitiano
970 2924 1009 2998 in
1033 2949 1114 2999 eum
1139 2923 1242 2999 fuisse
1263 2927 1457 3022 relegatum
1473 2930 1526 3003 lo·

304 3048 402 3115 ιιιιιι,
428 3018 591 3097 constans
614 3018 707 3106 fert,
739 3036 778 3090 ut
801 3043 889 3093 mox
912 3018 1071 3114 patebit,
1098 3019 1253 3093 traditio.
1300 3021 1368 3093 Sed
1393 3038 1530 3121 anony·

294 3144 398 3211 mus,
421 3120 483 3215 qui
505 3116 617 3192 vitam
643 3112 831 3186 Timothei
856 3114 1013 3208 scripsit,
1036 3114 1126 3208 apud
1151 3112 1316 3186 Photium
1332 3114 1419 3190 Bibl.
1446 3120 1527 3198 cod.

297 3238 403 3307 254,
430 3213 563 3303 refert,
598 3210 796 3307 Johannem
819 3226 982 3305 tempore
1006 3208 1261 3302 persecutionis
1286 3208 1444 3284 Neronis
1466 3214 1528 3289 de·

295 3330 400 3391 mum
423 3308 560 3387 venisse
583 3304 781 3401 Ephesum,
822 3304 881 3379 cui
918 3302 1078 3378 concinit
1111 3302 1256 3377 Simeon
1289 3304 1526 3403 Metaphrast.

292 3408 340 3487 rin
371 3406 450 3483 vita
480 3401 683 3477 Timothei.
732 3399 909 3475 Seriorem
943 3401 1060 3475 adhuc
1092 3423 1172 3475 eum
1206 3400 1399 3475 adventum
1433 3403 1525 3482 secit

296 3504 436 3591 ,Chrom
459 3499 644 3587 Paschale,
668 3496 762 3594 quod
785 3496 847 3569 sub
872 3497 1018 3570 nomine
1044 3501 1191 3592 epitomes
1217 3514 1391 3591 ternporum
1415 3501 1529 3578 exstat

301 3600 350 3687 -in,
364 3602 502 3679 Chron.
528 3590 671 3669 Eusebii
698 3589 891 3687 scaligeri,
915 3615 995 3666 ann,
1015 3598 1117 3687 primo
1134 3591 1340 3688 Vespasiani
1368 3594 1451 3669 illud
1468 3623 1527 3673 ae·

300 3694 448 3786 cidisse,
473 3691 650 3780 reserens,
677 3684 755 3761 cum
781 3686 892 3761 Titus
904 3687 1190 3785 Hierosolymam
1214 3688 1385 3763 tenderet.
1438 3694 1527 3769 lllud
1583 3738 1594 3757 ι

299 3792 414 3884 addo,
439 3789 641 3885 Johannem
670 3783 709 3857 in
733 3782 815 3857 Asia
837 3783 1011 3878 Ephelina
1037 3784 1105 3877 jam
1133 3784 1259 3879 aliquas
1284 3784 1422 3859 traxisse
1449 3813 1526 3863 mo·

308 3910 357 3965 ιιι
379 3907 468 3963 ante
494 3880 761 3967 Domitianum,
793 3896 914 3973 patere
939 3902 984 3951 ex
1006 3876 1171 3973 Epistolis
1197 3879 1238 3952 ad
1263 3876 1335 3953 illas
1359 3882 1532 3961 Ecclesias

298 3983 472 4082 scriptis,
494 3980 567 4076 Ap.
593 3979 623 4052 1.
650 3976 709 4049 sub
735 3972 966 4045 Domitiano:
1001 3996 1086 4068 quae
1112 3975 1363 4050 commercium
1387 3977 1530 4077 aliquod

300 4078 480 4177 ¹Iohannis
505 4099 586 4151 cum
618 4070 686 4145 illis
720 4068 889 4144 indicant.
938 4068 1055 4163 Quare
1090 4090 1212 4144 eorum
1240 4072 1402 4168 opinioni
1427 4098 1528 4149 acce·

310 4176 388 4251 dete
414 4196 578 4269 nequeo,
617 4168 676 4264 qui
699 4163 762 4239 vix
787 4183 873 4239 ante
896 4165 1140 4238 Domitianum
1165 4164 1361 4263 Johanncm
1388 4166 1425 4239 in
1450 4169 1528 4243 Ali·

312 4294 364 4345 am
387 4267 526 4347 venisse
550 4264 761 4361 opinantu13
795 4284 863 4335 nec
889 4258 973 4334 illud
999 4285 1043 4334 ex
1067 4284 1111 4336 co
1135 4262 1309 4351 firmatur,
1343 4262 1435 4358 quod
1462 4264 1529 4339 Ti-

308 4368 474 4451 ,antheus
499 4383 584 4447 tunc
608 4359 723 4437 adhuc
748 4355 1013 4555 Ephesqqueqit
1035 4356 1073 4434 in
1097 4358 1211 4453 vivis,
1236 4358 1369 4456 quippe
1390 4375 1539 4551 tempp.e

1584 4642 1597 4708 l
