3609 5500
621 856 658 924 '¹
686 893 730 961 ·”
757 900 761 905 ⁴
816 894 1008 993 Seculssll.¹
1453 925 1545 1024 197⁴¹

243 1084 246 1088 ’
289 1090 493 1171 adcumtiua
504 1089 737 1171 differendum
754 1093 816 1171 est.
866 1093 1079 1192 Antiquius,
1096 1091 1210 1191 quoad
1225 1092 1425 1188 Sabbatum,
1450 1099 1519 1176 mi·

289 1193 334 1265 hi
360 1214 433 1265 non
462 1191 619 1289 suppetit
650 1211 766 1266 aetate
800 1192 1009 1267 Tertulliani
1041 1189 1291 1267 testrmooium.
1343 1195 1518 1270 Constitu·

289 1288 415 1395 tiones
429 1286 526 1361 enim
546 1286 694 1384 Apost',
718 1311 760 1362 ac
781 1288 882 1399 epist.
909 1286 1140 1385 interpolatae
1164 1288 1315 1383 Ignatii,
1348 1313 1434 1384 quae
1458 1317 1515 1367 re-

292 1386 470 1457 centraria
490 1385 568 1457 suut
593 1402 664 1456 tem
693 1385 783 1473 oris,
810 1408 848 1458 rn
865 1407 940 1458 rem
959 1382 1047 1458 nihil
1063 1382 1215 1459 faciunt:
1246 1405 1314 1456 nec
1338 1407 1384 1457 ex
1409 1388 1514 1475 Tert.

244 1549 252 1559 ,
290 1477 412 1568 aliud,
449 1501 555 1590 quam
585 1500 631 1551 eo
661 1408 721 1552 ile
754 1504 825 1553 non
852 1479 954 1556 frtiffe
976 1481 1194 1588 jejunatum,
1237 1476 1353 1575 colligi
1382 1481 1513 1577 potest„

290 1577 351 1649 Ita
372 1573 418 1648 de
440 1575 557 1670 JeJun.
581 1595 612 1647 c.
640 1597 695 1665 14.
722 1600 903 1672 quanquam
930 1602 1005 1667 vos,
1031 1577 1230 1651 Catholrcos
1253 1576 1433 1650 adlocutus
1457 1579 1513 1652 in·

293 1669 394 1769 quit',
418 1674 520 1742 'eliam
543 1671 742 1762 Sabbatum,
768 1671 803 1765 st
827 1677 950 1767 quando
971 1677 1186 1759 continuatis,
1216 1693 1373 1769 nunquam
1396 1672 1456 1766 nist
1478 1677 1515 1748 io

285 1764 416 1866 postlla
432 1767 652 1863 jejunandum
676 1785 771 1857 etc,
805 1791 891 1865 ergo
916 1790 1049 1844 tantum
1085 1770 1124 1843 in
1155 1769 1307 1840 Sabbato
1336 1770 1512 1866 paschali,

289 1862 689 2062 ffioeiaiiiii‘e?
718 1862 1081 2049 fifflii'ieaii‘ii
1101 1863 1308 2033 nlllbl
1321 1866 1515 2036 aiiii?

289 2057 356 2133 das
376 2053 545 2151 Xeropha
572 2051 704 2145 arum,
747 2056 891 2149 exceptis
923 2058 1080 2131 Sublatis
1110 2070 1142 2129 et
1171 2052 1391 2132 Dominlacis.
1441 2057 1509 2132 Vi·

241 2225 244 2232 .
289 2151 429 2229 dentur·
448 2148 535 2228 Chri
569 2148 638 2222 ‘ani
670 2172 691 2222 a
717 2151 856 2247 jejunio
883 2149 942 2223 die
979 2151 1119 2227 Sabbati
1151 2146 1372 2242 abstinuiffe,
1412 2171 1453 2227 ut
1475 2153 1514 2228 se

290 2252 339 2327 ab
363 2245 570 2335 haereticis,
594 2244 655 2342 qui
677 2246 815 2320 Patrem
840 2246 970 2320 Christi
994 2251 1167 2345 negabant
1195 2249 1398 2344 Creatorem
1416 2249 1509 2340 eslc,

293 2365 336 2423 et
356 2344 542 2437 propterea
558 2339 712 2430 sabbati,
745 2346 878 2439 quippe
893 2342 1217 2438 creationis-figni,
1243 2342 1369 2417 nullam
1401 2344 1509 2418 habe-

293 2437 591 2527 bant'rationem,
615 2435 880 2532 distinguerent.
931 2440 1156 2511 Marcionem
1171 2436 1334 2534 profesio
1345 2442 1512 2534 jejunium

241 2622 243 2625 v
288 2539 433 2636 sabbato
447 2528 682 2629 praecepisse,
706 2532 812 2619 tradit
828 2534 858 2605 E
884 2532 958 2630 iph.
976 2533 1071 2610 haer.
1090 2556 1172 2625 42„
1188 2533 1246 2607 sed
1266 2530 1415 2623 sabbati,
1432 2554 1521 2610 tan·

289 2657 396 2735 quam
410 2631 474 2703 diei
486 2631 547 2701 reli
571 2624 628 2719 inst
645 2627 739 2701 inter
755 2630 838 2702 Chri
872 2630 990 2717 ianoS,
1015 2632 1145 2704 nullum
1161 2626 1273 2704 exstat
1291 2630 1382 2724 apud
1400 2631 1512 2729 scrip-1

289 2752 391 2810 tores
416 2726 519 2823 hujus
542 2654 649 2835 seculi
665 2724 866 2834 ‚indubium
892 2713 1155 2822 testimonium,
1187 2726 1396 2823 nequidem
1418 2729 1516 2826 apud¹

290 2822 466 2912 Tertull,
492 2844 578 2921 quin
596 2840 717 2917 potrus
740 2821 968 2897 contrarium.
1001 2822 1080 2922 lpse
1101 2824 1197 2896 enim
1220 2821 1264 2894 de
1281 2821 1367 2898 ldol.
1392 2847 1424 2898 c.
1451 2848 1510 2917 14.

289 2922 371 3002 dies
396 2917 503 2993 festos
526 2917 731 3008 recensens,
755 2937 793 2990 et
817 2916 1018 2991 Gentilibus
1042 2921 1246 3014 opponens,
1271 2918 1407 3010 inquit:
1430 2944 1508 2994 nam

290 3018 429 3099 ethnicis
445 3012 551 3113 semes
571 3035 696 3097 annuus
718 3013 844 3110 quisqam
866 3014 934 3084 aies
948 3009 1066 3108 festus
1101 3011 1170 3107 est,
1201 3014 1263 3082 tibi
1278 3016 1406 3082 abavus
1420 3012 1508 3107 quis-

295 3123 354 3213 'ue
374 3115 465 3199 sien·
491 3108 669 3207 quilocus
693 3108 882 3182 notabilior
909 3105 979 3197 est,
1020 3109 1114 3202 quod
1138 3103 1372 3178 demonstrare
1396 3109 1510 3198 velit,

288 3143 565 3289 {brillianorurn
590 3202 797 3301 festaiplura
827 3203 896 3278 esle
929 3222 1097 3291 numero,
1137 3222 1240 3297 quam
1270 3222 1505 3296 paganorum:

289 3304 356 3396 ubi
380 3302 473 3380 diem
485 3326 488 3333 ’
499 3300 627 3375 sabbati
645 3323 718 3373 non
743 3299 949 3397 neglexisset
965 3318 1182 3387 memorare,
1205 3295 1283 3370 liin
1299 3297 1360 3369 usu
1376 3295 1508 3375 suisset.

288 3405 475 3480 Praeterea
489 3414 585 3471 cont.
610 3395 689 3492 Jud.
709 3418 746 3471 c.
772 3418 807 3486 4.
833 3415 903 3470 etc.
931 3393 1063 3469 sabbati
1082 3390 1335 3473 observantiam
1353 3393 1422 3468 esle
1439 3419 1509 3472 una

288 3508 373 3586 'cum
393 3491 572 3578 sacrificiis
597 3511 635 3565 et
662 3491 737 3565 aliis
769 3492 935 3587 legalibus
967 3491 1150 3579 abolitam,
1190 3489 1308 3562 multis
1339 3489 1506 3587 disputat.

332 3589 582 3668 uam'eandem
607 3587 644 3661 in
660 3606 831 3660 mentem
855 3590 1031 3682 conspirat
1057 3588 1165 3661 Clem.
1199 3585 1302 3658 Alex.
1328 3586 1457 3662 Strom.
1483 3588 1509 3664 l.

306 3778 310 3785 ¹
341 3691 368 3761 l.
390 3710 424 3783 p,
435 3693 533 3771 2810.
560 3684 871 3780 ubipraeceptum
893 3684 1106 3757 'desabbato
1139 3679 1405 3789 intelligendum
1438 3681 1510 3756 effe

289 3781 479 3861 contendit
492 3781 536 3853 de
543 3781 715 3877 spirituali
732 3783 855 3874 quiete,
870 3777 937 3874 'per
951 3793 1063 3851 totam
1080 3797 1326 3851 oeconomiam
1348 3776 1506 3852 Novam.

291 3875 429 3969 Clarius
454 3877 565 3951 adhuc
589 3875 907 3950 Pseudo-Barnabas
927 3874 980 3947 ¹in
1015 3869 1124 3977 Epist.
1156 3871 1192 4040 p.
1231 3893 1286 3961 15.
1320 3868 1379 3977 qui
1412 3870 1509 3950 diem

290 3971 526 4055 Dominicum
553 3995 625 4045 non
650 3991 782 4045 tanturn
809 3969 915 4061 solum
939 3986 1131 4058 memorat,
1170 3967 1294 4055 edet,
1323 3987 1359 4037 ro
1376 3965 1509 4044 sabbati

286 4077 409 4150 locum
433 4068 642 4157 succeffille,
677 4069 769 4141 clare
795 4065 940 4139 indicat.
990 4066 1067 4137 lmo
1093 4061 1251 4161 Ignatius
1274 4058 1318 4135 ati
1342 4061 1507 4158 Magnes.

286 4165 324 4271 §.
350 4192 383 4257 9.
409 4163 622 4256 Christianos
645 4185 717 4235 non
734 4161 1006 4260 ampliusculere
1022 4159 1221 4248 sabbatum,
1240 4155 1298 4232 sed
1316 4153 1409 4228 diem
1431 4159 1509 4233 Do·

287 4263 488 4350 amnicum,
512 4260 641 4335 diserte
659 4260 784 4345 docet,
811 4257 872 4355 qui
888 4255 986 4330 locus
1002 4254 1103 4330 valde
1118 4256 1263 4329 vitiatus
1280 4248 1508 4358 eliinEpist,

283 4358 515 4455 interpolata.
563 4355 729 4453 Denique
753 4352 838 4453 Just.
864 4355 927 4425 M..
946 4355 969 4430 l.
993 4375 1026 4430 c.
1049 4349 1241 4433 diemsolit
1259 4369 1363 4425 omae
1377 4368 1511 4422 memo.

341 4452 548 4533 Tomdss„
768 4491 774 4503 x
858 4448 948 4531 Rrr
1220 4499 1261 4534 ι,
1427 4462 1648 4810 retr!
