3609 5500
280 953 355 1038 124
670 926 821 1034 ffiflorie
842 921 979 1028 Ecclefi
1000 925 1133 1030 Cltrrfl.¹

277 1115 450 1207 Priscilla,
475 1114 592 1188 Roma
617 1093 704 1182 cuni
723 1108 864 1206 Judaeis
887 1131 933 1182 ex
995 1107 1110 1184 sorum
1130 1129 1151 1184 a
1174 1106 1347 1201 Claudio„
1362 1111 1506 1192 cerina-

279 1217 385 1291 tllum
406 1233 485 1288 ann.
510 1204 646 1282 Claudii
674 1227 770 1279 mmo
793 1203 874 1279 Au.
898 1207 933 1280 X
973 1205 1038 1280 ΙΙΙ.
1064 1203 1123 1302 qui
1146 1204 1190 1278 de
1205 1205 1296 1280 statu
1319 1208 1512 1294 Ecclesiae.

277 1315 461 1389 Romanae
492 1304 727 1378 informarunt
747 1302 913 1391 Paulum,
951 1323 1063 1394 aquo
1090 1320 1249 1400 tempore
1275 1303 1498 1401 propositum

276 1410 349 1508 jam
366 1406 465 1502 cepit
480 1425 556 1475 eam
574 1397 732 1489 visitare,
757 1419 788 1472 c.
812 1399 842 1472 l:
861 1418 926 1504 ⁸13.
958 1395 1043 1469 XV:
1070 1418 1127 1504 aa.
1170 1400 1308 1507 ‘Scopus
1325 1397 1376 1474 est
1392 1423 1507 1498 prae.¹

278 1495 726 1690 llll’lillieiliioe
741 1490 1502 1684 carqfflpcqqffi.mecm

278 1619 550 1793 rdpletdedantur,
592 1643 799 1784 opiuidnes,
831 1681 866 1756 in
916 1680 1014 1791 rimis
1043 1682 1203 1790 respectu
1229 1683 1499 1780 justificationis

219 1865 221 1870 .
307 1786 478 1866 eccatoris
511 1807 630 1858 coram
663 1783 767 1867 Deo,
807 1796 845 1851 et
892 1776 1179 1870 antlrficauonis,
1220 1803 1292 1854 non
1325 1805 1371 1856 cx
1404 1785 1500 1882 legit

266 1819 464 1964 ‘irosucae
482 1878 723 1964 observantia,
748 1874 807 1948 sed
871 1873 942 1948 aria
959 1873 1032 1945 Dei
1056 1873 1095 1948 in
1111 1873 1268 1965 Christo,
1294 1881 1496 1973 petendae,

279 2003 350 2058 nec
383 1979 426 2054 ad
451 1977 602 2075 Judaeos
634 1971 828 2079 restringen
874 1993 915 2060 e,
955 1966 1014 2041 sed
1046 1968 1150 2044 etad
1174 1970 1309 2046 Gentes
1332 1997 1378 2068 qu
1428 1999 1509 2065 ue,-

280 2102 363 2159 eum
388 2078 476 2171 legis
500 2070 595 2144 Mos.
621 2070 875 2160 abroganone,
910 2062 1161 2141 extendendae.
1215 2065 1319 2173 Quod
1348 2071 1504 2167 capitale

278 2176 409 2270 dogma
425 2175 462 2244 in
479 2186 580 2262 parte
603 2161 786 2236 doctrinali
804 2158 981 2257 Epistolae
1004 2159 1078 2235 fuse
1098 2162 1266 2259 exponit,
1291 2186 1332 2240 ac
1349 2164 1506 2242 demon·

277 2267 384 2359 strat,
410 2258 694 2361 objedlionesque
710 2258 941 2364 Judaeorum,
966 2255 1008 2329 ad
1026 2280 1108 2353 quas
1131 2258 1303 2332 continuo
1327 2260 1503 2359 respicit,

279 2362 438 2441 emedio
456 2357 568 2432 tollit:
594 2353 681 2451 legis
706 2351 981 2448 ineptrtudinem
1006 2357 1048 2426 ad
1071 2372 1226 2445 reatum,
1250 2372 1289 2427 et
1305 2360 1503 2451 maculam,

281 2457 424 2627 ,equ
453 2452 673 2623 tellit..
706 2446 1505 2626 lest..ell⁶³ss0tttlt¹2lsltl³te

279 2577 424 2727 {dmin}
442 2646 484 2718 ad
512 2572 647 2716 Genffes
677 2572 816 2751 qdoque
841 2566 1025 2734 peitinedd
1055 2660 1177 2737 urget,
1218 2643 1409 2741 gentesque
1434 2645 1507 2743 Ju..

281 2746 396 2836 dacis,
421 2740 598 2839 propriam
620 2736 792 2835 justrtram
816 2736 963 2831 legalem
989 2733 1218 2827 sectantibus,
1243 2736 1500 2819 substituendae

280 2843 352 2919 elle
379 2834 601 2913 demonstrat.
649 2831 710 2905 Est
734 2833 851 2926 itaque
875 2830 965 2904 haec
989 2829 1145 2929 Epistola
1191 2834 1258 2908 uasr
1282 2858 1500 2913 commenta·

281 2940 355 3015 rius
385 2934 427 3009 ad
460 2931 593 3005 dicium
627 2924 753 3001 Christi
786 2928 894 3001 Matt.
930 2928 979 3000 V:
1015 2951 1073 3003 20.
1123 2859 1194 3021 Nida
1222 2930 1356 3028 justitia
1390 2934 1528 3028 uestro

281 3035 389 3128 fitea
414 3026 659 3125 Pharisaeorum
685 3024 911 3113 excellentior,
954 3046 1013 3095 non
1045 3029 1213 3101 intrabitis
1237 3053 1372 3123 regnum
1396 3035 1502 3106 coelo·

276 3158 392 3213 ratens-

170 3304 173 3308 .
299 3280 304 3289 -
353 3285 361 3302 .
389 3224 540 3299 CXVII.
574 3219 723 3295 Secunda
752 3215 923 3314 periodo,
956 3240 1043 3313 quae
1066 3217 1204 3292 vincula
1228 3222 1322 3297 Pauli
1343 3221 1501 3319 primurn

279 3320 448 3406 Hreros,
474 3317 556 3388 dein
575 3319 732 3400 Romae,
759 3312 941 3397 continet,
966 3333 1003 3384 et
1018 3335 1097 3386 ann.
1116 3316 1205 3390 Ner.
1222 3338 1362 3408 4toaer.
1382 3319 1430 3391 V.
1448 3328 1500 3405 58

281 3412 442 3507 incepit,
467 3430 506 3482 et
531 3408 684 3503 quinque
707 3405 805 3476 annis
828 3403 988 3496 duravit,
1013 3409 1119 3504 usque
1147 3412 1188 3483 ad
1213 3413 1352 3489 Neron.
1376 3436 1500 3505 onum,

281 3532 354 3586 ater.
381 3509 430 3581 V.
457 3507 597 3591 dedum,
630 3521 669 3577 ut
694 3495 813 3608 postea
839 3499 996 3593 patebit,
1034 3504 1182 3600 scriptae
1208 3504 1288 3583 sunt
1320 3509 1504 3606 Epistolae

282 3609 354 3681 hae
378 3618 545 3697 quatuor,
587 3599 630 3672 ad
653 3593 912 3690 PlnlrppenseS,
947 3599 1182 3691 Colossenses,
1215 3606 1405 3700 Ephesros,
1439 3608 1504 3681 uel

281 3699 525 3785 Laodicenos,
566 3713 604 3766 et
631 3695 893 3780 Philemonem,
935 3715 1023 3787 quac
1055 3697 1207 3791 ejusdem
1243 3702 1375 3775 tenoris
1400 3703 1501 3793 sunt,

282 3817 324 3874 et
348 3795 488 3869 Paulum
521 3813 593 3863 uno
626 3790 818 3882 eodemque
851 3788 889 3861 in
922 3786 1011 3863 statu
1034 3795 1302 3887 repraesentant.
1351 3800 1392 3871 In
1420 3797 1502 3871 vin-

281 3893 392 3981 culis,
426 3911 499 3962 non
524 3885 835 3982 qualibuscunque,
875 3883 1234 3993 sedeelebriorrbus,
1267 3892 1500 3968 diuturniori.

284 3992 368 4072 bus,
396 4009 437 4057 ac
454 3983 647 4072 Romania,
677 4006 734 4055 eas
757 4004 879 4053 ornnes
902 3979 1002 4057 sursse
1029 3985 1245 4080 conscriptas
1266 3992 1372 4062 multa
1396 4012 1499 4065 extra

283 4081 428 4159 dubium
446 4081 629 4153 collocant.
685 4102 716 4151 1.
742 4080 897 4149 Vincula
912 4098 1149 4153 memorantur
1173 4083 1210 4156 in
1227 4085 1293 4157 illis
1309 4087 1499 4176 diuturna„

283 4200 411 4355 tlt?
434 4173 602 4345 ufpeq..
626 4175 797 4343 ilbi?
830 4174 1043 4365 illisi·
1079 4177 1310 4365 7¹V1²³33l
1363 4181 1498 4350 uqu-

345 4302 791 4352 :·'··‘·
988 4295 1499 4362 .:,‚,0,11.

284 4378 364 4457 lem.
393 4394 427 4469 1,
451 4392 488 4465 9,
515 4388 572 4465 ιχ.
619 4390 654 4447 2.
679 4364 807 4444 Missae
823 4366 904 4444 sunt
918 4388 982 4463 per
1003 4297 1203 4466 Tychicuin
1225 4303 1320 4470 Epir?
1343 4375 1410 4449 Vl.
1422 4398 1502 4541 Cer.

280 4532 304 4571 k
