3609 5500
282 940 357 1033 '⁸44
450 976 454 984 =
530 926 536 947 '
600 953 603 960 ·
670 930 816 1035 Historia
839 911 968 1037 Eresos
995 933 1112 1039 Christ.

285 1112 493 1212 vocaverit,
520 1112 660 1213 ineam
684 1139 756 1190 non
779 1117 919 1213 poterit
941 1141 1014 1192 non
1041 1112 1200 1200 incidere
1224 1110 1506 1213 cogitationem,

282 1215 380 1288 hunc
412 1213 528 1286 virum
562 1214 604 1287 ad
637 1214 811 1310 praeclara
843 1238 952 1308 opera
991 1212 1029 1286 in
1063 1209 1289 1286 commodum
1323 1210 1501 1287 Ecclesiae

284 1310 386 1384 suilse
420 1306 649 1397 destinatum3
690 1308 847 1403 adeoque
872 1333 892 1381 a
918 1307 1093 1403 probabili
1122 1330 1200 1381 nou
1224 1303 1295 1379 else
1323 1304 1501 1399 alienum,

280 1405 375 1501 quod
402 1404 542 1498 antiqua
566 1406 673 1477 habet
697 1403 863 1493 traditio,
896 1407 939 1477 ab
958 1405 1113 1484 lrenaeo
1135 1400 1214 1475 adv.
1238 1400 1370 1476 haeres.
1395 1402 1418 1475 l.
1445 1404 1502 1498 lll

283 1522 321 1573 et
347 1502 415 1574 lV.
442 1500 508 1594 jam
537 1518 750 1588 memorata,
775 1518 812 1570 et
827 1501 1012 1595 adoptata,
1038 1522 1119 1572 eum
1140 1495 1363 1594 euangelium
1384 1496 1421 1570 iu
1437 1521 1503 1594 pa·

285 1595 375 1684 tria,
406 1614 443 1667 et
466 1595 597 1668 vicinis
621 1594 728 1681 locis,
764 1615 844 1665 cum
869 1593 985 1668 frusta
1007 1590 1248 1679 adnuncialle5
1288 1591 1375 1665 licet
1398 1589 1502 1668 deru-

281 1715 388 1787 ceps,
414 1709 452 1762 ut
479 1689 556 1763 ficri
582 1690 730 1776 adsolet,
755 1688 861 1762 variis
886 1689 1030 1778 fabulis,
1056 1713 1140 1785 quas
1163 1688 1292 1776 mitto,
1323 1710 1366 1761 ea
1387 1686 1502 1765 sueri't

281 1804 416 1859 ornata.
468 1788 632 1859 Ceterum
655 1785 750 1857 hunc
776 1786 890 1857 virum
913 1809 985 1859 non
1011 1786 1153 1881 quidem
1177 1783 1369 1878 Judaeum,
1393 1782 1500 1895 quip-

280 1906 329 1978 pe
354 1879 612 1977 AEthiopem,
656 1898 809 1952 attamen
836 1880 1050 1975 proselytum
1086 1878 1207 1967 fuisse,
1250 1896 1288 1949 et
1312 1878 1499 1973 Judatcam

312 1974 475 2049 rosellam
501 1976 730 2073 religionem,
763 1998 808 2047 ex
835 1975 1000 2049 adscensu
1025 1973 1100 2068 ejus
1126 1972 1432 2070 Hierosolymam,
1458 1983 1499 2051 ut

321 2095 400 2144 eum
424 2071 474 2144 ibi
502 2074 635 2144 coleret
665 2066 755 2142 sesto
778 2070 893 2163 aliquo
921 2071 1074 2157 solenni,
1118 2088 1156 2141 et
1180 2065 1333 2143 lectione
1359 2071 1439 2145 Scri
1467 2077 1495 2148 t'.

282 2169 319 2251 S.
353 2166 390 2239 in
415 2164 493 2260 ipso
517 2190 643 2254 curru,
683 2162 764 2237 Aet.
800 2166 905 2237 Vlll:
940 2189 1054 2258 η·-
1076 2162 1296 2238 manifestum
1329 2162 1393 2240 est.
1488 2176 1490 2180 ’

279 2270 350 2358 q'uo
366 2260 552 2349 elucescit,
579 2258 761 2357 proselytis
785 2280 822 2332 et
840 2261 1028 2347 eunuchis,
1053 2282 1164 2356 aeque
1189 2283 1230 2333 ac
1247 2258 1409 2357 Judaeis,
1438 2262 1495 2337 vi·

280 2358 404 2431 amad
428 2356 715 2430 communionem
742 2354 827 2437 Dei,
845 2356 881 2428 in
909 2355 1048 2429 Christo
1080 2355 1139 2428 sub
1165 2353 1360 2451 Euangelio
1395 2376 1497 2452 pate·

278 2475 343 2540 re;
376 2452 562 2525 secundum
590 2452 657 2548 Jes.
683 2451 782 2523 LVI.
809 2453 927 2524 'Illam
953 2472 1070 2524 autem
1094 2448 1305 2545 AEthiopae
1329 2460 1495 2546 partem,

280 2565 371 2642 quae
395 2542 575 2642 'AEgypto
597 2544 762 2641 proxime
787 2543 960 2640 subjacet,
984 2566 1022 2619 et
1050 2546 1158 2620 insula
1174 2547 1305 2619 Meroe
1327 2548 1494 2621 contine·

166 2700 169 2705 ,
277 2663 356 2727 tur,
392 2638 566 2735 intelligi,
599 2640 728 2714 dudum
745 2638 796 2712 est
812 2641 1045 2722 observatum.
1097 2641 1184 2715 Vid.
1208 2637 1377 2714 Ludolsus
1396 2642 1496 2724 Hist.

279 2736 400 2812 AEth.
434 2737 455 2810 l.
483 2738 529 2810 ll.
563 2759 594 2809 c.
626 2760 660 2827 4.
695 2760 826 2810 nornen
883 2762 997 2835 noque
1032 2737 1196 2813 candaces
1233 2734 1302 2810 suit
1334 2734 1496 2836 regionis

277 2830 378 2914 istius
402 2831 493 2921 loci,
507 2831 587 3000 cy‘atn
611 2855 631 2903 a
655 2851 814 2926 tempore
842 2762 1030 2907 lilexandri
1057 2836 1136 2923 M.,
1161 2830 1364 2928 proprium:
1401 2834 1493 2913 Vid.

274 2927 504 3002 -Fabriciusa
555 2925 664 3002 Dion.
690 2925 776 3000 Cass.
804 2930 824 3000 l.
850 2931 949 3002 LIV.
974 2952 1019 3002 ne
1042 2931 1127 3002 alios
1151 2929 1270 3000 citem.
1485 3000 1488 3011 ,

329 3024 360 3124 s.
387 3025 549 3097 CCXVI.
588 3022 686 3116 Sicut
718 3022 779 3096 hic
801 3024 990 3098 Eunuchus
1025 3049 1088 3120 pro
1112 3020 1282 3120 primitiis
1310 3023 1492 3103 credenti·

279 3148 360 3210 um,
398 3143 470 3194 non
498 3143 543 3195 ex
570 3118 762 3208 Gentibus,
804 3119 855 3192 uti
882 3121 1111 3217 Nicephorus
1135 3121 1184 3194 H.
1210 3119 1249 3192 E.
1274 3117 1296 3189 l.
1322 3121 1369 3194 ll.
1394 3141 1428 3196 c.
1455 3130 1491 3201 6.

276 3237 455 3308 autumat,
481 3215 539 3290 sed
554 3216 738 3312 proselytis
764 3215 1022 3304 illustrioribus,
1052 3217 1263 3310 aliquatenus
1279 3213 1402 3288 haberi
1418 3242 1489 3314 po·

280 3314 367 3401 test,
409 3313 475 3400 ita,
509 3311 603 3407 quod
640 3316 774 3384 tertium
799 3310 849 3382 est
884 3312 985 3404 hujus
1021 3309 1160 3407 periodi
1195 3308 1491 3407 phaenomenon,

279 3406 437 3480 Cornelii
472 3403 677 3492 conversio,
726 3404 850 3486 itidem
884 3406 1022 3499 prorsus
1058 3405 1256 3500 singularis,
1305 3403 1491 3488 solennem

276 3502 349 3578 Dei
374 3500 647 3572 declarationem
672 3498 716 3570 de
743 3498 926 3593 gentibus,
954 3524 1021 3574 una
1043 3522 1121 3574 cum
1149 3499 1310 3594 judaeis,
1338 3502 1490 3582 eandem

305 3599 380 3666 line
407 3598 442 3665 in
468 3617 579 3688 regno
606 3591 733 3665 Christi
760 3592 909 3667 natturis
927 3596 1075 3686 sortem,
1102 3596 1296 3670 luculenter
1321 3597 1485 3679 exhibet.

276 3623 448 3769 hastatus
480 3688 568 3759 hacc
602 3685 745 3759 historia
780 3691 859 3763 An.
885 3693 954 3778 X.,
999 3691 1132 3764 nemini
1166 3714 1238 3762 non
1264 3691 1490 3772 exsectione

277 3786 409 3879 Script.
445 3803 556 3871 nota,
598 3784 654 3856 vel
686 3782 788 3855 facile
823 3786 1023 3860 haurienda.
1072 3787 1200 3890 Quare.
1225 3809 1295 3858 uno
1326 3788 1489 3866 alterove

277 3883 447 3976 defungar
464 3879 659 3952 observato.
710 3882 909 3954 Cornelium
927 3883 1180 3957 Centurionem
1197 3881 1374 3972 cohortis,
1400 3907 1421 3955 e
1439 3888 1489 3959 le·

276 3982 384 4075 gionc
411 3974 501 4046 dieta
524 3975 662 4065 Italica,
689 3976 785 4072 cujus
808 3979 899 4074 apud
917 3979 1102 4053 Arrianum
1127 3978 1289 4072 frequens
1312 3976 1363 4050 est
1386 4002 1488 4055 men·

275 4077 359 4160 rio,
375 4069 476 4177 fuiss:
499 4071 667 4164 gentilem
695 4073 853 4166 quidem,
889 4096 926 4148 et
951 4099 1021 4148 non
1046 4073 1281 4170 proselytum,
1308 4073 1400 4168 quod
1424 4100 1486 4150 an·

276 4198 313 4249 te
348 4189 462 4237 omnia
495 4166 606 4237 notari
641 4168 774 4254 velim,
821 4195 866 4242 ex
898 4169 1057 4242 omnibus
1090 4168 1297 4241 narrationis
1329 4169 1490 4263 partibus

276 4267 399 4350 clarius
428 4259 496 4351 cst,
523 4285 623 4353 qnam
651 4284 687 4334 ut
707 4263 939 4338 demonstrare
965 4265 1100 4339 necess:
1117 4266 1176 4337 sit:
1202 4284 1374 4354 attamen,
1401 4267 1490 4344 licet

276 4364 364 4444 nihil
388 4383 467 4434 cunt
495 4355 610 4431 rituali
633 4359 711 4454 lege
740 4359 900 4436 Mosaica
931 4384 1117 4439 commune
1137 4351 1319 4460 habuerit,
1358 4363 1496 4473 notitia

309 4520 312 4524 ,
1415 4481 1499 4535 verr
