3609 5500
823 941 942 1020 'tent
968 937 1003 1021 I.
1448 967 1525 1053 ιη

285 1117 1088 1332 ffuiiipffre'iiiiii'iiiri'rififfia’e
1110 1121 1513 1331 “iiiiii-31⁰5&

242 1407 246 1414 Ι
285 1339 350 1416 pro
377 1339 455 1414 quo
478 1315 674 1390 rrrtercedrt
700 1315 791 1411 apud
814 1316 1080 1406 Philemonem,
1122 1334 1162 1390 ut
1186 1341 1225 1391 rn
1250 1319 1393 1396 domum
1418 1323 1512 1398 reci-

285 1412 428 1512 piatur,
452 1411 595 1510 seseque
619 1409 797 1486 substituit
811 1410 1112 1510 expromi-isonem
1163 1411 1225 1487 Est
1251 1414 1394 1512 quidem
1408 1418 1509 1517 Epis-

288 1509 358 1586 tuh
373 1507 545 1606 privata,
579 1525 623 1581 et
645 1507 845 1603 argunertti
870 1508 1081 1604 negemus,
1125 1509 1186 1582 seu
1208 1509 1416 1601 domeffici,
1449 1514 1511 1590 seu

285 1603 332 1684 iu
354 1603 571 1680 methodice
596 1621 634 1676 et
660 1602 849 1679 artificiose
873 1605 1022 1699 scripta,
1063 1603 1208 1701 genium
1233 1607 1328 1683 Pauli
1356 1605 1512 1685 mirifice

288 1699 480 1792 redolens,
501 1717 543 1774 ut
557 1695 663 1798 digna
687 1698 798 1773 fuerit
815 1697 913 1791 visa,
937 1722 1025 1798 quae
1050 1699 1148 1774 iuter
1162 1701 1258 1778 Paui
1275 1703 1449 1806 Epistohc
1465 1704 1507 1783 in

285 1795 466 1876 Ecdefioe
487 1793 587 1870 utinm
606 1795 728 1868 'locum
748 1793 887 1871 habeat.

322 1889 362 2003 {-
387 1889 522 1966 cxlx.
544 1888 724 1965 Prioribus
753 1891 883 1965 solutus
904 1889 1058 1966 vinualia
1086 1888 1151 1964 scri
1180 1889 1221 1966 srt
1249 1891 1333 1970 duas
1355 1896 1511 1976 eximias

286 1985 481 2086 Epistola,
513 1986 673 2084 priorem
696 1985 741 2061 ad
771 1985 993 2078 Timotlrcum,
1025 2004 1063 2060 et
1087 1986 1130 2060 ad
1185 2005 1281 2066 rtem.
1327 1991 1429 2066 Prior
1449 1994 1511 2072 issa

290 2105 358 2160 nou
375 2081 454 2158 fuit
479 2081 522 2158 in
543 2081 695 2157 vinculis
715 2102 874 2175 emta,
919 2106 1000 2158 curn
1025 2082 1164 2157 iliorum
1183 2086 1279 2159 nulla
1300 2105 1374 2161 uon
1396 2088 1509 2165 sorum

292 2197 451 2258 eccm
474 2177 635 2270 mentio,
677 2176 738 2253 sed
758 2179 881 2255 Patrius
901 2180 938 2255 se
968 2179 1116 2255 liberum
1138 2178 1209 2255 effe
1235 2179 1393 2257 ostendat
1416 2189 1511 2262 cI:

296 2297 329 2376 3.
361 2277 430 2352 111:
462 2297 520 2371 ¹3·
544 2295 614 2348 uec
638 2293 756 2350 tamen
780 2295 863 2352 ante
887 2273 1007 2372 priora
1028 2274 1190 2367 vincula,
1215 2276 1296 2374 quia
1321 2276 1360 2352 in
1376 2278 1509 2356 itinere

294 2369 404 2450 versun
434 2369 690 2448 Macedoniam
716 2370 852 2446 dicitur
877 2369 1116 2447 Timotheum
1149 2370 1324 2471 reliquisse
1351 2375 1510 2474 Ephefi,

293 2469 379 2546 ek
415 2491 455 2566 3.
487 2487 569 2541 cum
600 2484 683 2540 ante
741 2467 836 2544 riora
867 2467 1008 2543 vincula
1042 2466 1245 2542 individuus
1278 2469 1351 2565 ejus
1384 2494 1511 2550 ooruer

288 2562 414 2641 fuerit:
456 2559 556 2640 scena
583 2585 631 2638 ac
680 2491 807 2639 orfea.
856 2564 973 2640 Venit
1000 2564 1095 2636 enim
1129 2587 1208 2638 curn
1235 2564 1433 2641 Timotheo
1467 2568 1507 2645 in

289 2657 566 2751 trecennium,
603 2657 618 2730 i
667 2659 871 2734 eAthenaa
900 2679 939 2733 et
964 2658 1196 2751 Corinthum,
1236 2679 1274 2734 ct
1304 2660 1368 2761 ipsr
1394 2665 1510 2739 adsuit

289 2753 524 2855 inprioribur
545 2752 708 2831 vinculis.
755 2753 837 2829 Post
858 2780 945 2853 quae
964 2756 1102 2831 vincula
1126 2754 1236 2831 soluta
1262 2756 1406 2834 videtur
1425 2762 1511 2837 His-

357 2852 428 2927 iam
479 2849 615 2942 etiisse,
658 2868 695 2924 et
715 2850 797 2925 inde
823 2854 983 2942 Cretam,
1027 2851 1086 2926 ubi
1113 2853 1290 2927 ordinauit
1315 2856 1509 2948 Ecciesnc,

314 2948 431 3023 uando
458 2971 499 3021 in
522 2946 641 3023 Anam
670 2944 800 3038 rediit,
840 2966 878 3021 et
905 2948 1140 3022 Timotheum
1174 2950 1319 3047 reliquit
1351 2954 1506 3048 Ephesi,

288 3044 433 3143 ipsein
454 3039 705 3118 Macedoniarn
735 3042 916 3138 profectus
945 3044 1007 3118 est.
1055 3046 1191 3138 Scopus
1217 3045 1317 3137 epist.
1344 3071 1432 3118 vcro
1456 3047 1512 3120 cst

289 3162 379 3217 cum
391 3137 841 3226 admouere'rimotheum,
859 3136 1229 3234 delegatumApostoli
1248 3138 1361 3223 Pauli,
1380 3139 1511 3232 Ephesi

291 3232 532 3323 tendentem,
552 3254 590 3308 ut
610 3232 785 3328 depofitunt
811 3231 917 3321 fidei,
942 3251 980 3304 et
1002 3252 1109 3304 verae
1134 3227 1315 3304 doctrinae
1336 3232 1510 3325 salutaris,

289 3328 448 3407 aPauio
473 3350 679 3427 acceptum,
703 3352 790 3427 pure
815 3329 1023 3416 conservet,
1048 3327 1101 3400 uti
1127 3326 1272 3401 clausula
1289 3326 1357 3423 Ep.
1382 3328 1512 3422 habet,

290 3428 450 3523 adeoque
475 3422 579 3499 fibia
611 3425 702 3499 falsu
732 3443 855 3500 caveat
886 3423 1111 3511 doctoribus,
1145 3421 1282 3519 philoso
1309 3424 1403 3497 hiatn
1427 3426 1512 3500 Ori·

292 3524 447 3598 totalem
472 3543 555 3607 cum
585 3518 780 3596 Christiana
804 3519 1132 3605 commiscentibus,
1174 3518 1233 3614 qui
1294 3518 1512 3599 nosticorum

295 3620 438 3693 nomine
460 3617 542 3693 noti
560 3617 658 3707 sunt,
682 3616 778 3712 quod
803 3640 888 3689 mox
913 3639 945 3690 c.
970 3618 1000 3689 1:
1024 3637 1059 3706 4.
1090 3636 1195 3705 agere
1220 3615 1370 3711 incipit,
1412 3637 1451 3690 et
1475 3642 1511 3696 c.

293 3717 321 3789 1.
344 3738 386 3791 ac
409 3714 482 3791 IV.
516 3711 664 3787 ulterius
686 3710 907 3807 exsequitur,
948 3734 1017 3806 quo
1042 3707 1148 3781 etiam
1175 3731 1206 3780 c.
1235 3710 1303 3785 Vl:
1330 3734 1362 3805 3.
1398 3714 1513 3807 redit,

316 3830 475 3886 raeterea
497 3806 668 3884 instruere
696 3808 825 3884 notitia
855 3830 993 3896 rerum,
1033 3805 1078 3879 ad
1106 3804 1294 3878 Ecclesiam
1330 3810 1422 3881 bene
1445 3834 1511 3905 gu.

293 3836 506 3981 iemandam
536 3902 810 4002 pertinentium,
852 3925 883 3977 c.
910 3905 974 3977 111:
1004 3921 1059 3989 15.
1108 3899 1211 3973 Circa
1250 3901 1344 3975 idem
1372 3922 1514 4001 ternpus

293 4003 422 4103 stripta
445 4000 590 4077 videtur
613 3996 725 4095 Epist.
748 4000 791 4073 ad
818 3998 952 4086 Titum,
993 3996 1088 4068 inter
1113 3993 1230 4103 priora
1258 4018 1294 4070 et
1319 3998 1514 4092 posteriora

294 4098 444 4175 vincula.
496 4098 586 4173 Oum
612 4094 709 4167 enirn
735 4097 860 4170 nuilarn
886 4115 959 4166 non
991 4110 1126 4165 tanturn
1150 4095 1375 4168 vinculorum
1402 4097 1510 4171 faciat

299 4196 535 4285 mentionem,
574 4189 635 4264 sod
660 4188 807 4268 liberum
831 4191 867 4264 se
896 4187 1073 4276 ostendat,
1107 4211 1139 4263 c.
1173 4189 1348 4281 111:12.,
1385 4192 1512 4266 Titum

303 4312 385 4365 vero
408 4286 597 4389 reliquerit
620 4287 766 4380 Cretae,
790 4286 947 4380 adeoque
974 4281 1110 4380 etipse
1139 4281 1190 4357 ibi
1217 4285 1347 4373 fucrit,
1372 4284 1516 4361 itineris

302 4404 417 4465 auten
437 4385 537 4467 raui
560 4381 683 4465 versut
707 4382 845 4465 Cretam
873 4398 957 4587 ἔτι
979 4380 1099 4480 priora
1123 4377 1265 4456 vincula
1287 4404 1360 4457 nou
1384 4383 1516 4487 menri*

929 4497 955 4569 4
1418 4496 1518 4559 utut
