3609 5500
271 927 351 1014 oud
666 915 815 1019 lustum
839 916 969 1021 Eccles.
995 921 1108 1023 Christ.

282 1104 426 1203 ligitur,
451 1094 545 1198 quod
562 1097 778 1176 Frontonem
801 1105 949 1197 Afrum,
974 1127 1136 1204 tanquam
1152 1099 1273 1202 suum,
1300 1098 1505 1181 laudaverit.

286 1207 425 1280 Rornae
456 1218 574 1269 tamen
604 1198 713 1294 egisse
748 1200 859 1295 ipsum
892 1203 1131 1293 Causidicum,
1172 1200 1320 1276 testatur
1352 1200 1502 1278 Hieron.

287 1301 333 1375 de
353 1296 470 1392 script.
495 1294 648 1385 Eccles,
683 1312 721 1366 et
746 1296 783 1367 in
807 1300 874 1394 Ep.
897 1301 940 1373 ad
966 1304 1143 1398 Magnum
1175 1318 1378 1384 oratorem
1411 1321 1505 1396 prae·

287 1415 399 1471 eunte
422 1389 628 1479 Laclanti0,
661 1394 720 1485 qui
747 1392 860 1468 Instit.
885 1398 908 1469 l.
938 1398 985 1470 V.
1012 1417 1043 1471 c.
1072 1420 1103 1470 1.
1138 1418 1220 1467 eum
1246 1391 1417 1483 testatur,
1451 1418 1507 1468 nm

288 1491 462 1589 ignobilem
482 1490 567 1559 inter
598 1486 771 1579 caustdicos
793 1491 875 1561 luci:
916 1491 979 1565 nisr
1015 1490 1091 1587 quis
1123 1513 1204 1564 cum
1234 1488 1346 1563 docto
1370 1489 1506 1565 viroin

294 1585 452 1684 Parergis
475 1581 640 1681 Gotting.
665 1585 850 1679 legendum
889 1588 978 1662 velit
1010 1610 1082 1661 non
1113 1590 1194 1677 luci,
1235 1583 1296 1658 sed
1320 1583 1506 1678 Ecclesiae,

293 1683 399 1770 etde
423 1678 602 1755 causidicis
626 1679 802 1753 Eccrefiae
827 1683 1056 1778 capiendum:
1081 1682 1175 1780 quod
1197 1701 1325 1756 verum
1349 1704 1423 1757 non
1445 1704 1505 1778 pu

297 1803 383 1859 tem.
435 1774 585 1879 Quando
607 1774 788 1865 floruerit,
814 1776 928 1851 minus
946 1778 1086 1853 videtur
1104 1777 1287 1874 liquidum.
1340 1780 1430 1853 Cum
1447 1798 1501 1850 ve·

296 1903 343 1973 ro⁴
365 1873 482 1951 laudet
506 1873 741 1963 Frontonem,
782 1892 820 1945 ut
846 1874 925 1947 suae
957 1875 1080 1948 aetatis
1109 1879 1242 1962 virum,
1281 1870 1313 1946 ,sr
1347 1873 1380 1947 ia
1409 1869 1505 1947 sumit

177 2034 181 2042 .
284 1975 395 2056 idem
427 1993 469 2046 ac
495 1968 654 2058 Rhetor,
690 1969 808 2042 Marci
839 1970 1015 2044 Antonini
1047 1970 1249 2067 Philosophi
1282 1986 1507 2065 praeceptor,

297 2071 398 2167 cujus
422 2064 586 2141 meminit
611 2065 850 2159 Capitolinus,
874 2064 917 2138 ad
934 2065 1076 2140 initium
1097 2066 1198 2161 hujus
1209 2065 1347 2156 seculi,
1372 2085 1414 2141 ut
1428 2065 1508 2138 mul·

298 2170 349 2245 tis
372 2164 532 2247 videtur,
564 2157 690 2231 referri
714 2160 861 2254 poterit.
909 2160 967 2232 De
990 2184 1062 2256 quo
1084 2160 1250 2259 quicquid
1279 2161 1345 2253 srt,
1385 2180 1509 2237 nomeu

299 2265 400 2342 suum
425 2253 577 2330 reddidit
602 2253 867 2340 celeberrimum
893 2277 959 2351 per
978 2256 1151 2347 hbellum,
1192 2255 1253 2354 qui
1279 2260 1440 2356 Oderint
1455 2254 1508 2335 in·

300 2354 485 2442 scribitur,
519 2348 557 2422 in
581 2372 650 2445 quo
681 2348 753 2423 sese
779 2348 989 2425 Christianae
1014 2351 1194 2450 religionis
1215 2351 1398 2428 strenuum
1417 2347 1508 2427 simul

286 2459 529 2553 eloquentem
553 2441 728 2544 praestitit
750 2444 993 2539 defensorem,
1037 2447 1193 2545 saepius,
1231 2473 1313 2524 cum
1338 2447 1509 2523 variorum

306 2555 425 2637 notis,
465 2544 619 2630 editum,
653 2542 804 2637 primum
827 2566 848 2615 a
870 2542 979 2637 Junio
1003 2563 1040 2617 et
1062 2543 1251 2636 Balduino,
1284 2544 1417 2629 deins
1496 2589 1510 2631 ‚

282 2711 285 2717 .
305 2666 347 2722 et
364 2638 565 2720 illustratum
579 2638 622 2710 ab
638 2636 783 2726 Urfino,
802 2638 1011 2730 Wowerio,
1035 2640 1215 2729 Heraldo,
1236 2640 1416 2724 Elmenho
1462 2637 1512 2728 ὀ,

298 2735 458 2825 ,ΟυῑεΙίο
482 2754 519 2806 et
535 2734 753 2822 burmanno,
777 2732 829 2806 uti
848 2732 983 2823 nemini
1010 2758 1083 2810 non
1105 2747 1228 2811 notum
1243 2734 1307 2822 est,
1436 2756 1512 2811 uun·

310 2858 368 2913 tur
383 2851 501 2909 autem
516 2827 556 2901 in
574 2826 714 2926 dialogo
739 2829 911 2910 Caecilius
928 2830 1085 2919 Natalis,
1111 2831 1279 2922 Gentilis,
1320 2850 1362 2907 et
1379 2833 1433 2916 o
1465 2827 1513 2906 vi·

311 2958 355 3011 us
378 2922 580 3028 Januarius,
620 2922 851 3015 Christianus,
885 2926 942 2998 ille
975 2925 1209 3019 obtredlator,
1242 2928 1304 3003 hic
1329 2927 1512 3015 defensor,

304 3019 587 3110 christianismi,
605 3039 642 3094 et
659 3021 773 3119 Judex
785 3022 879 3095 sedet
896 3021 970 3118 ipse
987 3021 1174 3098 Minucius.
1207 3022 1270 3097 Est
1285 3044 1406 3099 autern
1421 3044 1513 3122 quan·

312 3124 400 3204 rivis
415 3118 521 3219 pretii
539 3115 689 3208 libellus,
709 3115 766 3217 qui
777 3116 931 3192 omnium
943 3118 1086 3207 teritur,
1111 3138 1149 3191 ut
1161 3140 1337 3211 meretur,
1356 3123 1514 3200 mambre

307 3219 310 3225 ’
362 3223 394 3321 §.
421 3215 485 3290 IX.
513 3215 711 3311 Cyprianus,
739 3215 958 3310 cujusvitam
985 3237 1029 3293 ex
1046 3215 1225 3288 veteribus
1251 3216 1435 3314 descripsit
1456 3213 1517 3289 dia·

307 3339 428 3407 ,eonut
456 3311 531 3405 ejus
554 3309 719 3396 Pontius,
759 3311 898 3384 annales
923 3312 1108 3384 contexuit
1132 3311 1407 3407 adcuratiffimos
1432 3314 1518 3387 Peat·

317 3415 403 3499 son,
436 3404 628 3499 exquibus
653 3403 831 3476 historiam
864 3406 938 3500 ejus
962 3405 1105 3503 egregie
1127 3406 1327 3503 composuit
1360 3410 1395 3506 J.
1421 3403 1516 3483 Cleri·

312 3505 381 3579 ‘cns
407 3500 446 3572 in
463 3498 551 3573 Bibl.
577 3497 687 3572 Univ.
713 3516 738 3571 t.
763 3500 867 3588 xit,
892 3504 1003 3595 probe
1029 3500 1285 3600 distinguendus
1314 3503 1518 3602 aCypriano

231 3650 234 3654 -
314 3593 571 3701 Antiocheno,
605 3615 756 3687 quocum
782 3619 801 3667 a
827 3597 979 3691 Gregor.
1010 3599 1178 3673 Nazianz.
1219 3619 1307 3672 orat.
1347 3611 1431 3690 =18.,
1459 3594 1519 3671 'ubi

322 3699 397 3794 eJ'us
413 3688 591 3776 meminit,
617 3688 779 3762 confusus
796 3690 883 3779 fuit,
911 3711 949 3764 ut
965 3712 1067 3766 autor
1083 3695 1177 3767 vitae
1195 3696 1224 3767 C
1250 3696 1388 3790 priani,
1415 3699 1453 3775 in
1465 3711 1519 3769 no

314 3791 399 3872 ,vill
423 3782 508 3860 edit.
533 3781 680 3874 Baluzii,
707 3785 802 3859 reihe
820 3787 991 3878 advertit,
1012 3792 1168 3887 primurn
1188 3789 1255 3878 furt
1270 3794 1419 3867 Rhetor
1439 3794 1522 3868 Gen

321 3888 413 3975 tilis,
454 3880 556 3970 dein,
598 3905 660 3975 per
693 3882 881 3957 Caecilium
915 3886 1165 3964 Presbvterum
1189 3887 1410 3981 conversus,
1449 3908 1523 3965 mor

316 3985 529 4076 Presbyter,
550 3995 586 4050 et
603 3977 796 4086 Episcopus
812 3968 1034 4091 §arthaginii
1052 3981 1178 4070 faetus,
1198 3981 1278 4078 post
1295 3984 1524 4083 voluntarium

322 4077 488 4160 secellum
506 4073 572 4160 ‚sub
597 4074 733 4162 Decro,
768 4076 849 4149 dem
876 4075 1017 4150 exilium
1040 4079 1100 4151 sub
1125 4077 1338 4171 Valeriano,
1381 4101 1422 4157 et
1444 4098 1526 4158 anno

323 4181 394 4275 seq.
427 4166 509 4246 inde
544 4167 739 4258 retrailus,
781 4171 939 4268 martyrii
973 4194 1138 4248 eoronam
1172 4174 1290 4273 gladio
1320 4176 1445 4266 nuilus
1473 4174 1527 4261 est,

311 4277 399 4363 ,Vir
421 4267 490 4343 suit
514 4264 612 4373 pius,
636 4267 877 4373 continentiae
898 4269 999 4342 laude
1018 4270 1103 4365 post
1120 4271 1389 4349 eonverhonem
1408 4277 1531 4364 clami,

312 4367 494 4475 ,operibus
519 4363 715 4454 charitatis,
736 4362 898 4457 inbonis
922 4365 991 4457 suis
1013 4368 1225 4469 pauperibus
1240 4368 1387 4469 dandis,
1411 4390 1449 4447 et
1466 4392 1534 4483 περ.

313 4540 328 4585 e
1441 4467 1535 4545 rrbth
