<?xml version="1.0" encoding="UTF-8"?>
<!DOCTYPE html PUBLIC "-//W3C//DTD XHTML 1.0 Transitional//EN"
    "http://www.w3.org/TR/xhtml1/DTD/xhtml1-transitional.dtd">
<html xmlns="http://www.w3.org/1999/xhtml" xml:lang="en" lang="en">
 <head>
  <title>
</title>
<meta http-equiv="Content-Type" content="text/html;charset=utf-8" />
  <meta name='ocr-system' content='tesseract 3.04.00' />
  <meta name='ocr-capabilities' content='ocr_page ocr_carea ocr_par ocr_line ocrx_word'/>
</head>
<body>
  <div class='ocr_page' id='page_1' title='image "./hermannivenemai05venegoog_0535.png"; bbox 0 0 3609 5500; ppageno 0'>
   <div class='ocr_carea' id='block_1_1' title="bbox 205 432 1636 789">
    <p class='ocr_par' dir='ltr' id='par_1_1' title="bbox 205 432 1636 789">
     <span class='ocr_line' id='line_1_1' title="bbox 205 432 1636 702; baseline 0.006 -13"><span class='ocrx_word' id='word_1_1' title='bbox 205 432 1636 702; x_wconf 65' lang='lat' dir='ltr'>u</span> 
     </span>
     <span class='ocr_line' id='line_1_2' title="bbox 424 731 430 743; baseline 0 0"><span class='ocrx_word' id='word_1_2' title='bbox 424 731 430 743; x_wconf 76' lang='grc' dir='ltr'>ι</span> 
     </span>
     <span class='ocr_line' id='line_1_3' title="bbox 444 771 461 789; baseline 0 0"><span class='ocrx_word' id='word_1_3' title='bbox 444 771 461 789; x_wconf 69' lang='lat' dir='ltr'>*l</span> 
     </span>
    </p>
   </div>
   <div class='ocr_carea' id='block_1_2' title="bbox 815 937 1598 1061">
    <p class='ocr_par' dir='ltr' id='par_1_2' title="bbox 815 937 1598 1061">
     <span class='ocr_line' id='line_1_4' title="bbox 815 937 1598 1061; baseline 0 -35"><span class='ocrx_word' id='word_1_4' title='bbox 815 941 922 1029; x_wconf 67' lang='lat' dir='ltr'>sator.</span> <span class='ocrx_word' id='word_1_5' title='bbox 948 952 1002 1031; x_wconf 87' lang='lat' dir='ltr'>rr.</span> <span class='ocrx_word' id='word_1_6' title='bbox 1454 937 1533 1061; x_wconf 59' lang='lat'>53}</span> <span class='ocrx_word' id='word_1_7' title='bbox 1595 1021 1598 1026; x_wconf 85' lang='grc'><strong>,</strong></span> 
     </span>
    </p>
   </div>
   <div class='ocr_carea' id='block_1_3' title="bbox 213 1125 1616 4010">
    <p class='ocr_par' dir='ltr' id='par_1_3' title="bbox 295 1125 1616 1614">
     <span class='ocr_line' id='line_1_5' title="bbox 300 1125 1616 1237; baseline -0.001 -29"><span class='ocrx_word' id='word_1_8' title='bbox 300 1152 364 1209; x_wconf 87' lang='lat' dir='ltr'>nas</span> <span class='ocrx_word' id='word_1_9' title='bbox 389 1125 612 1219; x_wconf 75' lang='lat' dir='ltr'>curatione,</span> <span class='ocrx_word' id='word_1_10' title='bbox 650 1143 691 1201; x_wconf 90' lang='lat' dir='ltr'>ut</span> <span class='ocrx_word' id='word_1_11' title='bbox 723 1127 827 1212; x_wconf 89' lang='lat' dir='ltr'>maris</span> <span class='ocrx_word' id='word_1_12' title='bbox 857 1152 894 1207; x_wconf 87' lang='lat' dir='ltr'>et</span> <span class='ocrx_word' id='word_1_13' title='bbox 922 1130 1097 1208; x_wconf 81' lang='lat' dir='ltr'>foeminae</span> <span class='ocrx_word' id='word_1_14' title='bbox 1127 1128 1241 1208; x_wconf 88' lang='lat' dir='ltr'>serant</span> <span class='ocrx_word' id='word_1_15' title='bbox 1272 1130 1520 1237; x_wconf 66' lang='lat' dir='ltr'>conspectum)</span> <span class='ocrx_word' id='word_1_16' title='bbox 1609 1193 1616 1207; x_wconf 83' lang='lat'>.</span> 
     </span>
     <span class='ocr_line' id='line_1_6' title="bbox 298 1223 1521 1327; baseline 0.007 -25"><span class='ocrx_word' id='word_1_17' title='bbox 298 1228 489 1327; x_wconf 91' lang='lat' dir='ltr'>quaesunt</span> <span class='ocrx_word' id='word_1_18' title='bbox 516 1250 545 1300; x_wconf 90' lang='lat'>1.</span> <span class='ocrx_word' id='word_1_19' title='bbox 571 1223 663 1302; x_wconf 67' lang='lat' dir='ltr'>toan</span> <span class='ocrx_word' id='word_1_20' title='bbox 688 1235 739 1298; x_wconf 72' lang='grc' dir='ltr'>καὶ</span> <span class='ocrx_word' id='word_1_21' title='bbox 762 1232 834 1321; x_wconf 70' lang='lat' dir='ltr'>«syl</span> <span class='ocrx_word' id='word_1_22' title='bbox 856 1231 968 1325; x_wconf 82' lang='lat' dir='ltr'>bythos</span> <span class='ocrx_word' id='word_1_23' title='bbox 992 1247 1024 1301; x_wconf 83' lang='lat' dir='ltr'>et</span> <span class='ocrx_word' id='word_1_24' title='bbox 1041 1229 1133 1323; x_wconf 82' lang='lat' dir='ltr'>fige,</span> <span class='ocrx_word' id='word_1_25' title='bbox 1158 1231 1217 1303; x_wconf 88' lang='lat' dir='ltr'>seu</span> <span class='ocrx_word' id='word_1_26' title='bbox 1240 1233 1455 1326; x_wconf 87' lang='lat' dir='ltr'>profundum</span> <span class='ocrx_word' id='word_1_27' title='bbox 1481 1256 1521 1311; x_wconf 92' lang='lat' dir='ltr'>et</span> 
     </span>
     <span class='ocr_line' id='line_1_7' title="bbox 299 1324 1521 1414; baseline 0.006 -14"><span class='ocrx_word' id='word_1_28' title='bbox 299 1324 471 1401; x_wconf 81' lang='lat' dir='ltr'>mentium</span> <span class='ocrx_word' id='word_1_29' title='bbox 498 1345 530 1396; x_wconf 82' lang='lat' dir='ltr'>a.</span> <span class='ocrx_word' id='word_1_30' title='bbox 556 1324 599 1401; x_wconf 74' lang='lat' dir='ltr'>ost</span> <span class='ocrx_word' id='word_1_31' title='bbox 623 1332 675 1396; x_wconf 75' lang='lat' dir='ltr'>aot</span> <span class='ocrx_word' id='word_1_32' title='bbox 700 1324 835 1407; x_wconf 65' lang='lat' dir='ltr'>daleam</span> <span class='ocrx_word' id='word_1_33' title='bbox 857 1330 931 1399; x_wconf 85' lang='lat' dir='ltr'>Nus</span> <span class='ocrx_word' id='word_1_34' title='bbox 952 1343 984 1397; x_wconf 85' lang='lat' dir='ltr'>tt</span> <span class='ocrx_word' id='word_1_35' title='bbox 1002 1329 1160 1414; x_wconf 83' lang='lat' dir='ltr'>aletheia,</span> <span class='ocrx_word' id='word_1_36' title='bbox 1196 1327 1253 1399; x_wconf 87' lang='lat' dir='ltr'>seu</span> <span class='ocrx_word' id='word_1_37' title='bbox 1277 1350 1375 1402; x_wconf 89' lang='lat' dir='ltr'>mens</span> <span class='ocrx_word' id='word_1_38' title='bbox 1403 1351 1439 1403; x_wconf 90' lang='lat' dir='ltr'>et</span> <span class='ocrx_word' id='word_1_39' title='bbox 1456 1356 1521 1407; x_wconf 90' lang='lat' dir='ltr'>ve·</span> 
     </span>
     <span class='ocr_line' id='line_1_8' title="bbox 295 1419 1572 1517; baseline 0.005 -23"><span class='ocrx_word' id='word_1_40' title='bbox 295 1420 390 1495; x_wconf 84' lang='lat' dir='ltr'>ritas.</span> <span class='ocrx_word' id='word_1_41' title='bbox 440 1419 551 1514; x_wconf 82' lang='lat' dir='ltr'>Quam</span> <span class='ocrx_word' id='word_1_42' title='bbox 587 1419 761 1517; x_wconf 81' lang='lat' dir='ltr'>tetraslyn</span> <span class='ocrx_word' id='word_1_43' title='bbox 794 1422 966 1517; x_wconf 85' lang='lat' dir='ltr'>adpellant</span> <span class='ocrx_word' id='word_1_44' title='bbox 992 1422 1256 1515; x_wconf 78' lang='lat' dir='ltr'><em>primordialem,</em></span> <span class='ocrx_word' id='word_1_45' title='bbox 1299 1446 1337 1495; x_wconf 92' lang='lat' dir='ltr'>et</span> <span class='ocrx_word' id='word_1_46' title='bbox 1370 1426 1520 1503; x_wconf 88' lang='lat' dir='ltr'>authen·</span> <span class='ocrx_word' id='word_1_47' title='bbox 1544 1482 1572 1506; x_wconf 79' lang='lat'>.-</span> 
     </span>
     <span class='ocr_line' id='line_1_9' title="bbox 297 1512 1517 1614; baseline 0.008 -24"><span class='ocrx_word' id='word_1_48' title='bbox 297 1515 423 1591; x_wconf 74' lang='lat' dir='ltr'>ticam·</span> <span class='ocrx_word' id='word_1_49' title='bbox 467 1518 498 1587; x_wconf 85' lang='lat' dir='ltr'>h.</span> <span class='ocrx_word' id='word_1_50' title='bbox 524 1512 698 1589; x_wconf 70' lang='lat' dir='ltr'>Posterior</span> <span class='ocrx_word' id='word_1_51' title='bbox 723 1542 861 1614; x_wconf 91' lang='lat' dir='ltr'>quoque</span> <span class='ocrx_word' id='word_1_52' title='bbox 877 1534 1012 1614; x_wconf 83' lang='lat' dir='ltr'>quatuor</span> <span class='ocrx_word' id='word_1_53' title='bbox 1037 1516 1088 1590; x_wconf 87' lang='lat' dir='ltr'>est</span> <span class='ocrx_word' id='word_1_54' title='bbox 1112 1538 1282 1609; x_wconf 90' lang='lat' dir='ltr'>aeonum,</span> <span class='ocrx_word' id='word_1_55' title='bbox 1308 1540 1345 1592; x_wconf 91' lang='lat' dir='ltr'>et</span> <span class='ocrx_word' id='word_1_56' title='bbox 1370 1521 1517 1600; x_wconf 78' lang='lat' dir='ltr'>duarum</span> 
     </span>
    </p>

    <p class='ocr_par' dir='ltr' id='par_1_4' title="bbox 219 1610 1521 1975">
     <span class='ocr_line' id='line_1_10' title="bbox 219 1610 1518 1710; baseline 0.012 -34"><span class='ocrx_word' id='word_1_57' title='bbox 219 1671 222 1676; x_wconf 82' lang='grc'><strong>,</strong></span> <span class='ocrx_word' id='word_1_58' title='bbox 295 1610 537 1710; x_wconf 84' lang='lat' dir='ltr'>syzygiarum,</span> <span class='ocrx_word' id='word_1_59' title='bbox 582 1632 626 1683; x_wconf 85' lang='lat' dir='ltr'>ex</span> <span class='ocrx_word' id='word_1_60' title='bbox 655 1611 889 1706; x_wconf 88' lang='lat' dir='ltr'>superioribus</span> <span class='ocrx_word' id='word_1_61' title='bbox 921 1614 1015 1688; x_wconf 77' lang='lat' dir='ltr'>ressa</span> <span class='ocrx_word' id='word_1_62' title='bbox 1040 1632 1194 1686; x_wconf 76' lang='lat' dir='ltr'>ortanum</span> <span class='ocrx_word' id='word_1_63' title='bbox 1224 1613 1316 1688; x_wconf 92' lang='lat' dir='ltr'>linea</span> <span class='ocrx_word' id='word_1_64' title='bbox 1342 1636 1380 1687; x_wconf 91' lang='lat' dir='ltr'>et</span> <span class='ocrx_word' id='word_1_65' title='bbox 1405 1616 1518 1692; x_wconf 85' lang='lat' dir='ltr'>serie:</span> 
     </span>
     <span class='ocr_line' id='line_1_11' title="bbox 296 1703 1521 1809; baseline 0.007 -29"><span class='ocrx_word' id='word_1_66' title='bbox 296 1730 385 1805; x_wconf 89' lang='lat' dir='ltr'>quae</span> <span class='ocrx_word' id='word_1_67' title='bbox 411 1708 487 1778; x_wconf 90' lang='lat' dir='ltr'>sunt</span> <span class='ocrx_word' id='word_1_68' title='bbox 522 1728 553 1779; x_wconf 90' lang='lat'>1.</span> <span class='ocrx_word' id='word_1_69' title='bbox 578 1703 668 1802; x_wconf 73' lang='lat' dir='ltr'>asyot</span> <span class='ocrx_word' id='word_1_70' title='bbox 694 1717 748 1782; x_wconf 73' lang='lat' dir='ltr'>nal</span> <span class='ocrx_word' id='word_1_71' title='bbox 771 1712 830 1809; x_wconf 68' lang='lat' dir='ltr'>&lt;ol</span> <span class='ocrx_word' id='word_1_72' title='bbox 858 1714 943 1805; x_wconf 82' lang='lat' dir='ltr'>logos</span> <span class='ocrx_word' id='word_1_73' title='bbox 984 1707 1124 1796; x_wconf 85' lang='lat' dir='ltr'>et&#39;Zoe,</span> <span class='ocrx_word' id='word_1_74' title='bbox 1164 1712 1222 1782; x_wconf 88' lang='lat' dir='ltr'>seu</span> <span class='ocrx_word' id='word_1_75' title='bbox 1246 1712 1356 1786; x_wconf 88' lang='lat' dir='ltr'>sermo</span> <span class='ocrx_word' id='word_1_76' title='bbox 1384 1731 1421 1784; x_wconf 91' lang='lat' dir='ltr'>et</span> <span class='ocrx_word' id='word_1_77' title='bbox 1445 1713 1521 1789; x_wconf 82' lang='lat' dir='ltr'>vita</span> 
     </span>
     <span class='ocr_line' id='line_1_12' title="bbox 294 1799 1516 1975; baseline 0.002 -96"><span class='ocrx_word' id='word_1_78' title='bbox 294 1799 511 1975; x_wconf 49' lang='lat' dir='ltr'>{qusquam</span> <span class='ocrx_word' id='word_1_79' title='bbox 534 1816 587 1876; x_wconf 77' lang='lat' dir='ltr'>tot</span> <span class='ocrx_word' id='word_1_80' title='bbox 612 1804 765 1890; x_wconf 66' lang='lat' dir='ltr'>tunneto</span> <span class='ocrx_word' id='word_1_81' title='bbox 791 1822 939 1901; x_wconf 76' lang='lat' dir='ltr'><em>antropos</em></span> <span class='ocrx_word' id='word_1_82' title='bbox 971 1822 1004 1879; x_wconf 87' lang='lat' dir='ltr'>tt</span> <span class='ocrx_word' id='word_1_83' title='bbox 1024 1803 1202 1898; x_wconf 61' lang='lat' dir='ltr'>scelestus,</span> <span class='ocrx_word' id='word_1_84' title='bbox 1244 1808 1302 1880; x_wconf 89' lang='lat' dir='ltr'>seu</span> <span class='ocrx_word' id='word_1_85' title='bbox 1335 1807 1444 1881; x_wconf 92' lang='lat' dir='ltr'>homo</span> <span class='ocrx_word' id='word_1_86' title='bbox 1478 1827 1516 1882; x_wconf 92' lang='lat' dir='ltr'>et</span> 
     </span>
    </p>

    <p class='ocr_par' dir='ltr' id='par_1_5' title="bbox 322 1904 1519 2288">
     <span class='ocr_line' id='line_1_13' title="bbox 330 1904 1519 1974; baseline -0.008 0"><span class='ocrx_word' id='word_1_87' title='bbox 330 1904 460 1974; x_wconf 86' lang='lat' dir='ltr'>ccesia.</span> <span class='ocrx_word' id='word_1_88' title='bbox 733 1910 734 1913; x_wconf 75' lang='grc'>’</span> <span class='ocrx_word' id='word_1_89' title='bbox 1207 1920 1209 1923; x_wconf 92' lang='grc'><em>·</em></span> <span class='ocrx_word' id='word_1_90' title='bbox 1516 1959 1519 1964; x_wconf 89' lang='grc'>.</span> 
     </span>
     <span class='ocr_line' id='line_1_14' title="bbox 340 1992 1517 2095; baseline 0.008 -26"><span class='ocrx_word' id='word_1_91' title='bbox 340 1992 373 2094; x_wconf 68' lang='lat' dir='ltr'>s.</span> <span class='ocrx_word' id='word_1_92' title='bbox 399 1995 562 2070; x_wconf 84' lang='lat' dir='ltr'><strong>CLXIII.</strong></span> <span class='ocrx_word' id='word_1_93' title='bbox 584 2028 631 2095; x_wconf 72' lang='lat' dir='ltr'>y.</span> <span class='ocrx_word' id='word_1_94' title='bbox 656 1998 874 2073; x_wconf 85' lang='lat' dir='ltr'>Secundort&#39;oe</span> <span class='ocrx_word' id='word_1_95' title='bbox 898 2016 1026 2070; x_wconf 88' lang='lat' dir='ltr'>aeones</span> <span class='ocrx_word' id='word_1_96' title='bbox 1047 1995 1142 2084; x_wconf 91' lang='lat' dir='ltr'>sunt,</span> <span class='ocrx_word' id='word_1_97' title='bbox 1179 2020 1304 2092; x_wconf 90' lang='lat' dir='ltr'>quaea</span> <span class='ocrx_word' id='word_1_98' title='bbox 1328 2002 1437 2075; x_wconf 89' lang='lat' dir='ltr'>latere</span> <span class='ocrx_word' id='word_1_99' title='bbox 1469 2024 1517 2079; x_wconf 79' lang='lat' dir='ltr'>ex</span> 
     </span>
     <span class='ocr_line' id='line_1_15' title="bbox 322 2090 1517 2192; baseline 0.003 -24"><span class='ocrx_word' id='word_1_100' title='bbox 322 2091 488 2168; x_wconf 86' lang='lat' dir='ltr'>osteriore</span> <span class='ocrx_word' id='word_1_101' title='bbox 511 2092 651 2192; x_wconf 85' lang='lat' dir='ltr'>syzygia</span> <span class='ocrx_word' id='word_1_102' title='bbox 666 2096 871 2182; x_wconf 87' lang='lat' dir='ltr'>nascuntur,</span> <span class='ocrx_word' id='word_1_103' title='bbox 894 2090 981 2165; x_wconf 88' lang='lat' dir='ltr'>aliae</span> <span class='ocrx_word' id='word_1_104' title='bbox 999 2091 1145 2187; x_wconf 82' lang='lat' dir='ltr'>exlogo</span> <span class='ocrx_word' id='word_1_105' title='bbox 1170 2112 1208 2165; x_wconf 91' lang='lat' dir='ltr'>et</span> <span class='ocrx_word' id='word_1_106' title='bbox 1236 2094 1332 2186; x_wconf 92' lang='lat' dir='ltr'>Zoe,</span> <span class='ocrx_word' id='word_1_107' title='bbox 1366 2120 1517 2173; x_wconf 88' lang='lat' dir='ltr'>numero</span> 
     </span>
     <span class='ocr_line' id='line_1_16' title="bbox 332 2185 1515 2288; baseline 0.005 -25"><span class='ocrx_word' id='word_1_108' title='bbox 332 2211 436 2278; x_wconf 80' lang='lat' dir='ltr'>ecem,</span> <span class='ocrx_word' id='word_1_109' title='bbox 461 2187 608 2264; x_wconf 74' lang='lat' dir='ltr'>aliae&#39;eu</span> <span class='ocrx_word' id='word_1_110' title='bbox 627 2209 779 2288; x_wconf 88' lang='lat' dir='ltr'>antropo</span> <span class='ocrx_word' id='word_1_111' title='bbox 810 2185 1035 2277; x_wconf 79' lang='lat' dir='ltr'>et&#39;Ecclesra‚</span> <span class='ocrx_word' id='word_1_112' title='bbox 1063 2205 1208 2261; x_wconf 89' lang='lat' dir='ltr'>numero</span> <span class='ocrx_word' id='word_1_113' title='bbox 1224 2192 1398 2267; x_wconf 82' lang='lat' dir='ltr'><em>duodecim.</em></span> <span class='ocrx_word' id='word_1_114' title='bbox 1434 2193 1515 2269; x_wconf 86' lang='lat' dir='ltr'>sin·</span> 
     </span>
    </p>

    <p class='ocr_par' dir='ltr' id='par_1_6' title="bbox 213 2282 1549 4010">
     <span class='ocr_line' id='line_1_17' title="bbox 213 2282 1510 2386; baseline 0.005 -29"><span class='ocrx_word' id='word_1_115' title='bbox 213 2323 217 2328; x_wconf 90' lang='lat'><strong>·</strong></span> <span class='ocrx_word' id='word_1_116' title='bbox 235 2304 238 2307; x_wconf 87' lang='grc'><em>·</em></span> <span class='ocrx_word' id='word_1_117' title='bbox 291 2283 422 2386; x_wconf 76' lang='lat' dir='ltr'>galatia</span> <span class='ocrx_word' id='word_1_118' title='bbox 436 2308 526 2359; x_wconf 86' lang='lat' dir='ltr'>vero</span> <span class='ocrx_word' id='word_1_119' title='bbox 538 2285 581 2357; x_wconf 91' lang='lat' dir='ltr'>de</span> <span class='ocrx_word' id='word_1_120' title='bbox 598 2285 845 2382; x_wconf 87' lang='lat' dir='ltr'>ultimaearum</span> <span class='ocrx_word' id='word_1_121' title='bbox 855 2282 994 2379; x_wconf 80' lang='lat' dir='ltr'>sophia,</span> <span class='ocrx_word' id='word_1_122' title='bbox 1012 2284 1069 2356; x_wconf 91' lang='lat' dir='ltr'>seu</span> <span class='ocrx_word' id='word_1_123' title='bbox 1086 2283 1273 2380; x_wconf 85' lang='lat' dir='ltr'>sapientia,</span> <span class='ocrx_word' id='word_1_124' title='bbox 1290 2287 1510 2381; x_wconf 77' lang='lat' dir='ltr'>statuerunt,</span> 
     </span>
     <span class='ocr_line' id='line_1_18' title="bbox 288 2376 1509 2474; baseline 0.001 -17"><span class='ocrx_word' id='word_1_125' title='bbox 288 2398 386 2457; x_wconf 90' lang='lat' dir='ltr'>utet</span> <span class='ocrx_word' id='word_1_126' title='bbox 404 2376 447 2454; x_wconf 90' lang='lat' dir='ltr'>de</span> <span class='ocrx_word' id='word_1_127' title='bbox 464 2380 735 2471; x_wconf 83' lang='lat' dir='ltr'>mutationibus,</span> <span class='ocrx_word' id='word_1_128' title='bbox 749 2381 843 2455; x_wconf 82' lang='lat' dir='ltr'>inde</span> <span class='ocrx_word' id='word_1_129' title='bbox 868 2381 966 2452; x_wconf 88' lang='lat' dir='ltr'>ortis.</span> <span class='ocrx_word' id='word_1_130' title='bbox 993 2379 1162 2474; x_wconf 87' lang='lat' dir='ltr'>Sophiam</span> <span class='ocrx_word' id='word_1_131' title='bbox 1178 2378 1366 2472; x_wconf 83' lang='lat' dir='ltr'>dixerunt,</span> <span class='ocrx_word' id='word_1_132' title='bbox 1413 2387 1509 2458; x_wconf 86' lang='lat' dir='ltr'>sorte</span> 
     </span>
     <span class='ocr_line' id='line_1_19' title="bbox 288 2472 1507 2577; baseline -0.003 -24"><span class='ocrx_word' id='word_1_133' title='bbox 288 2476 350 2553; x_wconf 90' lang='lat' dir='ltr'>sua</span> <span class='ocrx_word' id='word_1_134' title='bbox 374 2498 446 2549; x_wconf 87' lang='lat' dir='ltr'>non</span> <span class='ocrx_word' id='word_1_135' title='bbox 471 2494 694 2567; x_wconf 87' lang='lat' dir='ltr'>contentam,</span> <span class='ocrx_word' id='word_1_136' title='bbox 718 2493 756 2551; x_wconf 93' lang='lat' dir='ltr'>et</span> <span class='ocrx_word' id='word_1_137' title='bbox 773 2474 944 2552; x_wconf 78' lang='lat' dir='ltr'>desiderio</span> <span class='ocrx_word' id='word_1_138' title='bbox 957 2472 1130 2568; x_wconf 64' lang='lat' dir='ltr'>profundi,</span> <span class='ocrx_word' id='word_1_139' title='bbox 1176 2472 1235 2545; x_wconf 91' lang='lat' dir='ltr'>seu</span> <span class='ocrx_word' id='word_1_140' title='bbox 1259 2478 1390 2566; x_wconf 88' lang='lat' dir='ltr'>Patris,</span> <span class='ocrx_word' id='word_1_141' title='bbox 1420 2502 1507 2577; x_wconf 82' lang='lat' dir='ltr'>cog·</span> 
     </span>
     <span class='ocr_line' id='line_1_20' title="bbox 290 2568 1513 2674; baseline 0 -25"><span class='ocrx_word' id='word_1_142' title='bbox 290 2571 461 2649; x_wconf 85' lang='lat' dir='ltr'>noscendi</span> <span class='ocrx_word' id='word_1_143' title='bbox 484 2570 654 2645; x_wconf 79' lang='lat' dir='ltr'>adsessam</span> <span class='ocrx_word' id='word_1_144' title='bbox 679 2571 810 2661; x_wconf 91' lang='lat' dir='ltr'>nimio,</span> <span class='ocrx_word' id='word_1_145' title='bbox 851 2593 963 2668; x_wconf 88' lang='lat' dir='ltr'>prope</span> <span class='ocrx_word' id='word_1_146' title='bbox 985 2569 1131 2659; x_wconf 89' lang='lat' dir='ltr'>afuisse,</span> <span class='ocrx_word' id='word_1_147' title='bbox 1161 2568 1287 2667; x_wconf 89' lang='lat' dir='ltr'>quina</span> <span class='ocrx_word' id='word_1_148' title='bbox 1316 2572 1394 2647; x_wconf 90' lang='lat' dir='ltr'>luce</span> <span class='ocrx_word' id='word_1_149' title='bbox 1429 2598 1513 2674; x_wconf 89' lang='lat' dir='ltr'>pro·</span> 
     </span>
     <span class='ocr_line' id='line_1_21' title="bbox 283 2663 1514 2764; baseline -0.002 -17"><span class='ocrx_word' id='word_1_150' title='bbox 283 2664 391 2755; x_wconf 78' lang='lat' dir='ltr'>sandi</span> <span class='ocrx_word' id='word_1_151' title='bbox 411 2665 529 2742; x_wconf 84' lang='lat' dir='ltr'>suisset</span> <span class='ocrx_word' id='word_1_152' title='bbox 554 2669 654 2744; x_wconf 80' lang='lat' dir='ltr'>absos</span> <span class='ocrx_word' id='word_1_153' title='bbox 682 2688 751 2761; x_wconf 86' lang='lat' dir='ltr'>ta;</span> <span class='ocrx_word' id='word_1_154' title='bbox 784 2666 843 2742; x_wconf 88' lang='lat' dir='ltr'>sed</span> <span class='ocrx_word' id='word_1_155' title='bbox 871 2665 1072 2740; x_wconf 82' lang='lat' dir='ltr'>succurrisse</span> <span class='ocrx_word' id='word_1_156' title='bbox 1100 2663 1163 2764; x_wconf 88' lang='lat' dir='ltr'>ipsi</span> <span class='ocrx_word' id='word_1_157' title='bbox 1189 2666 1333 2760; x_wconf 83' lang='lat' dir='ltr'>Horum,</span> <span class='ocrx_word' id='word_1_158' title='bbox 1358 2670 1417 2744; x_wconf 90' lang='lat' dir='ltr'>seu</span> <span class='ocrx_word' id='word_1_159' title='bbox 1442 2690 1514 2745; x_wconf 89' lang='lat' dir='ltr'>ter-</span> 
     </span>
     <span class='ocr_line' id='line_1_22' title="bbox 287 2760 1512 2862; baseline 0.002 -20"><span class='ocrx_word' id='word_1_160' title='bbox 287 2763 445 2855; x_wconf 85' lang='lat' dir='ltr'>minum,</span> <span class='ocrx_word' id='word_1_161' title='bbox 469 2783 507 2840; x_wconf 88' lang='lat' dir='ltr'>et</span> <span class='ocrx_word' id='word_1_162' title='bbox 522 2762 628 2837; x_wconf 82' lang='lat' dir='ltr'>effeci</span> <span class='ocrx_word' id='word_1_163' title='bbox 658 2788 699 2856; x_wconf 91' lang='lat' dir='ltr'>e,</span> <span class='ocrx_word' id='word_1_164' title='bbox 726 2782 789 2856; x_wconf 88' lang='lat' dir='ltr'>ut,</span> <span class='ocrx_word' id='word_1_165' title='bbox 806 2787 825 2836; x_wconf 90' lang='lat' dir='ltr'>a</span> <span class='ocrx_word' id='word_1_166' title='bbox 840 2761 1027 2859; x_wconf 80' lang='lat' dir='ltr'>proposito</span> <span class='ocrx_word' id='word_1_167' title='bbox 1040 2760 1229 2852; x_wconf 72' lang='lat' dir='ltr'>absimile,</span> <span class='ocrx_word' id='word_1_168' title='bbox 1247 2762 1338 2838; x_wconf 87' lang='lat' dir='ltr'>intra</span> <span class='ocrx_word' id='word_1_169' title='bbox 1354 2768 1512 2862; x_wconf 82' lang='lat' dir='ltr'>pleroma</span> 
     </span>
     <span class='ocr_line' id='line_1_23' title="bbox 286 2855 1511 2959; baseline 0 -21"><span class='ocrx_word' id='word_1_170' title='bbox 286 2860 464 2940; x_wconf 85' lang='lat' dir='ltr'>manserit.</span> <span class='ocrx_word' id='word_1_171' title='bbox 516 2860 654 2932; x_wconf 85' lang='lat' dir='ltr'>Interea</span> <span class='ocrx_word' id='word_1_172' title='bbox 670 2883 767 2951; x_wconf 89' lang='lat' dir='ltr'>eam,</span> <span class='ocrx_word' id='word_1_173' title='bbox 799 2857 978 2956; x_wconf 82' lang='lat' dir='ltr'>gravidam</span> <span class='ocrx_word' id='word_1_174' title='bbox 996 2855 1143 2948; x_wconf 76' lang='lat' dir='ltr'>fastam,</span> <span class='ocrx_word' id='word_1_175' title='bbox 1171 2860 1346 2954; x_wconf 82' lang='lat' dir='ltr'>peperisse</span> <span class='ocrx_word' id='word_1_176' title='bbox 1352 2861 1511 2959; x_wconf 84' lang='lat' dir='ltr'>substan·</span> 
     </span>
     <span class='ocr_line' id='line_1_24' title="bbox 288 2951 1511 3051; baseline -0.003 -15"><span class='ocrx_word' id='word_1_177' title='bbox 288 2960 373 3036; x_wconf 76' lang='lat' dir='ltr'>tium</span> <span class='ocrx_word' id='word_1_178' title='bbox 396 2953 644 3045; x_wconf 76' lang='lat' dir='ltr'>foemininum,</span> <span class='ocrx_word' id='word_1_179' title='bbox 670 2955 880 3042; x_wconf 90' lang='lat' dir='ltr'>informem,</span> <span class='ocrx_word' id='word_1_180' title='bbox 906 2951 1103 3027; x_wconf 72' lang='lat' dir='ltr'>adfesiuum</span> <span class='ocrx_word' id='word_1_181' title='bbox 1132 2972 1169 3025; x_wconf 90' lang='lat' dir='ltr'>et</span> <span class='ocrx_word' id='word_1_182' title='bbox 1196 2953 1414 3047; x_wconf 82' lang='lat' dir='ltr'>ignorantiae</span> <span class='ocrx_word' id='word_1_183' title='bbox 1434 2961 1511 3051; x_wconf 90' lang='lat' dir='ltr'>ple·</span> 
     </span>
     <span class='ocr_line' id='line_1_25' title="bbox 289 3045 1510 3147; baseline -0.005 -17"><span class='ocrx_word' id='word_1_184' title='bbox 289 3076 391 3145; x_wconf 90' lang='lat' dir='ltr'>nam,</span> <span class='ocrx_word' id='word_1_185' title='bbox 412 3068 511 3125; x_wconf 86' lang='lat' dir='ltr'>extra</span> <span class='ocrx_word' id='word_1_186' title='bbox 526 3051 682 3147; x_wconf 89' lang='lat' dir='ltr'>pleroma</span> <span class='ocrx_word' id='word_1_187' title='bbox 691 3049 864 3138; x_wconf 87' lang='lat' dir='ltr'>emissam,</span> <span class='ocrx_word' id='word_1_188' title='bbox 881 3045 1009 3120; x_wconf 73' lang='lat' dir='ltr'>distem</span> <span class='ocrx_word' id='word_1_189' title='bbox 1026 3045 1245 3140; x_wconf 67' lang='lat' dir='ltr'>Enthymesin</span> <span class='ocrx_word' id='word_1_190' title='bbox 1256 3064 1290 3118; x_wconf 83' lang='lat' dir='ltr'>et</span> <span class='ocrx_word' id='word_1_191' title='bbox 1306 3051 1510 3143; x_wconf 79' lang='lat' dir='ltr'>Achamoth,</span> 
     </span>
     <span class='ocr_line' id='line_1_26' title="bbox 290 3141 1510 3246; baseline -0.004 -21"><span class='ocrx_word' id='word_1_192' title='bbox 290 3145 574 3246; x_wconf 82' lang='lat' dir='ltr'>undesttunthtm</span> <span class='ocrx_word' id='word_1_193' title='bbox 595 3164 715 3220; x_wconf 85' lang='lat' dir='ltr'>natum</span> <span class='ocrx_word' id='word_1_194' title='bbox 739 3143 789 3219; x_wconf 91' lang='lat' dir='ltr'>est</span> <span class='ocrx_word' id='word_1_195' title='bbox 813 3145 979 3241; x_wconf 87' lang='lat' dir='ltr'>pleroma.</span> <span class='ocrx_word' id='word_1_196' title='bbox 1027 3143 1089 3215; x_wconf 92' lang='lat' dir='ltr'>Ne</span> <span class='ocrx_word' id='word_1_197' title='bbox 1113 3159 1230 3212; x_wconf 88' lang='lat' dir='ltr'>autem</span> <span class='ocrx_word' id='word_1_198' title='bbox 1262 3141 1403 3238; x_wconf 88' lang='lat' dir='ltr'>reliquis</span> <span class='ocrx_word' id='word_1_199' title='bbox 1428 3169 1510 3221; x_wconf 88' lang='lat' dir='ltr'>aeo-</span> 
     </span>
     <span class='ocr_line' id='line_1_27' title="bbox 288 3235 1549 3337; baseline -0.005 -17"><span class='ocrx_word' id='word_1_200' title='bbox 288 3246 390 3321; x_wconf 84' lang='lat' dir='ltr'>nibus</span> <span class='ocrx_word' id='word_1_201' title='bbox 413 3242 521 3318; x_wconf 80' lang='lat' dir='ltr'>srmile</span> <span class='ocrx_word' id='word_1_202' title='bbox 547 3241 709 3315; x_wconf 89' lang='lat' dir='ltr'>eveniret</span> <span class='ocrx_word' id='word_1_203' title='bbox 727 3239 855 3327; x_wconf 91' lang='lat' dir='ltr'>fatum,</span> <span class='ocrx_word' id='word_1_204' title='bbox 890 3237 983 3334; x_wconf 91' lang='lat' dir='ltr'>quod</span> <span class='ocrx_word' id='word_1_205' title='bbox 999 3235 1154 3333; x_wconf 82' lang='lat' dir='ltr'>sophiae,</span> <span class='ocrx_word' id='word_1_206' title='bbox 1187 3258 1232 3307; x_wconf 84' lang='lat' dir='ltr'>ert</span> <span class='ocrx_word' id='word_1_207' title='bbox 1264 3255 1390 3329; x_wconf 81' lang='lat' dir='ltr'>mente,</span> <span class='ocrx_word' id='word_1_208' title='bbox 1419 3264 1508 3337; x_wconf 86' lang='lat' dir='ltr'>quae</span> <span class='ocrx_word' id='word_1_209' title='bbox 1545 3273 1549 3280; x_wconf 92' lang='lat'>·</span> 
     </span>
     <span class='ocr_line' id='line_1_28' title="bbox 288 3332 1509 3435; baseline -0.004 -18"><span class='ocrx_word' id='word_1_210' title='bbox 288 3340 336 3423; x_wconf 71' lang='lat' dir='ltr'>oso</span> <span class='ocrx_word' id='word_1_211' title='bbox 356 3343 429 3416; x_wconf 83' lang='lat' dir='ltr'>Nus</span> <span class='ocrx_word' id='word_1_212' title='bbox 446 3339 595 3426; x_wconf 88' lang='lat' dir='ltr'>dicitur,</span> <span class='ocrx_word' id='word_1_213' title='bbox 621 3335 775 3430; x_wconf 83' lang='lat' dir='ltr'>statuunt</span> <span class='ocrx_word' id='word_1_214' title='bbox 792 3358 920 3409; x_wconf 88' lang='lat' dir='ltr'>novam</span> <span class='ocrx_word' id='word_1_215' title='bbox 938 3333 1103 3429; x_wconf 85' lang='lat' dir='ltr'>prodiisse</span> <span class='ocrx_word' id='word_1_216' title='bbox 1121 3332 1319 3430; x_wconf 83' lang='lat' dir='ltr'>syzygiam,</span> <span class='ocrx_word' id='word_1_217' title='bbox 1347 3336 1509 3435; x_wconf 78' lang='lat' dir='ltr'>Christum</span> 
     </span>
     <span class='ocr_line' id='line_1_29' title="bbox 284 3431 1507 3528; baseline -0.006 -11"><span class='ocrx_word' id='word_1_218' title='bbox 284 3439 423 3520; x_wconf 88' lang='lat' dir='ltr'>scilicet</span> <span class='ocrx_word' id='word_1_219' title='bbox 442 3456 479 3511; x_wconf 89' lang='lat' dir='ltr'>et</span> <span class='ocrx_word' id='word_1_220' title='bbox 497 3437 654 3528; x_wconf 85' lang='lat' dir='ltr'>Spiritum</span> <span class='ocrx_word' id='word_1_221' title='bbox 677 3436 735 3523; x_wconf 91' lang='lat' dir='ltr'>S.,</span> <span class='ocrx_word' id='word_1_222' title='bbox 761 3432 1056 3506; x_wconf 86' lang='lat' dir='ltr'>consummatores</span> <span class='ocrx_word' id='word_1_223' title='bbox 1072 3452 1244 3518; x_wconf 82' lang='lat' dir='ltr'>aeonum3</span> <span class='ocrx_word' id='word_1_224' title='bbox 1262 3431 1358 3506; x_wconf 85' lang='lat' dir='ltr'>illurn</span> <span class='ocrx_word' id='word_1_225' title='bbox 1376 3433 1507 3510; x_wconf 85' lang='lat' dir='ltr'>docen-</span> 
     </span>
     <span class='ocr_line' id='line_1_30' title="bbox 288 3527 1508 3625; baseline -0.004 -12"><span class='ocrx_word' id='word_1_226' title='bbox 288 3557 365 3614; x_wconf 90' lang='lat' dir='ltr'>tem</span> <span class='ocrx_word' id='word_1_227' title='bbox 395 3534 507 3609; x_wconf 87' lang='lat' dir='ltr'>Patris</span> <span class='ocrx_word' id='word_1_228' title='bbox 548 3527 1024 3625; x_wconf 76' lang='lat' dir='ltr'>incomprehensibilitatem,</span> <span class='ocrx_word' id='word_1_229' title='bbox 1062 3527 1256 3601; x_wconf 79' lang='lat' dir='ltr'>sanavero</span> <span class='ocrx_word' id='word_1_230' title='bbox 1288 3529 1508 3608; x_wconf 82' lang='lat' dir='ltr'>excitantem</span> 
     </span>
     <span class='ocr_line' id='line_1_31' title="bbox 289 3621 1506 3717; baseline -0.002 -11"><span class='ocrx_word' id='word_1_231' title='bbox 289 3655 421 3707; x_wconf 88' lang='lat' dir='ltr'>aeones</span> <span class='ocrx_word' id='word_1_232' title='bbox 445 3631 486 3704; x_wconf 87' lang='lat' dir='ltr'>ad</span> <span class='ocrx_word' id='word_1_233' title='bbox 503 3621 620 3699; x_wconf 57' lang='lat' dir='ltr'>my„</span> <span class='ocrx_word' id='word_1_234' title='bbox 656 3624 766 3699; x_wconf 88' lang='lat' dir='ltr'>Patris</span> <span class='ocrx_word' id='word_1_235' title='bbox 788 3624 1038 3712; x_wconf 87' lang='lat' dir='ltr'>celebrandas,</span> <span class='ocrx_word' id='word_1_236' title='bbox 1072 3641 1108 3694; x_wconf 92' lang='lat' dir='ltr'>et</span> <span class='ocrx_word' id='word_1_237' title='bbox 1139 3626 1275 3717; x_wconf 82' lang='lat' dir='ltr'>quietem</span> <span class='ocrx_word' id='word_1_238' title='bbox 1307 3628 1506 3705; x_wconf 87' lang='lat' dir='ltr'>tenendam.</span> 
     </span>
     <span class='ocr_line' id='line_1_32' title="bbox 293 3718 1508 3825; baseline -0.004 -24"><span class='ocrx_word' id='word_1_239' title='bbox 293 3726 374 3825; x_wconf 87' lang='lat' dir='ltr'>Qua</span> <span class='ocrx_word' id='word_1_240' title='bbox 392 3727 533 3801; x_wconf 83' lang='lat' dir='ltr'>-ratione</span> <span class='ocrx_word' id='word_1_241' title='bbox 550 3742 672 3793; x_wconf 90' lang='lat' dir='ltr'>omnes</span> <span class='ocrx_word' id='word_1_242' title='bbox 689 3742 838 3807; x_wconf 89' lang='lat' dir='ltr'>aeonas,</span> <span class='ocrx_word' id='word_1_243' title='bbox 873 3719 914 3792; x_wconf 93' lang='lat' dir='ltr'>ad</span> <span class='ocrx_word' id='word_1_244' title='bbox 933 3718 1144 3814; x_wconf 89' lang='lat' dir='ltr'>aequitatem</span> <span class='ocrx_word' id='word_1_245' title='bbox 1164 3743 1204 3790; x_wconf 89' lang='lat' dir='ltr'>ac</span> <span class='ocrx_word' id='word_1_246' title='bbox 1224 3722 1508 3814; x_wconf 88' lang='lat' dir='ltr'>tranquillitatem</span> 
     </span>
     <span class='ocr_line' id='line_1_33' title="bbox 291 3811 1507 3912; baseline -0.006 -16"><span class='ocrx_word' id='word_1_247' title='bbox 291 3817 465 3909; x_wconf 71' lang='lat' dir='ltr'>aedessas,</span> <span class='ocrx_word' id='word_1_248' title='bbox 489 3816 658 3912; x_wconf 88' lang='lat' dir='ltr'>optimam</span> <span class='ocrx_word' id='word_1_249' title='bbox 684 3814 775 3888; x_wconf 88' lang='lat' dir='ltr'>suam</span> <span class='ocrx_word' id='word_1_250' title='bbox 800 3833 937 3908; x_wconf 86' lang='lat' dir='ltr'>partem</span> <span class='ocrx_word' id='word_1_251' title='bbox 966 3812 1147 3886; x_wconf 84' lang='lat' dir='ltr'>contulisse</span> <span class='ocrx_word' id='word_1_252' title='bbox 1164 3811 1328 3906; x_wconf 78' lang='lat' dir='ltr'>singulas,</span> <span class='ocrx_word' id='word_1_253' title='bbox 1353 3813 1507 3910; x_wconf 87' lang='lat' dir='ltr'>indeque</span> 
     </span>
     <span class='ocr_line' id='line_1_34' title="bbox 291 3905 1507 4010; baseline -0.007 -18"><span class='ocrx_word' id='word_1_254' title='bbox 291 3935 409 3992; x_wconf 87' lang='lat' dir='ltr'>ortum</span> <span class='ocrx_word' id='word_1_255' title='bbox 426 3914 493 3991; x_wconf 87' lang='lat' dir='ltr'>esse</span> <span class='ocrx_word' id='word_1_256' title='bbox 511 3911 648 4010; x_wconf 77' lang='lat' dir='ltr'>Jesum,</span> <span class='ocrx_word' id='word_1_257' title='bbox 667 3910 823 3981; x_wconf 91' lang='lat' dir='ltr'>omnium</span> <span class='ocrx_word' id='word_1_258' title='bbox 840 3930 989 3981; x_wconf 89' lang='lat' dir='ltr'>aeonum</span> <span class='ocrx_word' id='word_1_259' title='bbox 1006 3905 1148 3978; x_wconf 91' lang='lat' dir='ltr'>nomina</span> <span class='ocrx_word' id='word_1_260' title='bbox 1158 3908 1411 4001; x_wconf 84' lang='lat' dir='ltr'>complexum,</span> <span class='ocrx_word' id='word_1_261' title='bbox 1431 3909 1507 4007; x_wconf 91' lang='lat' dir='ltr'>spe·</span> 
     </span>
    </p>
   </div>
   <div class='ocr_carea' id='block_1_4' title="bbox 289 3999 1511 4110">
    <p class='ocr_par' dir='ltr' id='par_1_7' title="bbox 289 3999 1511 4110">
     <span class='ocr_line' id='line_1_35' title="bbox 289 3999 1511 4110; baseline -0.007 -20"><span class='ocrx_word' id='word_1_262' title='bbox 289 4011 412 4090; x_wconf 90' lang='lat' dir='ltr'>ciatim</span> <span class='ocrx_word' id='word_1_263' title='bbox 432 4011 549 4110; x_wconf 76' lang='lat' dir='ltr'>Chrish&#39;</span> <span class='ocrx_word' id='word_1_264' title='bbox 574 4029 605 4081; x_wconf 83' lang='lat' dir='ltr'>et</span> <span class='ocrx_word' id='word_1_265' title='bbox 621 4008 762 4101; x_wconf 84' lang='lat' dir='ltr'>Spiritus</span> <span class='ocrx_word' id='word_1_266' title='bbox 786 4005 845 4092; x_wconf 89' lang='lat' dir='ltr'>S.,</span> <span class='ocrx_word' id='word_1_267' title='bbox 871 3999 1023 4098; x_wconf 84' lang='lat' dir='ltr'>denique</span> <span class='ocrx_word' id='word_1_268' title='bbox 1039 4022 1121 4074; x_wconf 89' lang='lat' dir='ltr'>cum</span> <span class='ocrx_word' id='word_1_269' title='bbox 1145 4023 1189 4073; x_wconf 92' lang='lat' dir='ltr'>eo</span> <span class='ocrx_word' id='word_1_270' title='bbox 1216 4002 1406 4099; x_wconf 76' lang='lat' dir='ltr'>productos</span> <span class='ocrx_word' id='word_1_271' title='bbox 1440 4005 1511 4081; x_wconf 81' lang='lat' dir='ltr'>esse</span> 
     </span>
    </p>
   </div>
   <div class='ocr_carea' id='block_1_5' title="bbox 286 4097 1511 4457">
    <p class='ocr_par' dir='ltr' id='par_1_8' title="bbox 286 4097 1511 4457">
     <span class='ocr_line' id='line_1_36' title="bbox 287 4097 1276 4207; baseline -0.03 -18"><span class='ocrx_word' id='word_1_272' title='bbox 287 4112 469 4206; x_wconf 84' lang='lat' dir='ltr'>Angelos,</span> <span class='ocrx_word' id='word_1_273' title='bbox 494 4126 656 4201; x_wconf 91' lang='lat' dir='ltr'>tanquam</span> <span class='ocrx_word' id='word_1_274' title='bbox 679 4099 840 4174; x_wconf 90' lang='lat' dir='ltr'>satellites</span> <span class='ocrx_word' id='word_1_275' title='bbox 867 4097 951 4193; x_wconf 84' lang='lat' dir='ltr'>ejus.</span> <span class='ocrx_word' id='word_1_276' title='bbox 1078 4189 1087 4206; x_wconf 30' lang='grc' dir='ltr'>ι</span> <span class='ocrx_word' id='word_1_277' title='bbox 1274 4204 1276 4207; x_wconf 13' lang='grc' dir='ltr'>ι</span> 
     </span>
     <span class='ocr_line' id='line_1_37' title="bbox 328 4191 1511 4304; baseline -0.014 -21"><span class='ocrx_word' id='word_1_278' title='bbox 328 4204 368 4304; x_wconf 65' lang='lat' dir='ltr'>s.</span> <span class='ocrx_word' id='word_1_279' title='bbox 394 4204 558 4281; x_wconf 87' lang='lat' dir='ltr'>CLXIV.</span> <span class='ocrx_word' id='word_1_280' title='bbox 598 4199 777 4273; x_wconf 83' lang='lat' dir='ltr'>Secundum</span> <span class='ocrx_word' id='word_1_281' title='bbox 809 4196 965 4304; x_wconf 76' lang='lat' dir='ltr'>pleroma</span> <span class='ocrx_word' id='word_1_282' title='bbox 990 4210 1152 4265; x_wconf 82' lang='lat' dir='ltr'>continet</span> <span class='ocrx_word' id='word_1_283' title='bbox 1185 4191 1351 4303; x_wconf 73' lang='lat' dir='ltr'>mnndum</span> <span class='ocrx_word' id='word_1_284' title='bbox 1390 4192 1511 4268; x_wconf 85' lang='lat' dir='ltr'>invisi·</span> 
     </span>
     <span class='ocr_line' id='line_1_38' title="bbox 286 4285 1509 4457; baseline -0.013 -76"><span class='ocrx_word' id='word_1_285' title='bbox 286 4303 419 4393; x_wconf 87' lang='lat' dir='ltr'>bilem,</span> <span class='ocrx_word' id='word_1_286' title='bbox 445 4326 490 4377; x_wconf 83' lang='lat' dir='ltr'>ex</span> <span class='ocrx_word' id='word_1_287' title='bbox 507 4296 674 4394; x_wconf 82' lang='lat' dir='ltr'>Angelis,</span> <span class='ocrx_word' id='word_1_288' title='bbox 690 4311 728 4365; x_wconf 93' lang='lat' dir='ltr'>et</span> <span class='ocrx_word' id='word_1_289' title='bbox 753 4311 899 4364; x_wconf 81' lang='lat' dir='ltr'>materia</span> <span class='ocrx_word' id='word_1_290' title='bbox 917 4309 988 4359; x_wconf 90' lang='lat' dir='ltr'>non</span> <span class='ocrx_word' id='word_1_291' title='bbox 1005 4285 1249 4457; x_wconf 71' lang='lat' dir='ltr'>adspestabrlr,</span> <span class='ocrx_word' id='word_1_292' title='bbox 1266 4286 1509 4365; x_wconf 87' lang='lat' dir='ltr'>constantem:</span> 
     </span>
    </p>
   </div>
   <div class='ocr_carea' id='block_1_6' title="bbox 263 4381 1512 4560">
    <p class='ocr_par' dir='ltr' id='par_1_9' title="bbox 263 4381 1512 4560">
     <span class='ocr_line' id='line_1_39' title="bbox 263 4381 1512 4560; baseline 0.002 -107"><span class='ocrx_word' id='word_1_293' title='bbox 263 4395 333 4476; x_wconf 63' lang='lat' dir='ltr'>,de</span> <span class='ocrx_word' id='word_1_294' title='bbox 352 4422 445 4504; x_wconf 72' lang='lat' dir='ltr'>quo,</span> <span class='ocrx_word' id='word_1_295' title='bbox 465 4415 507 4511; x_wconf 51' lang='grc' dir='ltr'>ες</span> <span class='ocrx_word' id='word_1_296' title='bbox 519 4395 594 4496; x_wconf 86' lang='lat' dir='ltr'>ejus</span> <span class='ocrx_word' id='word_1_297' title='bbox 611 4387 751 4484; x_wconf 78' lang='lat' dir='ltr'>origine</span> <span class='ocrx_word' id='word_1_298' title='bbox 761 4442 773 4483; x_wconf 95' lang='lat'>,</span> <span class='ocrx_word' id='word_1_299' title='bbox 794 4384 848 4463; x_wconf 91' lang='lat' dir='ltr'>ita</span> <span class='ocrx_word' id='word_1_300' title='bbox 843 4383 1042 4557; x_wconf 50' lang='lat' dir='ltr'>ffiussw</span> <span class='ocrx_word' id='word_1_301' title='bbox 1082 4381 1260 4460; x_wconf 84' lang='lat' dir='ltr'>isseruisse.</span> <span class='ocrx_word' id='word_1_302' title='bbox 1307 4384 1512 4560; x_wconf 61' lang='lat' dir='ltr'>asclttttrrqtlly3</span> 
     </span>
    </p>
   </div>
   <div class='ocr_carea' id='block_1_7' title="bbox 0 0 1810 5500">
    <p class='ocr_par' dir='ltr' id='par_1_10' title="bbox 0 0 1810 5500">
     <span class='ocr_line' id='line_1_40' title="bbox 0 0 1810 5500; baseline 0 7"><span class='ocrx_word' id='word_1_303' title='bbox 0 0 1810 5500; x_wconf 95' lang='lat' dir='ltr'> </span> 
     </span>
    </p>
   </div>
  </div>
 </body>
</html>
