3609 5500
1451 698 1668 776 secut.
1702 695 1813 775 11.
2709 728 2855 810 523

374 878 928 979 distinguerent
950 934 972 971 ,
1054 876 1393 955 solicitius
1466 877 1592 955 fibi
1644 881 1730 956 ab
1783 875 1871 955 iis
1915 876 2305 974 cavebant,
2384 904 2479 960 ne
2544 909 2711 963 cum
2763 888 2856 965 iis

376 976 1041 1053 confunderentur.
1154 980 1338 1050 Iren.
1404 975 1562 1052 adv.
1629 976 1828 1051 haer.
1905 977 1947 1051 l.
2022 976 2158 1049 ΠΙ.
2225 1000 2288 1052 c.
2359 1002 2431 1072 4.
2502 984 2790 1060 testatur
2821 1040 2851 1079 ,

379 1071 849 1147 Christianos
894 1071 985 1145 ad
1033 1095 1273 1145 eorum
1335 1073 1688 1147 sermones
1738 1073 2107 1145 concludere
2161 1097 2402 1165 aures,
2483 1082 2666 1175 longo
2716 1083 2854 1155 lon·

374 1174 547 1265 gius
590 1165 900 1263 fugere,
978 1192 1056 1241 ne
1121 1172 1342 1241 audite
1412 1170 1658 1264 quidem
1706 1167 2132 1266 sustinentes
2162 1169 2637 1267 blasphemum'
2663 1178 2853 1250 colle·

384 1268 660 1362 ῳὶαηις
722 1263 1069 1359 Judaeos,
1180 1265 1378 1338 uibus
1417 1265 1580 1338 illud
1630 1264 1707 1336 in
1753 1283 1954 1338 more
1984 1280 2172 1354 erat,
2224 1264 2557 1343 imitatos.
2664 1272 2847 1348 vid.

383 1362 615 1435 etiam
674 1360 843 1433 Eus.
893 1360 991 1432 H.
1042 1360 1089 1433 1.
1127 1288 1258 1435 [kl.
1294 1385 1358 1435 c.
1417 1383 1529 1435 20.
1581 1359 1671 1433 de
1726 1361 2117 1457 Polycarpo
2171 1382 2262 1434 ex
2313 1363 2655 1453 Irenae03
2721 1365 2850 1463 qui

380 1457 429 1531 Ι.
483 1478 554 1530 c.
615 1454 715 1528 de
768 1456 1156 1552 Polycarpo
1217 1456 1475 1546 refert,
1563 1479 1723 1529 eum
1757 1455 2161 1546 Marcioni,
2230 1456 2356 1531 fibi
2391 1461 2848 1553 occurrenti,

384 1571 463 1627 et
517 1549 856 1640 dicenti,
905 1548 1226 1646 cognoscis
1278 1576 1392 1624 nos
1413 1607 1434 1642 ,
1487 1550 1950 1648 respondiss'e,
1999 1550 2294 1649 cognosco
2342 1570 2413 1628 se
2458 1560 2857 1653 primogeni-

381 1664 528 1720 tum
583 1647 940 1720 Satanae:
1002 1646 1196 1719 addit
1233 1648 1458 1736 Iren.‚
1508 1646 1932 1745 Apostolos,
1984 1670 2367 1746 eorumque
2419 1652 2867 1748 discipulos,‘

385 1767 468 1817 ne
520 1748 729 1817 verbo
785 1759 972 1815 tenus
1015 1742 1497 1840 communicasti
1562 1767 1707 1817 cum
1758 1746 1970 1839 aliquo
2010 1766 2261 1834 eorum,
2344 1752 2455 1842 qui
2501 1753 2847 1834 veritatem

384 1840 966 1914 adulteraverant.
1066 1838 1240 1911 Vid.
1306 1838 1396 1913 de
1466 1838 1983 1913 haereticorum
2045 1839 2486 1917 aversatione
2561 1867 2848 1942 quoque

391 1934 571 2031 Just.
628 1937 757 2008 Μ.
808 1951 1009 2009 cont.
1064 1932 1344 2030 Tryph.
1400 1957 1470 2031 p.
1526 1956 1663 2031 203
1716 1954 1791 2009 et
1844 1941 2012 2031 306.
2114 1934 2658 2033 Nihilominus,
2696 1943 2846 2019 hoc
2988 2021 2993 2027 ,

393 2031 594 2119 zelo,
659 2031 878 2125 saepe
931 2028 1195 2118 nimio,
1264 2052 1399 2102 nec
1448 2032 1723 2128 semper
1769 2030 2148 2106 secundum
2200 2031 2609 2127 scientiam,
2695 2060 2844 2115 non

400 2123 775 2215 obstante,
827 2145 951 2197 eos
1001 2124 1140 2198 esse
1186 2123 1354 2198 odio
1401 2124 1798 2216 habendos,
1846 2146 1967 2236 aout
2002 2128 2372 2237 violenter·
2405 2130 2844 2223 tractandos,

396 2245 447 2317 Ρ
442 2223 624 2391 1²:¹31?
679 2239 1140 2390 Ἢῖἓᾝη
1160 2221 2846 2397 “iaffisstpesssifflffeiedfee¹23²3¹<²>i⁸fiss³⁰s21

395 2339 794 2502 {abantun
871 2391 951 2484 et
1005 2434 1249 2484 eorum
1316 2434 1584 2513 conver
1614 2413 1766 2501 1oni
1831 2371 2295 2511 invigilabant
2317 2343 2398 2503 ,p
2421 2416 2598 2492 teste
2647 2347 2836 2495 ἰξεη.
2970 2511 2976 2517 .

398 2509 444 2583 1.
500 2509 637 2581 III.
722 2530 789 2582 c.
832 2514 955 2598 46.
1063 2507 1472 2596 Haeretici,
1562 2507 1793 2604 inquit
1854 2509 2210 2609 Athenag.
2261 2509 2398 2609 leg.
2467 2511 2530 2611 5.
2590 2537 2707 2610 31.
2754 2514 2845 2612 se

393 2601 570 2701 ipsos
613 2606 985 2700 decipiunt,
1050 2608 1354 2677 neminem
1406 2605 1703 2691 laedam,
1770 2626 1886 2679 nec
1924 2622 2263 2700 propterea
2305 2611 2615 2701 puniendi
2648 2609 2841 2711 sunt.

401 2699 675 2797 Ignatii
724 2697 1016 2795 epistola
1066 2698 1488 2798 interpolata
1537 2701 1623 2775 ad
1659 2698 2090 2797 Philadelph.
2142 2700 2206 2798 5.
2253 2725 2317 2796 3.
2371 2703 2624 2793 habet,
2672 2707 2842 2780 hae·
2985 2706 2993 2709 ’

402 2795 678 2868 reticos
691 2792 1042 2890 fugiendos
1062 2794 1243 2885 ess'e,
1292 2815 1367 2869 et
1399 2798 1812 2872 admonendos
1834 2849 1856 2884 ,
1890 2818 2010 2866 non
2046 2801 2465 2870 verberandos
2486 2853 2508 2887 ,
2540 2817 2658 2872 auc
2734 2825 2837 2872 er·

390 2887 750 2986 sequendos
774 2945 796 2979 ,
843 2893 1000 2984 quod
1046 2892 1392 2965 Gentilium
1437 2890 1536 2988 est
1557 2945 1579 2980 ,
1628 2889 1845 2964 Deum
1876 2913 1999 2961 non
2046 2889 2575 2986 cognoscentium.
2761 2917 2846 2966 o·

409 2983 655 3061 tabilia
705 2985 861 3059 sunt
899 2986 1085 3061 hanc
1137 2987 1214 3063 in
1264 3010 1417 3061 rem
1460 2987 1679 3062 verba
1730 2985 1936 3059 Tert.
1989 2983 2065 3060 in
2108 2985 2327 3082 Apol.
2378 3010 2443 3064 c.
2497 3011 2614 3082 24.
2718 2991 2843 3064 Vi-

402 3081 552 3156 dete
571 3138 592 3173 ,
638 3082 755 3157 'ne
802 3100 868 3157 et
919 3083 1033 3156 hoc
1082 3087 1175 3156 ad
1222 3079 1739 3178 irreligiofitatis
1786 3082 2053 3178 elogium
2099 3099 2477 3175 concurrat,
2561 3087 2844 3161 adimere

396 3177 769 3252 libertatem
818 3180 1150 3273 religionis
1173 3234 1192 3268 ,
1242 3196 1306 3253 es
1351 3180 1731 3253 interdicere
1781 3181 2098 3275 optionem
2145 3179 2561 3273 divinitatis,
2610 3199 2684 3256 ut
2714 3207 2841 3257 non

403 3272 602 3349 liceat
648 3276 807 3350 mihi
854 3275 1052 3349 colere
1072 3329 1094 3363 ,
1141 3299 1321 3370 quem
1372 3278 1561 3352 velim
1579 3329 1601 3364 ,
1645 3273 1776 3373 sed
1820 3296 2014 3371 cogar
2067 3277 2265 3349 colere
2282 3329 2303 3363 ‚
2367 3299 2553 3372 quem
2601 3283 2839 3371 nolim,

403 3391 580 3443 nemo
608 3371 691 3468 se
742 3372 831 3448 ab
886 3371 1085 3444 inviso
1132 3374 1253 3446 coli
1295 3374 1463 3446 volet
1485 3428 1508 3462 ,
1557 3395 1634 3444 ne
1681 3371 1858 3445 homo
1907 3373 2178 3468 quidem.
2272 3371 2447 3449 Vid.
2500 3374 2716 3451 etiam
2754 3377 2842 3452 ad

412 3465 771 3563 Scapulam
817 3489 881 3541 c.
937 3487 1001 3539 2.
1056 3467 1318 3541 humani
1337 3470 1562 3564 juris,
1600 3483 1663 3540 et
1710 3464 2060 3563 potestatis
2107 3464 2203 3563 est
2252 3472 2626 3557 naturalis,
2692 3476 2844 3542 uni-

410 3563 630 3656 cuique
696 3564 859 3661 quod
903 3566 1235 3656 putaverit
1307 3565 1508 3638 colere
1553 3597 1664 3621 —
1706 3599 1816 3618 —
1865 3597 1976 3619 -
2034 3586 2151 3636 nec
2197 3565 2528 3658 religionis
2585 3564 2682 3663 cst
2740 3589 2847 3650 coe

410 3678 568 3748 gere
611 3662 970 3755 religionem
993 3712 1015 3746 ,
1065 3682 1225 3755 quae
1239 3655 1477 3755 sponse
1504 3656 1759 3753 suscipi
1788 3660 2052 3746 debeat,
2102 3666 2222 3729 non
2273 3664 2342 3733 νί
2389 3680 2529 3740 etc.

509 3752 572 3852 5.
625 3757 881 3829 CLVI.
945 3757 1025 3842 β.
1073 3755 1428 3845 Charitas,
1509 3776 1642 3850 qua
1703 3750 2077 3828 Christiani
2139 3750 2208 3825 se
2271 3753 2593 3830 invicem
2648 3771 2851 3833 com-‘

409 3846 597 3942 plexi
617 3851 814 3943 sunt,
850 3851 1058 3949 plane
1092 3850 1442 3963 singularis
1476 3868 1551 3922 et
1587 3850 1848 3924 summa
1864 3848 2041 3923 fuit:
2086 3847 2190 3922 uti
2227 3850 2342 3923 vel
2373 3874 2463 3926 ex
2494 3875 2582 3925 eo
2602 3874 2797 3949 patet
2821 3911 2841 3939 ,

413 3946 612 4037 quod.
663 3971 789 4021 eos
853 3945 1235 4058 promiscm
1300 3945 1719 4021 concubitus
1780 3968 1940 4019 reos
1997 3944 2252 4041 agendi
2328 3946 2493 4034 inde
2544 3949 2845 4022 occasio-

415 4057 577 4113 nem
624 4059 970 4139 captarint
1021 4041 1380 4134 Gentiles,
1446 4043 1560 4116 vel
1612 4058 1689 4115 et
1725 4064 1848 4115 eos
1881 4045 2179 4116 coitiones
2214 4040 2486 4128 facere,
2539 4065 2622 4117 ac
2671 4044 2845 4119 sedi-

413 4131 647 4214 tiones
691 4139 978 4235 moliri,
1022 4138 1192 4219 inde
1230 4136 1898 4314 filspicativfuerint.
1993 4138 2065 4215 V
2059 4140 2202 4230 ide,-
2267 4137 2595 4235 inquiunt
2664 4140 2857 4316 Ggln-

599 4270 606 4276 ·
643 4274 653 4280 ·
685 4275 692 4283 ·
1625 4257 1742 4311 vv
1787 4255 1832 4310 2
2793 4259 2865 4316 cs
