3609 5500
686 935 691 945 ⁸
826 941 935 1023 Strui.
967 945 1002 1027 Ῑ.
1480 954 1530 1055 ⁶3

290 1129 324 1209 se
348 1123 588 1217 defendiffet‚
618 1120 887 1223 adprehendere
917 1151 999 1205 eum
1022 1126 1254 1207 nihilominus
1284 1133 1406 1210 conati
1430 1134 1523 1211 sunt.

322 1227 465 1315 nando,
490 1227 650 1300 manibus
667 1244 791 1296 eorum
808 1223 960 1321 elapsus,
988 1227 1122 1301 secessit
1142 1246 1235 1303 trans
1253 1231 1461 1327 Jordanem,
1486 1231 1526 1308 iu

288 1329 405 1402 locum
432 1322 651 1410 Bethabara,
673 1319 736 1394 ubi
763 1318 846 1415 Joh.
873 1323 899 1394 1:
929 1345 962 1398 2.
987 1322 1095 1397 initio
1120 1323 1384 1422 baptizaverat3
1418 1334 1525 1423 ibique

289 1418 430 1515 neustr,
457 1418 597 1494 scilicet
614 1417 657 1491 ad
680 1415 821 1512 aliquod
838 1433 1001 1515 tempus,
1025 1418 1098 1495 five
1115 1421 1157 1496 ad
1183 1421 1355 1518 paschatis
1372 1422 1525 1513 festum,

288 1520 359 1594 five
388 1517 558 1608 brevius,
590 1513 709 1589 donec
734 1534 867 1586 novum
892 1512 963 1588 iter
990 1539 1056 1613 per
1082 1518 1271 1593 Galilaeam
1296 1538 1334 1592 et
1357 1520 1525 1617 Judaeam

288 1614 444 1693 instituit
468 1610 763 1709 Hierosolymam
786 1609 914 1706 usque,
939 1612 1109 1710 adquam
1133 1613 1228 1689 circa
1277 1614 1377 1690 ascha
1402 1617 1523 1697 rediit.

288 1716 399 1788 Forte
433 1729 625 1805 utrumque
652 1704 783 1779 rectius
809 1707 1059 1807 conjungitur,
1099 1709 1150 1784 ita
1183 1728 1223 1784 ut
1246 1639 1403 1786 dur-istus
1438 1713 1523 1790 inde

287 1802 707 1887 circumambuiationem
732 1798 946 1899 susceperit,
970 1828 1081 1902 eaque
1097 1803 1198 1880 finita
1221 1828 1266 1880 eo
1288 1806 1456 1903 redierit,
1483 1829 1522 1887 et

289 1902 458 1983 manserit
485 1902 593 2000 usque
619 1919 689 1995 quo
705 1896 915 1974 Bethaniarn
937 1900 981 1976 ad
1002 1904 1176 1978 Lazarum
1199 1902 1438 1981 suscitandum
1459 1931 1524 1984 ve·

290 2000 407 2080 uerit:
442 1999 484 2072 in
507 2020 579 2096 quo
605 1992 802 2091 acquiesco.

338 2095 371 2197 ς.
397 2096 479 2170 LX.
506 2099 700 2190 sequamur
727 2112 824 2165 nunc
841 2088 1018 2168 Christum
1044 2089 1222 2188 nostrum,
1248 2101 1345 2173 urbes
1370 2121 1412 2174 uc
1432 2102 1523 2178 vicos

288 2192 456 2271 docendo
493 2187 752 2292 transeuntffm
788 2206 828 2261 ut
858 2191 946 2266 Luc.
969 2191 1070 2266 XIII:
1100 2214 1158 2268 aa.
1190 2192 1362 2287 habetur,
1403 2194 1523 2273 donec

289 2290 327 2369 iu
348 2287 526 2390 Judaeam
549 2282 708 2360 redierit.
758 2283 887 2361 Statim
908 2309 951 2361 ac
974 2286 1045 2360 iter
1071 2288 1155 2364 illud
1182 2289 1344 2366 ultimum
1366 2314 1431 2389 per
1458 2295 1480 2390 J
1505 2328 1520 2348 ·

290 2388 411 2464 dream
430 2409 475 2460 ac
490 2382 681 2461 Galilacam
698 2378 895 2479 inceperit,
920 2382 961 2457 In
979 2384 1167 2482 synagoga
1182 2385 1314 2483 aliqua,
1343 2387 1523 2465 incertum

292 2508 357 2584 quo
384 2483 428 2559 in
447 2483 555 2573 Ioco,
581 2478 732 2567 docens,
754 2478 961 2569 muIIerem,
990 2488 1034 2559 18
1060 2502 1171 2555 annos
1189 2481 1262 2578 jam
1286 2508 1307 2557 a
1331 2486 1457 2561 Satana
1478 2486 1522 2561 li·

333 2600 427 2673 tam,
467 2576 521 2652 ita
543 2594 585 2651 ut
608 2572 800 2671 ominium
825 2580 859 2651 iu
874 2579 986 2673 pedus
1007 2582 1239 2672 procumbens,
1284 2576 1399 2677 (hunc
1423 2582 1521 2658 enim

286 2604 425 2756 ielustmr
450 2673 568 2752 adfert
603 2674 751 2750 verbum
775 2668 968 2771 Graecum)
1001 2674 1038 2748 se
1067 2695 1142 2747 non
1165 2679 1326 2772 potuerit
1361 2676 1522 2778 erigere,

286 2773 451 2852 manibus
472 2766 636 2869 inpositis
659 2771 795 2863 erexit,
819 2787 857 2845 et
874 2768 1029 2845 sanavit:
1044 2768 1255 2870 metumque
1281 2774 1378 2849 suum
1409 2777 1519 2854 asab·

288 2876 375 2951 bato
400 2891 477 2945 non
512 2866 701 2942 abhorrere
727 2885 852 2942 contra
875 2865 1229 2966 Archisynagogum,
1289 2869 1325 2944 ui
1353 2871 1437 2946 illud
1460 2897 1518 2949 re·

316 2967 546 3054 rebenderat,
561 2961 790 3060 justificavit,
810 2962 1015 3039 adversariis
1033 2963 1204 3057 confufis,
1222 2893 1287 3040 sed
1299 2968 1399 3041 turba
1416 2993 1519 3065 prae·

285 2992 394 3142 iente
414 3068 578 3136 laetante.
630 3059 710 3172 Qua
740 3061 820 3134 ansa
845 3078 986 3155 arrepta
1020 3059 1167 3154 repetiit
1206 3062 1290 3136 duas
1314 3066 1517 3158 parabolas,

290 3179 407 3236 antea
421 3158 586 3255 prolatas,
606 3174 661 3230 utt
678 3158 790 3229 Matt.
809 3156 913 3227 XIII.
928 3160 1029 3248 grotti
1047 3154 1179 3248 finapi,
1203 3156 1240 3227 in
1256 3157 1416 3228 arborem
1432 3183 1517 3251 pro·

288 3275 420 3332 ceram
445 3252 694 3343 excrescentis,
734 3273 775 3324 ac
804 3247 993 3339 fermenti,
1025 3266 1138 3322 totam
1161 3248 1299 3322 massam
1325 3251 1519 3349 elevantis,

285 3376 335 3431 co
361 3347 568 3440 tendentes,
589 3366 631 3423 ut
649 3345 848 3444 progressus
867 3343 1065 3444 euangelii,
1090 3344 1153 3418 suo
1172 3365 1335 3443 tempore
1352 3347 1515 3446 futurus,

287 3445 577 3551 praediceretur,
620 3445 802 3519 occasione
834 3442 970 3518 scilicet
1002 3441 1120 3540 gaudii
1150 3442 1274 3539 populi
1306 3442 1410 3541 super
1439 3449 1516 3544 gIo·

288 3543 388 3622 riosrs
404 3540 537 3617 Christi
560 3538 679 3633 fretis,
704 3540 926 3650 ringentibus
943 3538 1165 3628 adversariis,
1190 3540 1277 3614 Luc.
1304 3539 1404 3615 XIII:
1432 3568 1515 3619 ro·-

289 3667 348 3720 21.
398 3637 545 3715 Deinde
570 3661 651 3713 cum
675 3635 816 3736 aliqum,
841 3660 925 3736 prae
951 3634 1060 3709 nimia
1085 3633 1309 3727 curiositate,
1343 3657 1510 3736 rogaret,

286 3752 370 3818 'nom
399 3734 505 3831 pauci
531 3733 604 3830 fine
625 3734 812 3832 soloandI?
855 3731 948 3808 aliud
972 3756 1045 3805 non
1078 3732 1199 3804 retulit
1226 3758 1245 3805 a
1269 3733 1430 3807 Domino
1456 3762 1513 3812 re·

282 3834 474 3938 sponsum,
499 3854 601 3929 quam
627 3834 835 3920 certandum,
861 3829 886 3904 st
914 3828 990 3926 quis
1016 3826 1133 3902 salvari
1160 3827 1266 3919 velit,
1290 3828 1371 3924 effi,
1395 3847 1431 3902 ut
1451 3852 1513 3928 per

285 3944 373 4032 ungit
405 3958 461 4006 om
490 3947 632 4026 portum·
653 3931 772 4019 intret,
816 3925 950 4001 scilicet
978 3923 1017 3998 in
1040 3945 1222 4021 tempore,
1263 3927 1357 4020 quod
1390 3947 1512 4002 mente

284 4031 339 4107 est
361 4025 656 4124 rnteIIigendum,
691 4047 772 4098 cum
798 4023 899 4098 multi
924 4019 1029 4094 nimis
1053 4021 1151 4109 sero,
1180 4021 1295 4116 januis
1319 4023 1410 4095 coeli
1435 4026 1509 4121 jam

288 4125 430 4217 clausis,
468 4124 504 4199 id
530 4118 694 4197 conaturi
728 4122 794 4196 st'nt
826 4121 897 4195 stne
923 4115 1097 4207 successu,
1136 4138 1204 4191 nec
1228 4117 1348 4192 debite
1374 4122 1512 4214 parati,

286 4226 422 4324 qqupe
451 4220 622 4319 quicum
657 4218 869 4313 proseffione
898 4213 1095 4312 euangelii,
1130 4233 1167 4286 et
1190 4214 1265 4288 aliis
1290 4216 1509 4310 praerogati-

287 4324 367 4412 vis,
389 4320 507 4394 vitam
519 4314 775 4413 conjunxerint
792 4314 998 4412 inprobam,
1023 4312 1082 4386 seu
1098 4309 1235 4384 virtute
1261 4309 1404 4393 cassam,
1434 4328 1515 4378 ver·

285 4418 349 4505 bis
369 4419 473 4498 Matt.
499 4415 590 4509 VII.
625 4433 764 4514 quoque
787 4409 974 4599 repepiitipp
1006 4407 1104 4488 addit
1128 4426 1248 4487 tamen
1271 4403 1516 4587 salvandoreupp
