3609 5500
814 500 920 578 Strui.
947 502 997 581 ll.
1438 522 1510 615 553

286 697 343 773 nis
361 684 538 777 Domini,
569 706 640 796 quo
661 679 836 782 jejunium
863 704 948 760 ante
972 684 1154 783 paschale,
1180 689 1279 786 cujus
1295 690 1415 791 supra,
1447 698 1520 780 suo·-

282 796 393 882 loco,
417 783 499 862 dedi
515 782 700 872 notitiam,
724 780 933 869 finiebatur,
951 783 1183 872 celebrandi,¹
1196 784 1396 881 legitimum
1411 792 1504 888 else,

290 887 355 988 qui
382 905 460 959 cum
484 878 625 978 Judaeis
649 877 686 951 in
712 880 867 953 decimam
894 895 1045 974 quartam
1069 876 1197 952 incidit
1214 880 1330 958 lunam
1354 885 1434 985 post
1448 911 1507 964 ae·

290 979 515 1084 quinodlium
544 995 721 1062 vernum,
762 973 834 1050 five
865 971 908 1046 sit
939 971 1137 1048 dominicus
1168 973 1262 1066 dier,
1292 979 1381 1056 .sive
1420 986 1506 1059 illu.

288 1076 537 1182 qualiscunque
561 1069 809 1161 hebdomadis,
848 1068 908 1143 sed
938 1068 1089 1165 reliquae
1106 1070 1300 1162 Ecclesiae,
1325 1100 1406 1152 cuin
1432 1081 1509 1154 Ro·

289 1199 394 1256 mana
417 1168 697 1255 consentientes,
730 1188 799 1240 non
827 1181 872 1238 eo
893 1166 1049 1259 praecise
1073 1164 1152 1258 die,
1194 1169 1253 1242 sed
1280 1171 1432 1247 dominico
1456 1177 1509 1249 se·

289 1289 446 1376 querite,
471 1265 496 1339 si
523 1265 580 1339 vel
604 1263 680 1336 dies
701 1259 766 1335 iste
790 1262 884 1335 soret
909 1260 1125 1350 dominicus,
1161 1260 1197 1337 id
1220 1264 1418 1345 faciendum
1437 1271 1519 1346 effe·

291 1364 569 1448 contendebant.
623 1360 732 1444 Sunt,
766 1357 826 1454 qui
849 1358 1014 1448 censent,
1045 1357 1210 1450 Asianos,
1251 1365 1313 1456 qui
1339 1390 1420 1440 cuni
1445 1371 1507 1464 Ju-

292 1462 392 1546 daeis
413 1456 610 1545 faciebant,
637 1452 768 1528 Xllsta
795 1455 914 1543 Luna,
945 1473 1016 1525 non
1039 1454 1319 1550 resurrectionis,
1353 1462 1409 1537 sed
1429 1463 1507 1559 pas·

289 1559 395 1660 fiunis
421 1550 553 1630 Christi
577 1547 763 1625 celebrasse
787 1547 1015 1639 memoriam,
1040 1548 1136 1623 simul
1160 1574 1287 1648 agnum
1313 1555 1516 1652 paschalem.

291 1671 377 1737 cum
403 1648 545 1751 Judaeia
573 1665 662 1720 tunc
684 1644 894 1736 comedisse,
935 1645 1057 1719 habito
1081 1647 1205 1742 epulo,
1236 1649 1394 1750 adeoque
1416 1654 1509 1755 jeJu·

293 1755 396 1833 nium
418 1741 578 1833 solvisse,
602 1760 641 1816 et
661 1742 767 1816 triduo
790 1742 927 1839 semper
954 1742 1033 1832 die,
1057 1741 1145 1911 post
1169 1744 1261 1819 illam
1285 1748 1440 1841 Lanam,
1468 1754 1538 1833 si·-

293 1874 344 1928 ve
367 1847 409 1921 lit
431 1839 651 1925 dominicus,
685 1835 759 1912 sive
787 1860 881 1926 non,
921 1837 1054 1911 resurre

294 1969 378 2025 eum
402 1938 488 2015 aliae
503 1931 697 2023 Ecclesiae,
722 1954 789 2005 nec
803 1932 990 2008 habuerint
1005 1935 1145 2028 epulum
1162 1937 1244 2009 illud
1260 1940 1389 2013 Xtha
1407 1945 1508 2038 luna,

293 2043 358 2119 sed
383 2033 488 2113 noble
514 2048 597 2105 ante
621 2026 884 2102 resurrectionis
907 2028 1002 2102 diem
1029 2028 1196 2102 solverint
1216 2031 1412 2127 jejunium,
1446 2040 1508 2115 lia.

293 2139 379 2218 bito
400 2130 524 2229 epulo,
549 2147 616 2199 nec
635 2121 896 2198 resurredlionis
922 2122 1047 2198 sestam
1065 2125 1153 2215 alio,
1179 2150 1281 2221 quani
1304 2129 1509 2231 dominico,

297 2235 381 2324 die,
406 2223 486 2330 post
505 2239 618 2313 ratam
634 2222 772 2310 lunam,
790 2221 1077 2297 celebraverint:
1100 2221 1214 2297 sedin
1232 2247 1354 2301 eorum
1370 2229 1510 2309 senten·
1538 2251 1541 2255 ·
1591 2236 1593 2240 ’

296 2329 407 2418 tiam,
438 2321 527 2397 licet
547 2314 802 2415 probabilitatis
827 2316 945 2426 specie
978 2314 1160 2408 vestitam,
1203 2317 1414 2400 descendere
1439 2347 1515 2406 non

322 2423 456 2512 ossum,
482 2438 560 2490 cuni
584 2410 696 2486 solido
720 2433 793 2485 non
819 2431 949 2485 nitatur
964 2411 1193 2487 fundamento
1198 2470 1215 2512 ,
1240 2439 1307 2492 nec
1330 2444 1410 2495 cuni
1426 2423 1511 2501 Eus:

293 2453 351 2601 f-l,
375 2518 426 2595 V:
455 2534 533 2603 24„
555 2508 697 2605 aliisque
713 2506 971 2594 monumentis,
1003 2510 1185 2581 conciliari
1208 2509 1306 2606 polle
1327 2515 1510 2594 uideatur:

297 2621 345 2694 de
377 2635 448 2711 quo
476 2607 550 2682 vid.
590 2605 797 2677 'I'illemont
829 2620 919 2699 part.
945 2603 972 2674 1.
998 2602 1197 2676 Memorab.
1224 2607 1356 2679 Eccles.
1392 2630 1417 2684 t.
1442 2615 1509 2688 lll.

295 2714 339 2792 in
363 2708 455 2783 notis
476 2702 520 2779 ad
547 2699 733 2777 Villorem
754 2700 901 2794 Papam,
928 2714 965 2770 et
987 2696 1032 2770 de
1055 2696 1194 2794 duplice
1207 2700 1375 2794 paschatis
1400 2708 1511 2780 nomi·
1535 2735 1537 2739 ⁷

295 2812 355 2887 nis
376 2804 439 2879 usu
467 2798 587 2899 postea
612 2795 658 2870 ad
688 2794 755 2869 sec.
781 2796 849 2870 IV.
883 2795 1051 2871 monebo.
1101 2792 1239 2884 Asiani,
1278 2796 1447 2891 Johannir
1473 2804 1513 2885 in

294 2888 431 3000 Euan'g.
457 2894 709 2975 narrationem,
735 2891 822 2964 male
838 2886 1070 2979 intellectam,
1096 2889 1230 2980 secuti,
1257 2891 1431 2971 Christum
1448 2926 1513 2998 pu.

288 3018 411 3079 tarunt
427 2990 628 3087 anticipalle
645 2987 789 3082 pascha,
807 3019 810 3024 ·
825 3006 863 3060 et
889 2986 1019 3059 Xtha
1046 2988 1125 3059 luna
1138 3040 1149 3077 ,
1174 2986 1340 3084 legitimo
1364 2991 1424 3067 die
1447 3024 1510 3095 pa,

295 3093 449 3183 schama,
481 3084 701 3162 resurrexisse
724 3081 843 3179 primo
866 3105 987 3158 mane:
1023 3081 1080 3156 sed
1106 3082 1248 3181 dequo
1268 3087 1366 3182 plura
1389 3091 1514 3174 dixisse

293 3194 359 3271 hic
381 3191 478 3264 locus
502 3207 574 3256 non
599 3180 661 3255 est.
1412 3203 1414 3207 ’

345 3284 378 3382 p.
400 3280 543 3358 CXCII.
582 3274 825 3352 Dissenserunt
855 3292 971 3349 autem
1007 3273 1123 3350 secum
1152 3274 1309 3353 invicem
1340 3281 1516 3361 Ecclesiae

301 3376 492 3468 Aliaticae,
518 3391 555 3448 et
583 3374 736 3468 reliquae
759 3368 853 3444 orbis
875 3367 1089 3456 Christiani,
1141 3370 1306 3470 raecipue
1330 3376 1513 3473 Romana,

302 3472 464 3570 exceptis
482 3468 677 3547 vicinarum
704 3463 967 3563 provinciaram
991 3465 1098 3537 Etcle
1113 3464 1176 3554 iis,
1208 3488 1297 3559 quae
1322 3490 1401 3544 cuni
1419 3472 1516 3549 Alia·

298 3574 359 3654 nis
382 3568 566 3644 faciebant.
615 3563 789 3639 Asiaticae
818 3582 907 3633 vero
932 3558 1103 3633 Ecclesiae
1132 3559 1381 3658 intelligendae
1413 3569 1514 3666 sunt,

299 3692 390 3772 quae
409 3661 585 3739 dioecesin
603 3658 783 3748 Asanam,
807 3657 864 3731 vel
884 3654 1190 3745 Proconsularem,
1211 3655 1410 3755 inplebant,
1436 3668 1516 3759 qui·

297 3772 366 3849 bus
385 3762 591 3858 'Polycrates
615 3753 805 3850 Ephesmus
827 3770 1009 3847 praeerat:
1033 3753 1214 3827 Romanae
1238 3778 1326 3826 vero
1344 3759 1519 3838 Ecclesiae

297 3859 534 3953 adsurgebant
559 3851 709 3945 reliquae
733 3846 826 3921 orbis
844 3844 1060 3938 Christiani,
1086 3846 1174 3923 teste
1199 3848 1276 3921 Eus.
1304 3852 1353 3925 H.
1381 3854 1429 3926 V:
1458 3879 1516 3949 ²4·

296 3954 397 4061 qnod
422 3973 468 4027 ex
491 3946 652 4025 conciliis
678 3944 806 4036 Ponti,
845 3942 1078 4036 Palaestinae,
1122 3961 1167 4019 et.
1182 3943 1327 4021 aliorum
1359 3947 1517 4031 locorum
1613 4016 1620 4029 ,

826 4037 948 4117 Bbbb
974 4060 997 4113 2
1379 4065 1520 4146 quoque

1093 1837 1183 1912 ionis
1216 1840 1341 1919 festum
1377 1847 1506 1945 egisse:
