3609 5500
603 901 608 912 Ι
800 933 904 1010 Secul.
930 934 1005 1013 III.
1119 957 1125 966 ·
1440 919 1516 1037 759⁴

289 1141 400 1212 vero,
414 1114 596 1213 Gregorio
616 1101 834 1203 Turonenlr,
856 1135 893 1188 et
910 1112 1234 1206 adlisSanbborum,
1252 1114 1398 1193 constat.
1449 1119 1510 1194 De

291 1244 361 1318 quo
385 1217 537 1313 pluribus
555 1210 717 1308 exposuit
746 1211 952 1285 Tillemont.
980 1214 1137 1286 Memor.
1164 1212 1296 1287 Eccles.
1323 1233 1409 1289 tom.
1434 1216 1506 1291 IV.

286 1336 324 1411 p.
348 1316 412 1388 lll.
462 1313 600 1383 Interea
615 1307 660 1380 de
676 1308 927 1406 propagatione
943 1307 1190 1383 Christianismi
1205 1332 1269 1402 per
1283 1310 1513 1407 Hispaniam,

287 1406 525 1494 Britanniam,
551 1404 721 1493 Perlram,
745 1404 891 1502 aliasque
919 1421 1049 1495 terras,
1077 1405 1167 1478 nihil
1192 1405 1367 1501 peculiare
1386 1407 1510 1504 suppe-

289 1506 379 1579 ditat
402 1502 557 1577 nostrum
589 1501 752 1575 seculum.
804 1502 873 1575 Sed
907 1522 989 1574 cum
1022 1500 1115 1574 inter
1139 1500 1301 1575 Caesares
1327 1504 1509 1586 Romanos
1551 1580 1567 1591 ,

287 1625 375 1675 unus
398 1602 531 1672 alterve
556 1617 713 1672 narrar-nr
738 1595 839 1670 fuill'e
864 1618 884 1667 a
907 1595 1081 1692 religione
1105 1595 1300 1672 Christiana
1326 1621 1399 1673 non
1423 1597 1505 1673 alie·

288 1719 373 1788 nus,
400 1717 440 1767 ea
461 1697 505 1767 de
531 1718 569 1768 re
594 1693 722 1791 aliquid
747 1689 898 1789 superest
924 1692 1124 1767 dicendum.
1350 1746 1352 1751 .

338 1792 369 1892 ᾗ.
397 1791 554 1864 CXLIX.
596 1792 638 1862 ln
662 1789 790 1862 familia
815 1787 1007 1861 Alexandri
1040 1787 1164 1863 Severi
1196 1786 1378 1885 plerosque
1402 1783 1526 1864 fuisso

287 1886 522 1976 Christianos,
562 1884 705 1958 testatur
736 1884 815 1959 uus.
842 1885 891 1957 H.
921 1886 969 1959 V:
998 1892 1077 1973 28.,
1114 1906 1225 1959 mater
1257 1893 1398 1981 quoque
1432 1884 1511 1981 ejus

290 1989 490 2061 Mammaea
515 1979 667 2077 religioso
698 2000 735 2055 et
767 1980 863 2054 saldr-
889 1981 948 2073 pia
980 1979 1136 2055 foemina
1162 1983 1353 2079 adpellatur
1375 1982 1418 2054 ab
1445 2004 1507 2054 eo·

250 2154 256 2164 ,
288 2083 369 2157 dem
394 2081 416 2153 l.
444 2079 512 2153 Vl:
541 2100 597 2151 21.
624 2099 712 2173 quae
736 2076 839 2149 eriam
858 2076 1075 2171 Origenem,
1101 2097 1141 2150 ut
1157 2080 1208 2151 ab
1232 2100 1277 2150 eo
1294 2074 1504 2171 instruatur,
1589 2078 1595 2086 ’

287 2195 442 2255 narratur
469 2174 511 2247 ad
544 2171 579 2246 se
608 2170 770 2245 invitalle
806 2170 892 2246 ibid.
942 2173 1030 2245 Cum
1062 2190 1178 2247 tamen
1205 2195 1281 2248 eam
1315 2194 1383 2247 nec
1407 2171 1508 2266 uus„

288 2297 357 2349 nec
390 2269 564 2360 Hieron,
604 2266 833 2341 Christianam
868 2268 1041 2361 adpellet,
1081 2291 1138 2341 res
1169 2270 1207 2343 in
1242 2267 1363 2342 medlo
1394 2269 1505 2344 tutius

251 2447 252 2451 ,
287 2366 509 2467 relinquitur.
557 2363 639 2437 Fuit
663 2370 829 2460 quoqu'ea
847 2361 1018 2437 Romanis
1032 2362 1213 2454 deificata,
1238 2363 1325 2437 telle
1344 2366 1504 2463 Lampri-

288 2465 361 2540 dio.
404 2463 473 2536 Sed
496 2459 569 2556 ipse
586 2458 786 2533 Alexander
801 2461 951 2533 Severus
967 2456 1167 2535 Christianis
1193 2482 1265 2534 non
1292 2479 1425 2536 tanturn
1451 2460 1507 2536 di·

288 2561 382 2637 citur
403 2556 545 2642 saville,
580 2555 637 2630 sed
666 2572 704 2627 er
727 2554 917 2654 imaginem
943 2554 1067 2630 Christi
1101 2554 1140 2630 in
1171 2555 1296 2630 larario
1322 2555 1511 2650 babuisse,

286 2675 435 2754 eumque
458 2651 495 2728 in
521 2653 621 2727 Deos
644 2651 791 2724 relatum
818 2649 989 2740 voluiffe3
1014 2652 1294 2750 repugnantibus
1319 2654 1416 2729 lctis
1439 2656 1503 2730 Ul·

284 2756 415 2854 piano,
449 2747 577 2838 Paulo,
606 2764 644 2820 et
668 2743 899 2837 Modestino,
925 2765 966 2820 ut
983 2748 1130 2839 volunr3
1156 2747 1396 2846 nescioquam
1418 2772 1506 2827 vere

287 2870 325 2924 et
349 2844 480 2932 solide;
511 2841 679 2917 licetfieri
706 2842 885 2938 potuerit,
918 2861 992 2917 uta
1015 2840 1104 2917 statu
1129 2842 1218 2943 reip.
1243 2845 1327 2920 illud
1351 2848 1506 2924 alienum
1581 2937 1584 2940 ‚

282 2940 524 3044 judicaverint
554 2936 743 3036 prudentes
772 2938 822 3015 illi
846 2936 987 3013 Politici
1020 2958 1058 3013 et
1080 2938 1182 3027 leti,
1215 2939 1298 3014 alias
1321 2943 1507 3042 religionis
1612 2993 1615 2996 >

286 3036 502 3117 Christianae
526 3034 661 3124 hostes,
688 3050 746 3108 aut
761 3033 1022 3131 persecutores,
1060 3056 1141 3109 cum
1166 3036 1318 3111 Baronio
1342 3056 1381 3112 et
1405 3039 1517 3133 aliis,

285 3134 490 3308 &llll
515 3127 1505 3323 *lle-llanlllffillllbllllnlbiils?“lull

285 3334 355 3404 lm's
387 3328 425 3398 de
453 3249 559 3420 lffillo
584 3318 784 3418 Proconsulis
805 3321 933 3421 septem
967 3320 1123 3419 rescripta
1151 3323 1338 3422 Principum
1357 3286 1506 3422 ’nefaria

283 3420 460 3519 collegrffe‚
484 3437 521 3494 ur
545 3422 690 3506 docerer,
716 3422 829 3512 quibus
844 3421 955 3513 poenis
980 3419 1080 3528 adfici
1104 3436 1256 3513 oporteret
1283 3442 1353 3511 eor,
1376 3427 1441 3521 pul
1459 3426 1503 3525 se

285 3525 423 3597 cultores
444 3515 512 3589 Dei
526 3515 769 3611 profitebantur.
821 3515 939 3589 Plures
964 3537 1060 3588 enrm
1082 3514 1239 3590 Domitii
1256 3517 1409 3596 nominis
1423 3521 1502 3600 fue·

286 3637 391 3704 runt,
430 3636 499 3699 nec
520 3608 692 3708 Ulpianus
717 3632 762 3684 eo
787 3607 860 3685 solo
886 3609 1030 3685 nomine
1055 3609 1242 3708 infignirus
1267 3612 1404 3691 fuisset:
1440 3621 1502 3694 ab·

285 3715 411 3788 horret
443 3730 581 3805 quoque
604 3706 774 3803 ejusmodi
798 3705 995 3782 institutum
1021 3728 1040 3779 a
1068 3707 1288 3801 temporibus
1323 3728 1406 3784 ante
1435 3716 1502 3789 Ul·

317 3805 456 3891 ianum,
489 3819 526 3873 et
550 3801 593 3872 ab
618 3803 693 3895 eius
707 3819 843 3875 aetate:
875 3820 916 3874 ut
937 3825 982 3873 ex
1008 3799 1243 3895 superioribus
1267 3802 1424 3895 constat,
1457 3813 1502 3885 ab

286 3929 301 3980 s
328 3904 361 3976 sa
378 3895 484 3971 etiam
502 3897 548 3970 Ul
576 3893 668 3985 iani,
693 3893 762 3969 viri
779 3894 883 3986 boni,
908 3893 1038 3969 indole.
1088 3895 1174 3970 Nec
1189 3895 1360 3996 denique,
1385 3903 1502 3981 Chrilt

287 4019 424 4083 uanos,
450 3990 508 4066 sed
573 3989 697 4064 ent'iles
722 3991 892 4087 Judaeos,
917 3990 1070 4088 aliosque
1093 3990 1291 4081 maleficos,
1314 3995 1410 4071 forte
1435 4001 1502 4076 eti.

285 4118 342 4172 arn
369 4092 463 4166 inter
485 4084 871 4177 Pseudo-Christianos,
891 4084 935 4175 in
961 4087 1070 4162 oculis
1093 4086 1217 4162 habuit
1241 4090 1413 4260 Ulrpianus
1429 4096 1451 4172 l.
1469 4100 1500 4177 I.

311 4250 319 4266 .
348 4214 380 4285 3.
407 4189 445 4260 de
469 4184 630 4260 extraord.
658 4186 785 4277 Cognir.
810 4183 872 4258 ubi
906 4182 1054 4258 medicis
1084 4183 1193 4259 salarii
1218 4207 1264 4281 pe
1297 4189 1502 4268 ecutionem

271 4284 476 4372 'comedim
502 4281 653 4356 sednon
677 4279 748 4369 illi,
775 4278 1030 4374 stimularit,
1046 4278 1081 4375 st
1098 4282 1281 4374 inprecatus
1296 4282 1361 4383 est,
1377 4285 1432 4380 st,
1465 4308 1503 4365 ur

283 4383 417 4480 ‚vulgari
440 4383 553 4474 verbo,
578 4375 717 4476 inquit,
747 4375 939 4475 inpostorum
964 4395 1063 4471 urar,
1085 4381 1302 4457 exorcizavit.
1328 4400 1397 4465 etc.
1444 4387 1505 4462 De
1632 4446 1635 4457 .

818 4471 966 4573 ccccc
987 4496 1013 4571 4
1434 4496 1636 4830 Ἥ
