<?xml version="1.0" encoding="UTF-8"?>
<!DOCTYPE html PUBLIC "-//W3C//DTD XHTML 1.0 Transitional//EN"
    "http://www.w3.org/TR/xhtml1/DTD/xhtml1-transitional.dtd">
<html xmlns="http://www.w3.org/1999/xhtml" xml:lang="en" lang="en">
 <head>
  <title>
</title>
<meta http-equiv="Content-Type" content="text/html;charset=utf-8" />
  <meta name='ocr-system' content='tesseract 3.04.00' />
  <meta name='ocr-capabilities' content='ocr_page ocr_carea ocr_par ocr_line ocrx_word'/>
</head>
<body>
  <div class='ocr_page' id='page_1' title='image "./hermannivenemai05venegoog_0638.png"; bbox 0 0 3609 5500; ppageno 0'>
   <div class='ocr_carea' id='block_1_1' title="bbox 802 936 1514 1047">
    <p class='ocr_par' dir='ltr' id='par_1_1' title="bbox 802 936 1514 1047">
     <span class='ocr_line' id='line_1_1' title="bbox 802 936 1514 1047; baseline 0.011 -30"><span class='ocrx_word' id='word_1_1' title='bbox 802 936 911 1020; x_wconf 84' lang='lat' dir='ltr'>Secal.</span> <span class='ocrx_word' id='word_1_2' title='bbox 934 940 1034 1022; x_wconf 82' lang='lat' dir='ltr'>Ili.¹</span> <span class='ocrx_word' id='word_1_3' title='bbox 1437 946 1514 1047; x_wconf 76' lang='lat'>639</span> 
     </span>
    </p>
   </div>
   <div class='ocr_carea' id='block_1_2' title="bbox 285 1117 1651 4572">
    <p class='ocr_par' dir='ltr' id='par_1_2' title="bbox 285 1117 1651 4572">
     <span class='ocr_line' id='line_1_2' title="bbox 286 1117 1509 1221; baseline 0 -18"><span class='ocrx_word' id='word_1_4' title='bbox 286 1120 424 1208; x_wconf 81' lang='lat' dir='ltr'>minem</span> <span class='ocrx_word' id='word_1_5' title='bbox 449 1118 540 1221; x_wconf 82' lang='lat' dir='ltr'>nasei</span> <span class='ocrx_word' id='word_1_6' title='bbox 565 1118 608 1195; x_wconf 77' lang='lat' dir='ltr'>acl</span> <span class='ocrx_word' id='word_1_7' title='bbox 627 1119 791 1194; x_wconf 85' lang='lat' dir='ltr'>interitum</span> <span class='ocrx_word' id='word_1_8' title='bbox 806 1138 865 1195; x_wconf 89' lang='lat' dir='ltr'>ant</span> <span class='ocrx_word' id='word_1_9' title='bbox 879 1123 1044 1219; x_wconf 85' lang='lat' dir='ltr'>salutem,</span> <span class='ocrx_word' id='word_1_10' title='bbox 1070 1118 1174 1199; x_wconf 84' lang='lat' dir='ltr'>itaut</span> <span class='ocrx_word' id='word_1_11' title='bbox 1191 1117 1249 1201; x_wconf 87' lang='lat' dir='ltr'>alii</span> <span class='ocrx_word' id='word_1_12' title='bbox 1267 1143 1384 1203; x_wconf 86' lang='lat' dir='ltr'>natura</span> <span class='ocrx_word' id='word_1_13' title='bbox 1404 1126 1509 1221; x_wconf 81' lang='lat' dir='ltr'>mali,</span> 
     </span>
     <span class='ocr_line' id='line_1_3' title="bbox 286 1218 1508 1319; baseline 0 -23"><span class='ocrx_word' id='word_1_14' title='bbox 286 1228 356 1304; x_wconf 79' lang='lat' dir='ltr'>alii</span> <span class='ocrx_word' id='word_1_15' title='bbox 381 1239 500 1295; x_wconf 83' lang='lat' dir='ltr'>natura</span> <span class='ocrx_word' id='word_1_16' title='bbox 527 1225 619 1307; x_wconf 77' lang='lat' dir='ltr'>laeti,</span> <span class='ocrx_word' id='word_1_17' title='bbox 653 1218 738 1307; x_wconf 74' lang='lat' dir='ltr'>sant,</span> <span class='ocrx_word' id='word_1_18' title='bbox 767 1239 891 1291; x_wconf 88' lang='lat' dir='ltr'>contra</span> <span class='ocrx_word' id='word_1_19' title='bbox 919 1222 1005 1292; x_wconf 89' lang='lat' dir='ltr'>Cels.</span> <span class='ocrx_word' id='word_1_20' title='bbox 1031 1222 1053 1292; x_wconf 90' lang='lat' dir='ltr'>l.</span> <span class='ocrx_word' id='word_1_21' title='bbox 1081 1223 1129 1295; x_wconf 93' lang='lat' dir='ltr'>V.</span> <span class='ocrx_word' id='word_1_22' title='bbox 1156 1247 1192 1319; x_wconf 93' lang='lat' dir='ltr'>p.</span> <span class='ocrx_word' id='word_1_23' title='bbox 1222 1247 1303 1315; x_wconf 81' lang='lat'><strong>27¹·</strong></span> <span class='ocrx_word' id='word_1_24' title='bbox 1355 1227 1508 1302; x_wconf 85' lang='lat' dir='ltr'>Derivat</span> 
     </span>
     <span class='ocr_line' id='line_1_4' title="bbox 289 1314 1510 1416; baseline 0.003 -22"><span class='ocrx_word' id='word_1_25' title='bbox 289 1322 402 1394; x_wconf 75' lang='lat' dir='ltr'>etiam</span> <span class='ocrx_word' id='word_1_26' title='bbox 425 1314 774 1413; x_wconf 88' lang='lat' dir='ltr'>praedestinationem</span> <span class='ocrx_word' id='word_1_27' title='bbox 799 1336 843 1386; x_wconf 84' lang='lat' dir='ltr'>ex</span> <span class='ocrx_word' id='word_1_28' title='bbox 864 1315 1082 1411; x_wconf 76' lang='lat' dir='ltr'><em>praescientia</em></span> <span class='ocrx_word' id='word_1_29' title='bbox 1105 1318 1172 1391; x_wconf 88' lang='lat' dir='ltr'>Dei</span> <span class='ocrx_word' id='word_1_30' title='bbox 1203 1315 1288 1391; x_wconf 90' lang='lat' dir='ltr'>ibid.</span> <span class='ocrx_word' id='word_1_31' title='bbox 1313 1322 1334 1395; x_wconf 90' lang='grc'>1.</span> <span class='ocrx_word' id='word_1_32' title='bbox 1361 1323 1446 1396; x_wconf 89' lang='lat' dir='ltr'>Vll.</span> <span class='ocrx_word' id='word_1_33' title='bbox 1471 1348 1510 1416; x_wconf 87' lang='lat' dir='ltr'>p.</span> 
     </span>
     <span class='ocr_line' id='line_1_5' title="bbox 296 1408 1510 1510; baseline 0.002 -22"><span class='ocrx_word' id='word_1_34' title='bbox 296 1423 381 1510; x_wconf 78' lang='lat'><strong>362.</strong></span> <span class='ocrx_word' id='word_1_35' title='bbox 416 1415 473 1487; x_wconf 90' lang='lat' dir='ltr'>sed</span> <span class='ocrx_word' id='word_1_36' title='bbox 505 1411 608 1483; x_wconf 81' lang='lat' dir='ltr'>fufius</span> <span class='ocrx_word' id='word_1_37' title='bbox 643 1428 680 1480; x_wconf 87' lang='lat' dir='ltr'>et</span> <span class='ocrx_word' id='word_1_38' title='bbox 711 1408 907 1507; x_wconf 87' lang='lat' dir='ltr'>perspicue</span> <span class='ocrx_word' id='word_1_39' title='bbox 929 1430 1084 1484; x_wconf 83' lang='lat' dir='ltr'><strong>mentem</strong></span> <span class='ocrx_word' id='word_1_40' title='bbox 1119 1414 1162 1485; x_wconf 92' lang='lat' dir='ltr'>de</span> <span class='ocrx_word' id='word_1_41' title='bbox 1195 1415 1308 1509; x_wconf 87' lang='lat' dir='ltr'>gratia</span> <span class='ocrx_word' id='word_1_42' title='bbox 1334 1435 1371 1487; x_wconf 91' lang='lat' dir='ltr'>et</span> <span class='ocrx_word' id='word_1_43' title='bbox 1396 1417 1510 1491; x_wconf 90' lang='lat' dir='ltr'>libero</span> 
     </span>
     <span class='ocr_line' id='line_1_6' title="bbox 294 1505 1511 1607; baseline 0.001 -22"><span class='ocrx_word' id='word_1_44' title='bbox 294 1510 443 1585; x_wconf 82' lang='lat' dir='ltr'>arbitrio</span> <span class='ocrx_word' id='word_1_45' title='bbox 472 1506 634 1601; x_wconf 83' lang='lat' dir='ltr'>exposuit</span> <span class='ocrx_word' id='word_1_46' title='bbox 657 1506 694 1576; x_wconf 92' lang='lat' dir='ltr'>in</span> <span class='ocrx_word' id='word_1_47' title='bbox 718 1505 871 1578; x_wconf 80' lang='lat' dir='ltr'>Plnilocal.</span> <span class='ocrx_word' id='word_1_48' title='bbox 894 1526 971 1603; x_wconf 90' lang='lat' dir='ltr'>cap.</span> <span class='ocrx_word' id='word_1_49' title='bbox 997 1509 1095 1581; x_wconf 90' lang='lat' dir='ltr'>XXl.</span> <span class='ocrx_word' id='word_1_50' title='bbox 1121 1515 1213 1603; x_wconf 89' lang='lat' dir='ltr'>quod</span> <span class='ocrx_word' id='word_1_51' title='bbox 1248 1528 1358 1584; x_wconf 92' lang='lat' dir='ltr'>totum</span> <span class='ocrx_word' id='word_1_52' title='bbox 1390 1512 1511 1607; x_wconf 86' lang='lat' dir='ltr'>legen·</span> 
     </span>
     <span class='ocr_line' id='line_1_7' title="bbox 293 1599 1509 1696; baseline -0.002 -16"><span class='ocrx_word' id='word_1_53' title='bbox 293 1607 379 1680; x_wconf 91' lang='lat' dir='ltr'>dum</span> <span class='ocrx_word' id='word_1_54' title='bbox 404 1605 464 1678; x_wconf 75' lang='lat' dir='ltr'>est.</span> <span class='ocrx_word' id='word_1_55' title='bbox 515 1602 619 1696; x_wconf 86' lang='lat' dir='ltr'>Cujus</span> <span class='ocrx_word' id='word_1_56' title='bbox 647 1599 888 1695; x_wconf 86' lang='lat' dir='ltr'>disputationis</span> <span class='ocrx_word' id='word_1_57' title='bbox 911 1602 1087 1676; x_wconf 74' lang='lat' dir='ltr'>conclusio</span> <span class='ocrx_word' id='word_1_58' title='bbox 1111 1604 1165 1678; x_wconf 88' lang='lat' dir='ltr'>his</span> <span class='ocrx_word' id='word_1_59' title='bbox 1191 1606 1402 1680; x_wconf 86' lang='lat' dir='ltr'>notabilibus</span> <span class='ocrx_word' id='word_1_60' title='bbox 1428 1630 1509 1680; x_wconf 88' lang='lat' dir='ltr'>ver·</span> 
     </span>
     <span class='ocr_line' id='line_1_8' title="bbox 296 1694 1510 1796; baseline -0.002 -18"><span class='ocrx_word' id='word_1_61' title='bbox 296 1704 351 1778; x_wconf 86' lang='lat' dir='ltr'>bis</span> <span class='ocrx_word' id='word_1_62' title='bbox 377 1697 626 1792; x_wconf 88' lang='lat' dir='ltr'>comprehensa</span> <span class='ocrx_word' id='word_1_63' title='bbox 652 1694 702 1768; x_wconf 86' lang='lat' dir='ltr'>est</span> <span class='ocrx_word' id='word_1_64' title='bbox 741 1696 779 1769; x_wconf 91' lang='lat' dir='ltr'>in</span> <span class='ocrx_word' id='word_1_65' title='bbox 815 1696 886 1769; x_wconf 88' lang='lat' dir='ltr'>fine</span> <span class='ocrx_word' id='word_1_66' title='bbox 917 1721 994 1794; x_wconf 91' lang='lat' dir='ltr'>cap.</span> <span class='ocrx_word' id='word_1_67' title='bbox 1026 1723 1122 1793; x_wconf 83' lang='lat' dir='ltr'>nepae</span> <span class='ocrx_word' id='word_1_68' title='bbox 1145 1705 1278 1774; x_wconf 81' lang='lat' dir='ltr'>libertas</span> <span class='ocrx_word' id='word_1_69' title='bbox 1311 1701 1420 1793; x_wconf 81' lang='lat' dir='ltr'>nollra</span> <span class='ocrx_word' id='word_1_70' title='bbox 1436 1702 1510 1796; x_wconf 84' lang='lat' dir='ltr'>fine</span> 
     </span>
     <span class='ocr_line' id='line_1_9' title="bbox 285 1788 1512 1899; baseline 0.002 -28"><span class='ocrx_word' id='word_1_71' title='bbox 285 1795 437 1899; x_wconf 61' lang='lat' dir='ltr'>⁴seientia</span> <span class='ocrx_word' id='word_1_72' title='bbox 455 1795 539 1879; x_wconf 88' lang='lat' dir='ltr'>Dei,</span> <span class='ocrx_word' id='word_1_73' title='bbox 565 1815 661 1888; x_wconf 84' lang='lat' dir='ltr'>nepae</span> <span class='ocrx_word' id='word_1_74' title='bbox 678 1788 822 1887; x_wconf 88' lang='lat' dir='ltr'>seientia</span> <span class='ocrx_word' id='word_1_75' title='bbox 836 1791 905 1865; x_wconf 82' lang='lat' dir='ltr'>Dei</span> <span class='ocrx_word' id='word_1_76' title='bbox 928 1818 983 1866; x_wconf 88' lang='lat' dir='ltr'>nos</span> <span class='ocrx_word' id='word_1_77' title='bbox 1007 1798 1159 1891; x_wconf 86' lang='lat' dir='ltr'>preficere</span> <span class='ocrx_word' id='word_1_78' title='bbox 1183 1800 1288 1892; x_wconf 85' lang='lat' dir='ltr'>cogit,</span> <span class='ocrx_word' id='word_1_79' title='bbox 1312 1798 1374 1889; x_wconf 86' lang='lat' dir='ltr'>nist</span> <span class='ocrx_word' id='word_1_80' title='bbox 1399 1803 1442 1872; x_wconf 87' lang='lat' dir='ltr'>ad</span> <span class='ocrx_word' id='word_1_81' title='bbox 1456 1803 1512 1874; x_wconf 86' lang='lat' dir='ltr'>lm·</span> 
     </span>
     <span class='ocr_line' id='line_1_10' title="bbox 298 1886 1513 1990; baseline -0.001 -21"><span class='ocrx_word' id='word_1_82' title='bbox 298 1919 375 1969; x_wconf 78' lang='lat' dir='ltr'>nain</span> <span class='ocrx_word' id='word_1_83' title='bbox 402 1889 462 1985; x_wconf 83' lang='lat' dir='ltr'>ipſs</span> <span class='ocrx_word' id='word_1_84' title='bbox 493 1892 613 1983; x_wconf 83' lang='lat' dir='ltr'>aliquid</span> <span class='ocrx_word' id='word_1_85' title='bbox 645 1886 865 1979; x_wconf 57' lang='lat' dir='ltr'>conferamus,</span> <span class='ocrx_word' id='word_1_86' title='bbox 906 1911 976 1962; x_wconf 87' lang='lat' dir='ltr'>cam</span> <span class='ocrx_word' id='word_1_87' title='bbox 1010 1915 1105 1985; x_wconf 80' lang='lat' dir='ltr'>neque</span> <span class='ocrx_word' id='word_1_88' title='bbox 1138 1894 1273 1966; x_wconf 79' lang='lat' dir='ltr'>libertas</span> <span class='ocrx_word' id='word_1_89' title='bbox 1309 1895 1417 1990; x_wconf 81' lang='lat' dir='ltr'>nostra</span> <span class='ocrx_word' id='word_1_90' title='bbox 1440 1892 1513 1987; x_wconf 69' lang='lat' dir='ltr'>stne</span> 
     </span>
     <span class='ocr_line' id='line_1_11' title="bbox 288 1982 1514 2091; baseline -0.001 -28"><span class='ocrx_word' id='word_1_91' title='bbox 288 1990 440 2091; x_wconf 79' lang='lat' dir='ltr'>seientia</span> <span class='ocrx_word' id='word_1_92' title='bbox 464 1986 547 2073; x_wconf 84' lang='lat' dir='ltr'>Dei,</span> <span class='ocrx_word' id='word_1_93' title='bbox 576 2002 608 2057; x_wconf 89' lang='lat' dir='ltr'>et</span> <span class='ocrx_word' id='word_1_94' title='bbox 631 1982 731 2079; x_wconf 58' lang='lat' dir='ltr'>abrasa</span> <span class='ocrx_word' id='word_1_95' title='bbox 755 1986 930 2079; x_wconf 80' lang='lat' dir='ltr'>dignitatis</span> <span class='ocrx_word' id='word_1_96' title='bbox 952 1990 1084 2061; x_wconf 82' lang='lat' dir='ltr'>arbitrii</span> <span class='ocrx_word' id='word_1_97' title='bbox 1101 1986 1216 2085; x_wconf 83' lang='lat' dir='ltr'>nestri,</span> <span class='ocrx_word' id='word_1_98' title='bbox 1232 1988 1372 2084; x_wconf 87' lang='lat' dir='ltr'>fatiat,</span> <span class='ocrx_word' id='word_1_99' title='bbox 1399 2006 1435 2062; x_wconf 88' lang='lat' dir='ltr'>at</span> <span class='ocrx_word' id='word_1_100' title='bbox 1449 1994 1514 2063; x_wconf 88' lang='lat' dir='ltr'>ali·</span> 
     </span>
     <span class='ocr_line' id='line_1_12' title="bbox 298 2082 1513 2181; baseline 0.001 -25"><span class='ocrx_word' id='word_1_101' title='bbox 298 2093 369 2181; x_wconf 81' lang='lat' dir='ltr'>puis</span> <span class='ocrx_word' id='word_1_102' title='bbox 394 2088 427 2155; x_wconf 89' lang='lat' dir='ltr'>in</span> <span class='ocrx_word' id='word_1_103' title='bbox 449 2084 591 2153; x_wconf 85' lang='lat' dir='ltr'>lmnomm</span> <span class='ocrx_word' id='word_1_104' title='bbox 613 2082 664 2153; x_wconf 81' lang='lat' dir='ltr'>nel</span> <span class='ocrx_word' id='word_1_105' title='bbox 695 2084 728 2151; x_wconf 88' lang='lat' dir='ltr'>in</span> <span class='ocrx_word' id='word_1_106' title='bbox 752 2084 959 2174; x_wconf 84' lang='lat' dir='ltr'>ignominiam</span> <span class='ocrx_word' id='word_1_107' title='bbox 982 2082 1048 2173; x_wconf 64' lang='lat' dir='ltr'>fils·</span> <span class='ocrx_word' id='word_1_108' title='bbox 1089 2108 1146 2159; x_wconf 86' lang='lat' dir='ltr'>nec</span> <span class='ocrx_word' id='word_1_109' title='bbox 1169 2086 1253 2181; x_wconf 83' lang='lat' dir='ltr'>sola</span> <span class='ocrx_word' id='word_1_110' title='bbox 1276 2087 1342 2159; x_wconf 85' lang='lat' dir='ltr'>Dei</span> <span class='ocrx_word' id='word_1_111' title='bbox 1364 2090 1513 2161; x_wconf 76' lang='lat' dir='ltr'>noluntas</span> 
     </span>
     <span class='ocr_line' id='line_1_13' title="bbox 295 2178 1514 2275; baseline -0.002 -18"><span class='ocrx_word' id='word_1_112' title='bbox 295 2189 334 2257; x_wconf 89' lang='lat' dir='ltr'>in</span> <span class='ocrx_word' id='word_1_113' title='bbox 359 2182 518 2262; x_wconf 84' lang='lat' dir='ltr'>lunarem,</span> <span class='ocrx_word' id='word_1_114' title='bbox 553 2179 605 2260; x_wconf 78' lang='lat' dir='ltr'>vel</span> <span class='ocrx_word' id='word_1_115' title='bbox 628 2179 855 2270; x_wconf 84' lang='lat' dir='ltr'>ignominiam,</span> <span class='ocrx_word' id='word_1_116' title='bbox 895 2202 1069 2275; x_wconf 82' lang='lat' dir='ltr'>quenquam</span> <span class='ocrx_word' id='word_1_117' title='bbox 1083 2178 1223 2274; x_wconf 88' lang='lat' dir='ltr'>faeiat,</span> <span class='ocrx_word' id='word_1_118' title='bbox 1263 2183 1325 2269; x_wconf 75' lang='lat' dir='ltr'>nist</span> <span class='ocrx_word' id='word_1_119' title='bbox 1346 2186 1514 2258; x_wconf 76' lang='lat' dir='ltr'>materiem</span> 
     </span>
     <span class='ocr_line' id='line_1_14' title="bbox 292 2271 1513 2375; baseline 0.004 -27"><span class='ocrx_word' id='word_1_120' title='bbox 292 2276 461 2374; x_wconf 54' lang='lat' dir='ltr'>‘quandam</span> <span class='ocrx_word' id='word_1_121' title='bbox 487 2271 692 2367; x_wconf 84' lang='lat' dir='ltr'>differentiae</span> <span class='ocrx_word' id='word_1_122' title='bbox 715 2273 835 2345; x_wconf 81' lang='lat' dir='ltr'>lubeat</span> <span class='ocrx_word' id='word_1_123' title='bbox 858 2273 999 2373; x_wconf 85' lang='lat' dir='ltr'>nostram</span> <span class='ocrx_word' id='word_1_124' title='bbox 1021 2279 1237 2368; x_wconf 78' lang='lat' dir='ltr'>voluntatem,</span> <span class='ocrx_word' id='word_1_125' title='bbox 1260 2304 1341 2375; x_wconf 85' lang='lat' dir='ltr'>qnae</span> <span class='ocrx_word' id='word_1_126' title='bbox 1366 2284 1399 2353; x_wconf 90' lang='lat' dir='ltr'>in</span> <span class='ocrx_word' id='word_1_127' title='bbox 1425 2281 1513 2366; x_wconf 81' lang='lat' dir='ltr'>dett·</span> 
     </span>
     <span class='ocr_line' id='line_1_15' title="bbox 295 2370 1496 2463; baseline -0.007 -13"><span class='ocrx_word' id='word_1_128' title='bbox 295 2378 389 2450; x_wconf 67' lang='lat' dir='ltr'>vitta</span> <span class='ocrx_word' id='word_1_129' title='bbox 416 2370 467 2444; x_wconf 80' lang='lat' dir='ltr'>tel</span> <span class='ocrx_word' id='word_1_130' title='bbox 491 2370 621 2442; x_wconf 78' lang='lat' dir='ltr'>meliora</span> <span class='ocrx_word' id='word_1_131' title='bbox 642 2370 846 2463; x_wconf 84' lang='lat' dir='ltr'>propendeat.</span> <span class='ocrx_word' id='word_1_132' title='bbox 1493 2399 1496 2404; x_wconf 94' lang='lat'>·</span> 
     </span>
     <span class='ocr_line' id='line_1_16' title="bbox 347 2462 1511 2565; baseline 0.003 -25"><span class='ocrx_word' id='word_1_133' title='bbox 347 2466 377 2565; x_wconf 65' lang='grc'>1.</span> <span class='ocrx_word' id='word_1_134' title='bbox 402 2462 569 2540; x_wconf 86' lang='lat' dir='ltr'>XXXIX.</span> <span class='ocrx_word' id='word_1_135' title='bbox 604 2467 765 2537; x_wconf 89' lang='lat' dir='ltr'>Ceterum</span> <span class='ocrx_word' id='word_1_136' title='bbox 791 2465 835 2538; x_wconf 93' lang='lat' dir='ltr'>de</span> <span class='ocrx_word' id='word_1_137' title='bbox 855 2468 969 2560; x_wconf 84' lang='lat' dir='ltr'>gratia</span> <span class='ocrx_word' id='word_1_138' title='bbox 992 2484 1221 2560; x_wconf 82' lang='lat' dir='ltr'>regenerante,</span> <span class='ocrx_word' id='word_1_139' title='bbox 1245 2486 1282 2542; x_wconf 88' lang='lat' dir='ltr'>et</span> <span class='ocrx_word' id='word_1_140' title='bbox 1308 2466 1444 2542; x_wconf 88' lang='lat' dir='ltr'>viribus</span> <span class='ocrx_word' id='word_1_141' title='bbox 1469 2468 1511 2544; x_wconf 92' lang='lat' dir='ltr'>li·</span> 
     </span>
     <span class='ocr_line' id='line_1_17' title="bbox 296 2558 1514 2660; baseline -0.001 -19"><span class='ocrx_word' id='word_1_142' title='bbox 296 2561 380 2641; x_wconf 75' lang='lat' dir='ltr'>&#39;beri</span> <span class='ocrx_word' id='word_1_143' title='bbox 405 2558 558 2649; x_wconf 87' lang='lat' dir='ltr'>arbitrii,</span> <span class='ocrx_word' id='word_1_144' title='bbox 599 2560 788 2655; x_wconf 82' lang='lat' dir='ltr'>Pelagianis</span> <span class='ocrx_word' id='word_1_145' title='bbox 812 2565 947 2636; x_wconf 81' lang='lat' dir='ltr'>nandum</span> <span class='ocrx_word' id='word_1_146' title='bbox 969 2564 1197 2656; x_wconf 83' lang='lat' dir='ltr'>litigantibus,</span> <span class='ocrx_word' id='word_1_147' title='bbox 1230 2562 1385 2660; x_wconf 84' lang='lat' dir='ltr'>securius</span> <span class='ocrx_word' id='word_1_148' title='bbox 1410 2567 1514 2660; x_wconf 81' lang='lat' dir='ltr'>loque·</span> 
     </span>
     <span class='ocr_line' id='line_1_18' title="bbox 299 2654 1513 2754; baseline 0 -20"><span class='ocrx_word' id='word_1_149' title='bbox 299 2663 446 2745; x_wconf 81' lang='lat' dir='ltr'>bantur,</span> <span class='ocrx_word' id='word_1_150' title='bbox 472 2654 658 2729; x_wconf 88' lang='lat' dir='ltr'>secundum</span> <span class='ocrx_word' id='word_1_151' title='bbox 674 2659 729 2729; x_wconf 86' lang='lat' dir='ltr'>Au</span> <span class='ocrx_word' id='word_1_152' title='bbox 757 2654 819 2730; x_wconf 89' lang='lat' dir='ltr'>ost.</span> <span class='ocrx_word' id='word_1_153' title='bbox 845 2676 968 2729; x_wconf 91' lang='lat' dir='ltr'>contra</span> <span class='ocrx_word' id='word_1_154' title='bbox 986 2659 1112 2754; x_wconf 88' lang='lat' dir='ltr'>Julian.</span> <span class='ocrx_word' id='word_1_155' title='bbox 1138 2660 1159 2732; x_wconf 94' lang='grc'>1.</span> <span class='ocrx_word' id='word_1_156' title='bbox 1186 2662 1214 2732; x_wconf 86' lang='lat' dir='ltr'>l:</span> <span class='ocrx_word' id='word_1_157' title='bbox 1243 2682 1275 2733; x_wconf 83' lang='lat' dir='ltr'>a.</span> <span class='ocrx_word' id='word_1_158' title='bbox 1323 2662 1411 2733; x_wconf 85' lang='lat' dir='ltr'>illud</span> <span class='ocrx_word' id='word_1_159' title='bbox 1436 2685 1513 2734; x_wconf 84' lang='lat' dir='ltr'>cer·</span> 
     </span>
     <span class='ocr_line' id='line_1_19' title="bbox 298 2680 1515 2854; baseline 0.003 -25"><span class='ocrx_word' id='word_1_160' title='bbox 298 2775 378 2830; x_wconf 87' lang='lat' dir='ltr'>tum</span> <span class='ocrx_word' id='word_1_161' title='bbox 403 2752 473 2843; x_wconf 89' lang='lat' dir='ltr'>est,</span> <span class='ocrx_word' id='word_1_162' title='bbox 506 2775 585 2842; x_wconf 89' lang='lat' dir='ltr'>eos,</span> <span class='ocrx_word' id='word_1_163' title='bbox 618 2775 699 2826; x_wconf 91' lang='lat' dir='ltr'>cum</span> <span class='ocrx_word' id='word_1_164' title='bbox 726 2680 928 2843; x_wconf 53' lang='lat' dir='ltr'>gnosticis,</span> <span class='ocrx_word' id='word_1_165' title='bbox 961 2772 999 2825; x_wconf 89' lang='lat' dir='ltr'>et</span> <span class='ocrx_word' id='word_1_166' title='bbox 1025 2753 1154 2827; x_wconf 90' lang='lat' dir='ltr'>deinde</span> <span class='ocrx_word' id='word_1_167' title='bbox 1179 2755 1421 2844; x_wconf 89' lang='lat' dir='ltr'>Manichaeis‚</span> <span class='ocrx_word' id='word_1_168' title='bbox 1454 2756 1515 2854; x_wconf 87' lang='lat' dir='ltr'>qui</span> 
     </span>
     <span class='ocr_line' id='line_1_20' title="bbox 295 2846 1516 2932; baseline 0.002 -7"><span class='ocrx_word' id='word_1_169' title='bbox 295 2854 504 2932; x_wconf 71' lang='lat' dir='ltr'>iibertatem</span> <span class='ocrx_word' id='word_1_170' title='bbox 536 2847 691 2923; x_wconf 85' lang='lat' dir='ltr'>hominis</span> <span class='ocrx_word' id='word_1_171' title='bbox 722 2871 802 2922; x_wconf 91' lang='lat' dir='ltr'>cum</span> <span class='ocrx_word' id='word_1_172' title='bbox 837 2846 984 2921; x_wconf 88' lang='lat' dir='ltr'>naturali</span> <span class='ocrx_word' id='word_1_173' title='bbox 1022 2851 1223 2924; x_wconf 76' lang='lat' dir='ltr'>necessitate</span> <span class='ocrx_word' id='word_1_174' title='bbox 1263 2851 1327 2926; x_wconf 86' lang='lat' dir='ltr'>vili</span> <span class='ocrx_word' id='word_1_175' title='bbox 1369 2851 1516 2929; x_wconf 81' lang='lat' dir='ltr'>luerunt</span> 
     </span>
     <span class='ocr_line' id='line_1_21' title="bbox 295 2942 1514 3042; baseline 0.002 -21"><span class='ocrx_word' id='word_1_176' title='bbox 295 2943 548 3034; x_wconf 75' lang='lat' dir='ltr'>commutasse,</span> <span class='ocrx_word' id='word_1_177' title='bbox 581 2946 729 3018; x_wconf 87' lang='lat' dir='ltr'>liberum</span> <span class='ocrx_word' id='word_1_178' title='bbox 753 2943 935 3017; x_wconf 86' lang='lat' dir='ltr'>arbitrium</span> <span class='ocrx_word' id='word_1_179' title='bbox 961 2942 1104 3017; x_wconf 87' lang='lat' dir='ltr'>fortiter</span> <span class='ocrx_word' id='word_1_180' title='bbox 1128 2946 1256 3042; x_wconf 90' lang='lat' dir='ltr'>ubique</span> <span class='ocrx_word' id='word_1_181' title='bbox 1281 2947 1414 3022; x_wconf 81' lang='lat' dir='ltr'>urliss&#39;e:</span> <span class='ocrx_word' id='word_1_182' title='bbox 1455 2949 1514 3023; x_wconf 91' lang='lat' dir='ltr'>sed</span> 
     </span>
     <span class='ocr_line' id='line_1_22' title="bbox 291 3038 1518 3137; baseline -0.002 -17"><span class='ocrx_word' id='word_1_183' title='bbox 291 3063 339 3120; x_wconf 78' lang='lat' dir='ltr'>et</span> <span class='ocrx_word' id='word_1_184' title='bbox 363 3041 443 3116; x_wconf 90' lang='lat' dir='ltr'>illud</span> <span class='ocrx_word' id='word_1_185' title='bbox 471 3040 585 3114; x_wconf 88' lang='lat' dir='ltr'>notari</span> <span class='ocrx_word' id='word_1_186' title='bbox 607 3038 734 3129; x_wconf 91' lang='lat' dir='ltr'>velim,</span> <span class='ocrx_word' id='word_1_187' title='bbox 769 3040 924 3115; x_wconf 86' lang='lat' dir='ltr'>Veteres</span> <span class='ocrx_word' id='word_1_188' title='bbox 949 3061 1014 3134; x_wconf 87' lang='lat' dir='ltr'>per</span> <span class='ocrx_word' id='word_1_189' title='bbox 1029 3039 1153 3133; x_wconf 76' lang='lat' dir='ltr'>fidem,</span> <span class='ocrx_word' id='word_1_190' title='bbox 1179 3065 1279 3137; x_wconf 90' lang='lat' dir='ltr'>quam</span> <span class='ocrx_word' id='word_1_191' title='bbox 1302 3043 1341 3115; x_wconf 87' lang='lat' dir='ltr'>io</span> <span class='ocrx_word' id='word_1_192' title='bbox 1362 3042 1518 3117; x_wconf 84' lang='lat' dir='ltr'>hominis</span> 
     </span>
     <span class='ocr_line' id='line_1_23' title="bbox 300 3133 1516 3238; baseline 0.001 -27"><span class='ocrx_word' id='word_1_193' title='bbox 300 3135 475 3238; x_wconf 88' lang='lat' dir='ltr'>potestate</span> <span class='ocrx_word' id='word_1_194' title='bbox 499 3136 569 3209; x_wconf 84' lang='lat' dir='ltr'>else</span> <span class='ocrx_word' id='word_1_195' title='bbox 594 3133 779 3224; x_wconf 84' lang='lat' dir='ltr'>dixerunt,</span> <span class='ocrx_word' id='word_1_196' title='bbox 804 3156 876 3208; x_wconf 90' lang='lat' dir='ltr'>nou</span> <span class='ocrx_word' id='word_1_197' title='bbox 902 3153 972 3207; x_wconf 88' lang='lat' dir='ltr'>tam</span> <span class='ocrx_word' id='word_1_198' title='bbox 998 3134 1263 3226; x_wconf 87' lang='lat' dir='ltr'>vivificantem,</span> <span class='ocrx_word' id='word_1_199' title='bbox 1286 3158 1389 3233; x_wconf 88' lang='lat' dir='ltr'>quam</span> <span class='ocrx_word' id='word_1_200' title='bbox 1413 3136 1516 3212; x_wconf 85' lang='lat' dir='ltr'>theo·</span> 
     </span>
     <span class='ocr_line' id='line_1_24' title="bbox 300 3229 1516 3328; baseline -0.001 -19"><span class='ocrx_word' id='word_1_201' title='bbox 300 3233 452 3310; x_wconf 76' lang='lat' dir='ltr'>seticum</span> <span class='ocrx_word' id='word_1_202' title='bbox 474 3229 671 3319; x_wconf 88' lang='lat' dir='ltr'>adsensum,</span> <span class='ocrx_word' id='word_1_203' title='bbox 712 3248 752 3302; x_wconf 90' lang='lat' dir='ltr'>et</span> <span class='ocrx_word' id='word_1_204' title='bbox 774 3229 980 3303; x_wconf 82' lang='lat' dir='ltr'>defideriom</span> <span class='ocrx_word' id='word_1_205' title='bbox 1009 3230 1237 3305; x_wconf 78' lang='lat' dir='ltr'>intellexisse:</span> <span class='ocrx_word' id='word_1_206' title='bbox 1282 3255 1362 3306; x_wconf 87' lang='lat' dir='ltr'>cum</span> <span class='ocrx_word' id='word_1_207' title='bbox 1386 3255 1516 3328; x_wconf 84' lang='lat' dir='ltr'>regene-</span> 
     </span>
     <span class='ocr_line' id='line_1_25' title="bbox 296 3323 1512 3424; baseline -0.002 -19"><span class='ocrx_word' id='word_1_208' title='bbox 296 3334 478 3418; x_wconf 83' lang='lat' dir='ltr'>rationem,</span> <span class='ocrx_word' id='word_1_209' title='bbox 502 3346 539 3400; x_wconf 88' lang='lat' dir='ltr'>et</span> <span class='ocrx_word' id='word_1_210' title='bbox 555 3323 736 3416; x_wconf 86' lang='lat' dir='ltr'>desiderii,</span> <span class='ocrx_word' id='word_1_211' title='bbox 760 3348 802 3400; x_wconf 88' lang='lat' dir='ltr'>ac</span> <span class='ocrx_word' id='word_1_212' title='bbox 827 3348 895 3422; x_wconf 89' lang='lat' dir='ltr'>pro</span> <span class='ocrx_word' id='word_1_213' title='bbox 922 3324 1021 3414; x_wconf 89' lang='lat' dir='ltr'>osrti,</span> <span class='ocrx_word' id='word_1_214' title='bbox 1046 3323 1327 3415; x_wconf 86' lang='lat' dir='ltr'>exsecutionem,</span> <span class='ocrx_word' id='word_1_215' title='bbox 1352 3327 1512 3424; x_wconf 90' lang='lat' dir='ltr'>abaptis·</span> 
     </span>
     <span class='ocr_line' id='line_1_26' title="bbox 295 3349 1512 3521; baseline 0.001 -21"><span class='ocrx_word' id='word_1_216' title='bbox 295 3429 354 3504; x_wconf 78' lang='lat' dir='ltr'>ani</span> <span class='ocrx_word' id='word_1_217' title='bbox 379 3424 512 3498; x_wconf 89' lang='lat' dir='ltr'>virtute</span> <span class='ocrx_word' id='word_1_218' title='bbox 531 3419 736 3496; x_wconf 89' lang='lat' dir='ltr'>derivarint.</span> <span class='ocrx_word' id='word_1_219' title='bbox 788 3420 870 3521; x_wconf 80' lang='lat' dir='ltr'>Quo</span> <span class='ocrx_word' id='word_1_220' title='bbox 885 3349 984 3502; x_wconf 56' lang='lat' dir='ltr'>liufo</span> <span class='ocrx_word' id='word_1_221' title='bbox 999 3420 1140 3516; x_wconf 80' lang='lat' dir='ltr'>videtur</span> <span class='ocrx_word' id='word_1_222' title='bbox 1155 3424 1344 3518; x_wconf 91' lang='lat' dir='ltr'>capitulum</span> <span class='ocrx_word' id='word_1_223' title='bbox 1365 3425 1512 3521; x_wconf 83' lang='lat' dir='ltr'>Cypria·</span> 
     </span>
     <span class='ocr_line' id='line_1_27' title="bbox 299 3513 1519 3614; baseline -0.002 -16"><span class='ocrx_word' id='word_1_224' title='bbox 299 3523 342 3599; x_wconf 83' lang='lat' dir='ltr'>ni</span> <span class='ocrx_word' id='word_1_225' title='bbox 367 3545 425 3614; x_wconf 80' lang='lat'>52.</span> <span class='ocrx_word' id='word_1_226' title='bbox 453 3513 601 3593; x_wconf 90' lang='lat' dir='ltr'>Testim.</span> <span class='ocrx_word' id='word_1_227' title='bbox 628 3520 649 3593; x_wconf 93' lang='lat' dir='ltr'>l.</span> <span class='ocrx_word' id='word_1_228' title='bbox 672 3517 737 3592; x_wconf 89' lang='lat'>111.</span> <span class='ocrx_word' id='word_1_229' title='bbox 764 3516 994 3612; x_wconf 87' lang='lat' dir='ltr'>capiendum,</span> <span class='ocrx_word' id='word_1_230' title='bbox 1020 3516 1113 3614; x_wconf 91' lang='lat' dir='ltr'>quod</span> <span class='ocrx_word' id='word_1_231' title='bbox 1140 3517 1267 3611; x_wconf 87' lang='lat' dir='ltr'>habet,</span> <span class='ocrx_word' id='word_1_232' title='bbox 1293 3523 1438 3595; x_wconf 81' lang='lat' dir='ltr'>credendi</span> <span class='ocrx_word' id='word_1_233' title='bbox 1463 3519 1519 3598; x_wconf 83' lang='lat' dir='ltr'>nel</span> 
     </span>
     <span class='ocr_line' id='line_1_28' title="bbox 292 3611 1514 3712; baseline -0.001 -16"><span class='ocrx_word' id='word_1_234' title='bbox 292 3643 365 3697; x_wconf 81' lang='lat' dir='ltr'>non</span> <span class='ocrx_word' id='word_1_235' title='bbox 389 3616 534 3692; x_wconf 85' lang='lat' dir='ltr'>credendi</span> <span class='ocrx_word' id='word_1_236' title='bbox 558 3615 742 3687; x_wconf 79' lang='lat' dir='ltr'>libertatem</span> <span class='ocrx_word' id='word_1_237' title='bbox 765 3616 800 3686; x_wconf 88' lang='lat' dir='ltr'>in</span> <span class='ocrx_word' id='word_1_238' title='bbox 825 3616 965 3689; x_wconf 86' lang='lat' dir='ltr'>arbitrio</span> <span class='ocrx_word' id='word_1_239' title='bbox 991 3613 1052 3709; x_wconf 64' lang='lat' dir='ltr'><em>ff</em></span> <span class='ocrx_word' id='word_1_240' title='bbox 1076 3611 1225 3708; x_wconf 83' lang='lat' dir='ltr'>posttam.</span> <span class='ocrx_word' id='word_1_241' title='bbox 1271 3616 1437 3712; x_wconf 88' lang='lat' dir='ltr'>Denique</span> <span class='ocrx_word' id='word_1_242' title='bbox 1470 3618 1514 3695; x_wconf 85' lang='lat' dir='ltr'>ad</span> 
     </span>
     <span class='ocr_line' id='line_1_29' title="bbox 297 3708 1513 3808; baseline -0.002 -19"><span class='ocrx_word' id='word_1_243' title='bbox 297 3713 498 3789; x_wconf 73' lang='lat' dir='ltr'>doilrinam</span> <span class='ocrx_word' id='word_1_244' title='bbox 521 3734 607 3784; x_wconf 89' lang='lat' dir='ltr'>euan</span> <span class='ocrx_word' id='word_1_245' title='bbox 634 3710 758 3784; x_wconf 78' lang='lat' dir='ltr'>eliaam</span> <span class='ocrx_word' id='word_1_246' title='bbox 782 3710 828 3783; x_wconf 92' lang='lat' dir='ltr'>de</span> <span class='ocrx_word' id='word_1_247' title='bbox 849 3712 962 3808; x_wconf 76' lang='lat' dir='ltr'>graua</span> <span class='ocrx_word' id='word_1_248' title='bbox 990 3708 1196 3806; x_wconf 75' lang='lat' dir='ltr'>justificante</span> <span class='ocrx_word' id='word_1_249' title='bbox 1227 3725 1261 3782; x_wconf 88' lang='lat' dir='ltr'>et</span> <span class='ocrx_word' id='word_1_250' title='bbox 1279 3711 1513 3808; x_wconf 78' lang='lat' dir='ltr'>sanitificante</span> 
     </span>
     <span class='ocr_line' id='line_1_30' title="bbox 289 3735 1513 3899; baseline 0 -16"><span class='ocrx_word' id='word_1_251' title='bbox 289 3802 574 3891; x_wconf 64' lang='lat' dir='ltr'>‘obscurandam</span> <span class='ocrx_word' id='word_1_252' title='bbox 609 3735 705 3877; x_wconf 72' lang='lat' dir='ltr'>iana</span> <span class='ocrx_word' id='word_1_253' title='bbox 737 3825 857 3898; x_wconf 86' lang='lat' dir='ltr'>parum</span> <span class='ocrx_word' id='word_1_254' title='bbox 888 3809 1086 3882; x_wconf 89' lang='lat' dir='ltr'>tribuerunt</span> <span class='ocrx_word' id='word_1_255' title='bbox 1115 3803 1303 3899; x_wconf 83' lang='lat' dir='ltr'>opiniones</span> <span class='ocrx_word' id='word_1_256' title='bbox 1336 3807 1513 3883; x_wconf 87' lang='lat' dir='ltr'>Veterum</span> 
     </span>
     <span class='ocr_line' id='line_1_31' title="bbox 295 3897 1513 3997; baseline 0 -18"><span class='ocrx_word' id='word_1_257' title='bbox 295 3901 523 3980; x_wconf 84' lang='lat' dir='ltr'>dominantes</span> <span class='ocrx_word' id='word_1_258' title='bbox 545 3898 589 3969; x_wconf 88' lang='lat' dir='ltr'>de</span> <span class='ocrx_word' id='word_1_259' title='bbox 613 3900 755 3970; x_wconf 80' lang='lat' dir='ltr'>catanis</span> <span class='ocrx_word' id='word_1_260' title='bbox 770 3897 944 3974; x_wconf 87' lang='lat' dir='ltr'>Ecclefiae</span> <span class='ocrx_word' id='word_1_261' title='bbox 969 3903 1108 3987; x_wconf 83' lang='lat' dir='ltr'>ritibus,</span> <span class='ocrx_word' id='word_1_262' title='bbox 1132 3922 1212 3993; x_wconf 89' lang='lat' dir='ltr'>cum</span> <span class='ocrx_word' id='word_1_263' title='bbox 1239 3922 1280 3972; x_wconf 87' lang='lat' dir='ltr'>ea</span> <span class='ocrx_word' id='word_1_264' title='bbox 1299 3900 1410 3997; x_wconf 85' lang='lat' dir='ltr'>gratia</span> <span class='ocrx_word' id='word_1_265' title='bbox 1428 3923 1513 3979; x_wconf 70' lang='lat' dir='ltr'>conr</span> 
     </span>
     <span class='ocr_line' id='line_1_32' title="bbox 295 3989 1513 4092; baseline -0.002 -19"><span class='ocrx_word' id='word_1_266' title='bbox 295 3997 424 4081; x_wconf 72' lang='lat' dir='ltr'>menis,</span> <span class='ocrx_word' id='word_1_267' title='bbox 451 3993 502 4069; x_wconf 88' lang='lat' dir='ltr'>ita</span> <span class='ocrx_word' id='word_1_268' title='bbox 526 4011 564 4065; x_wconf 91' lang='lat' dir='ltr'>ut</span> <span class='ocrx_word' id='word_1_269' title='bbox 580 3990 785 4069; x_wconf 91' lang='lat' dir='ltr'>communio</span> <span class='ocrx_word' id='word_1_270' title='bbox 808 4014 889 4067; x_wconf 88' lang='lat' dir='ltr'>cum</span> <span class='ocrx_word' id='word_1_271' title='bbox 914 4016 1000 4069; x_wconf 82' lang='lat' dir='ltr'>vera</span> <span class='ocrx_word' id='word_1_272' title='bbox 1022 3989 1195 4084; x_wconf 75' lang='lat' dir='ltr'>Ecclesia,</span> <span class='ocrx_word' id='word_1_273' title='bbox 1222 3996 1361 4092; x_wconf 89' lang='lat' dir='ltr'>e&#39;usque</span> <span class='ocrx_word' id='word_1_274' title='bbox 1387 3997 1513 4088; x_wconf 87' lang='lat' dir='ltr'>sactis,</span> 
     </span>
     <span class='ocr_line' id='line_1_33' title="bbox 295 4086 1510 4188; baseline -0.002 -16"><span class='ocrx_word' id='word_1_275' title='bbox 295 4093 538 4172; x_wconf 60' lang='lat' dir='ltr'>demisionem</span> <span class='ocrx_word' id='word_1_276' title='bbox 568 4107 820 4184; x_wconf 89' lang='lat' dir='ltr'>peccatorum,</span> <span class='ocrx_word' id='word_1_277' title='bbox 862 4107 900 4164; x_wconf 89' lang='lat' dir='ltr'>et</span> <span class='ocrx_word' id='word_1_278' title='bbox 924 4086 1074 4188; x_wconf 86' lang='lat' dir='ltr'>Spiritus</span> <span class='ocrx_word' id='word_1_279' title='bbox 1097 4089 1132 4164; x_wconf 89' lang='lat' dir='ltr'>S.</span> <span class='ocrx_word' id='word_1_280' title='bbox 1156 4109 1324 4186; x_wconf 77' lang='lat' dir='ltr'>gratiam,</span> <span class='ocrx_word' id='word_1_281' title='bbox 1364 4092 1510 4169; x_wconf 88' lang='lat' dir='ltr'>adserat.</span> 
     </span>
     <span class='ocr_line' id='line_1_34' title="bbox 300 4183 1513 4354; baseline -0.008 -84"><span class='ocrx_word' id='word_1_282' title='bbox 300 4185 479 4270; x_wconf 75' lang='lat' dir='ltr'>Vetemm</span> <span class='ocrx_word' id='word_1_283' title='bbox 502 4186 735 4296; x_wconf 80' lang='lat' dir='ltr'>hypotheses,</span> <span class='ocrx_word' id='word_1_284' title='bbox 759 4183 798 4260; x_wconf 88' lang='lat' dir='ltr'>in</span> <span class='ocrx_word' id='word_1_285' title='bbox 827 4183 945 4283; x_wconf 88' lang='lat' dir='ltr'>specie</span> <span class='ocrx_word' id='word_1_286' title='bbox 968 4184 1156 4354; x_wconf 79' lang='lat' dir='ltr'>Cypriani,</span> <span class='ocrx_word' id='word_1_287' title='bbox 1182 4185 1226 4260; x_wconf 91' lang='lat' dir='ltr'>de</span> <span class='ocrx_word' id='word_1_288' title='bbox 1249 4187 1423 4263; x_wconf 72' lang='lat' dir='ltr'>Ecclesiae</span> <span class='ocrx_word' id='word_1_289' title='bbox 1439 4189 1513 4260; x_wconf 89' lang='lat' dir='ltr'>sor·</span> 
     </span>
     <span class='ocr_line' id='line_1_35' title="bbox 296 4280 1565 4377; baseline -0.004 -17"><span class='ocrx_word' id='word_1_290' title='bbox 296 4305 420 4366; x_wconf 65' lang='lat' dir='ltr'>mmet</span> <span class='ocrx_word' id='word_1_291' title='bbox 444 4281 608 4368; x_wconf 69' lang='lat' dir='ltr'>effendit,</span> <span class='ocrx_word' id='word_1_292' title='bbox 644 4280 682 4354; x_wconf 88' lang='lat' dir='ltr'>in</span> <span class='ocrx_word' id='word_1_293' title='bbox 707 4296 843 4356; x_wconf 81' lang='lat' dir='ltr'>externa</span> <span class='ocrx_word' id='word_1_294' title='bbox 875 4287 987 4356; x_wconf 83' lang='lat' dir='ltr'>anime</span> <span class='ocrx_word' id='word_1_295' title='bbox 1025 4301 1093 4370; x_wconf 82' lang='lat' dir='ltr'>tta,</span> <span class='ocrx_word' id='word_1_296' title='bbox 1132 4280 1272 4377; x_wconf 86' lang='lat' dir='ltr'>ejusque</span> <span class='ocrx_word' id='word_1_297' title='bbox 1296 4283 1433 4356; x_wconf 86' lang='lat' dir='ltr'>unionis</span> <span class='ocrx_word' id='word_1_298' title='bbox 1451 4306 1514 4356; x_wconf 61' lang='lat' dir='ltr'>ue,</span> <span class='ocrx_word' id='word_1_299' title='bbox 1559 4303 1565 4309; x_wconf 87' lang='lat'>·</span> 
     </span>
     <span class='ocr_line' id='line_1_36' title="bbox 287 4375 1515 4548; baseline -0.013 -86"><span class='ocrx_word' id='word_1_300' title='bbox 287 4383 458 4521; x_wconf 60' lang='lat' dir='ltr'>femme</span> <span class='ocrx_word' id='word_1_301' title='bbox 479 4379 523 4460; x_wconf 69' lang='lat' dir='ltr'>ad</span> <span class='ocrx_word' id='word_1_302' title='bbox 544 4377 712 4475; x_wconf 77' lang='lat' dir='ltr'>salutem,</span> <span class='ocrx_word' id='word_1_303' title='bbox 750 4375 791 4469; x_wconf 77' lang='lat' dir='ltr'>io</span> <span class='ocrx_word' id='word_1_304' title='bbox 813 4376 915 4547; x_wconf 54' lang='lat' dir='ltr'>lippisl</span> <span class='ocrx_word' id='word_1_305' title='bbox 946 4376 1033 4455; x_wconf 74' lang='lat' dir='ltr'>Diffi</span> <span class='ocrx_word' id='word_1_306' title='bbox 1066 4379 1117 4473; x_wconf 73' lang='lat' dir='ltr'>S.</span> <span class='ocrx_word' id='word_1_307' title='bbox 1131 4376 1204 4475; x_wconf 87' lang='lat' dir='ltr'>jam</span> <span class='ocrx_word' id='word_1_308' title='bbox 1228 4378 1268 4455; x_wconf 85' lang='lat' dir='ltr'>in</span> <span class='ocrx_word' id='word_1_309' title='bbox 1289 4378 1515 4548; x_wconf 58' lang='lat' dir='ltr'>lucemdprp,</span> 
     </span>
     <span class='ocr_line' id='line_1_37' title="bbox 936 4493 1651 4572; baseline -0.004 -20.818"><span class='ocrx_word' id='word_1_310' title='bbox 936 4494 963 4568; x_wconf 90' lang='lat'>4</span> <span class='ocrx_word' id='word_1_311' title='bbox 1405 4493 1535 4572; x_wconf 56' lang='lat' dir='ltr'>,um⁴</span> <span class='ocrx_word' id='word_1_312' title='bbox 1649 4529 1651 4541; x_wconf 90' lang='lat'><strong>.</strong></span> 
     </span>
    </p>
   </div>
   <div class='ocr_carea' id='block_1_3' title="bbox 0 0 1819 5500">
    <p class='ocr_par' dir='ltr' id='par_1_3' title="bbox 0 0 1819 5500">
     <span class='ocr_line' id='line_1_38' title="bbox 0 0 1819 5500; baseline 0 0"><span class='ocrx_word' id='word_1_313' title='bbox 0 0 1819 5500; x_wconf 95' lang='lat' dir='ltr'> </span> 
     </span>
    </p>
   </div>
  </div>
 </body>
</html>
