3609 5500
1426 693 1639 771 Secul.
1689 693 1794 770 ΙΙ.
1964 679 1973 686 ’
2364 745 2381 760 .
2677 715 2834 795 491.

368 866 468 963 ex
509 881 735 978 aliqua
771 873 1238 973 JbIIicz'tu‘dinz’s
1287 874 1528 973 causa,
1593 894 1673 948 ut
1718 871 2026 970 loquitur
2077 872 2282 952 Tert.
2315 863 2704 980 'de·Jejun.
2755 906 2822 961 c.

373 1005 496 1077 13.
572 977 688 1051 sed
753 976 965 1062 stata,
1044 992 1118 1045 et
1162 971 1376 1067 juffa,
1456 992 1658 1044 erant
1722 972 1941 1044 nulla:
2023 994 2232 1067 quare
2282 976 2673 1054 Montanus
2733 985 2821 1058 ab

365 1071 771 1172 Apollonio
824 1068 1005 1167 apud
1050 1068 1209 1142 Eus.
1263 1069 1366 1143 H.
1416 1067 1517 1142 V:
1573 1076 1684 1146 18.
1751 1068 2011 1161 jejunia
2073 1067 2232 1164 lege
2281 1069 2820 1170 constitug’ffesdi.

372 1175 615 1260 citur,
665 1185 741 1241 et
774 1165 1161 1238 damnatur.
1254 1164 1623 1237 Praeterea
1656 1161 1872 1235 solum
1910 1163 2394 1259 antepaschale
2434 1167 2509 1239 in
2562 1170 2681 1244 usu
2712 1172 2823 1248 fu·

366 1268 543 1355 iffe,
629 1260 1076 1336 manifestum
1140 1257 1243 1332 est
1304 1282 1394 1332 ex
1448 1259 1655 1331 Tert.
1708 1256 1805 1332 ib.
1872 1279 1934 1332 c.
1991 1280 2057 1331 2.
2106 1258 2224 1332 ubi
2293 1260 2384 1334 de
2438 1265 2826 1343 Catholicis

369 1365 451 1439 in
506 1364 694 1434 haec
742 1360 955 1433 verba
1007 1356 1351 1452 loquitur:
1434 1371 1600 1427 certe
1651 1358 1733 1433 in.
1767 1354 2125 1448 Euangelio
2184 1356 2325 1427 illos
2376 1359 2510 1432 dies
2543 1364 2828 1458 jejuniis

361 1461 837 1533 determinatos
877 1470 1158 1549 putant,
1225 1456 1292 1522 in
1338 1453 1563 1545 quibus
1614 1450 1878 1523 ablatus
1925 1448 2020 1545 est
2045 1450 2366 1548 sponsus,
2426 1470 2491 1527 et
2541 1458 2653 1531 hos
2700 1442 2823 1555 effe

355 1561 517 1657 jam
550 1552 739 1651 solos
790 1551 1107 1645 legitimos
1150 1550 1547 1646 jejuniorum
1602 1545 2140 1644 Christianorum:
2221 1545 2316 1621 fic
2362 1568 2438 1623 et
2485 1550 2574 1625 de
2625 1553 2824 1632 Orat.

373 1675 442 1725 c.
501 1673 628 1741 14.
682 1645 799 1720 die
844 1645 1137 1741 paschae
1190 1642 1406 1716 tradit
1452 1639 1590 1716 effe
1652 1664 2074 1731 communem,
2156 1659 2223 1716 et
2268 1644 2451 1741 quasi
2490 1650 2826 1741 publicam

361 1747 629 1847 jejunii
694 1743 1081 1836 religionem.
1192 1740 1422 1839 Quam
1486 1738 2066 1812 consuetudinem
2138 1760 2229 1813 ex
2302 1740 2495 1815 dieto
2565 1744 2827 1824 Christi

370 1845 597 1917 Matt.
670 1839 799 1911 IX:
875 1856 986 1926 15.
1014 1890 1037 1922 ,
1117 1836 1303 1932 quod
1367 1832 1453 1908 ad
1514 1833 1821 1909 litteram
1900 1830 2401 1910 intellexerunt
2436 1892 2458 1927 ,
2554 1857 2629 1914 et
2693 1861 2830 1939 pro

375 1935 719 2013 mandato
771 1929 1030 2005 Christi
1076 1930 1515 2020 habuerunt,
1566 1930 2012 2021 derivarunt,
2061 1949 2137 2004 et
2188 1932 2355 2007 inde
2404 1933 2645 2010 diebus
2692 1942 2823 2013 Ve-

377 2037 553 2108 neris
606 2046 685 2103 et
714 2030 983 2102 Saturni
1032 2026 1109 2101 in
1161 2023 1599 2100 hebdomade
1685 2026 1934 2100 aschali
1979 2027 2387 2123 jejunarunt
2420 2030 2825 2113 solenniter.

388 2130 511 2203 Sic
543 2124 1049 2222 intelligendus
1093 2121 1195 2196 est
1227 2124 1434 2196 Tert.
1482 2120 1571 2194 de
1607 2050 1839 2217 Jssjun.
1889 2144 1954 2195 c.
2012 2145 2104 2214 14
2152 2122 2396 2197 dicens
2413 2149 2437 2214 3
2487 2152 2600 2201 cur
2613 2125 2826 2225 stati·

383 2227 623 2302 onibus
669 2236 967 2317 quartam
1013 2233 1076 2291 et
1102 2216 1375 2315 sextam
1426 2218 1710 2290 Sabbati
1742 2215 2052 2317 (scilicet
2098 2240 2229 2314 per
2263 2242 2508 2293 omnes
2554 2224 2826 2300 hebdo-

386 2321 630 2396 madas
667 2312 866 2412 anni)
926 2318 1257 2406 dicamus,
1342 2331 1417 2386 et
1454 2314 1739 2408 jejuniis
1783 2312 2272 2410 parascheven?
2334 2314 2605 2391 scilicet
2636 2318 2831 2397 diem

385 2413 708 2492 Veneris
742 2430 913 2486 ante
975 2410 1264 2509 pascha,
1343 2432 1516 2505 quae
1570 2408 1991 2503 Judaeorum
2028 2429 2175 2484 erat
2225 2418 2575 2506 nemim,
2624 2431 2834 2509 para·

366 2511 657 2613 sclzeve,
707 2507 815 2582 uti
864 2505 938 2579 in
994 2504 1363 2601 euangelio
1400 2502 1564 2601 Joh.
1621 2502 1937 2579 traditur.
2038 2505 2187 2580 Hic
2237 2508 2379 2582 loci
2437 2515 2831 2607 genuinus,

387 2629 463 2683 et
512 2603 780 2690 facilis,
833 2599 935 2677 est
984 2601 1253 2691 sensuS,
1294 2599 1379 2680 ,in
1431 2623 1571 2695 quo
1621 2597 1864 2676 frustra
1914 2602 2317 2678 laborarunt
2348 2606 2591 2683 Doni.
2688 2614 2830 2684 Sed

384 2703 558 2779 illud
604 2696 950 2773 observari
1011 2715 1356 2787 meretur,
1441 2695 1732 2770 Tertull.
1803 2694 1977 2771 ibid.
2044 2696 2348 2789 addere,
2425 2703 2830 2778 Catholicos

386 2794 765 2894 aliquando
825 2788 1238 2883 Sabbatum,
1318 2792 1504 2889 quod
1568 2790 1758 2864 diem
1821 2792 2010 2865 illum
2076 2793 2383 2865 Veneris
2447 2795 2833 2869 inmediate

392 2893 743 2988 sequitur,
790 2890 865 2960 in
909 2889 1043 2963 isto
1084 2885 1359 2985 jejunio
1411 2886 1860 2975 continuare,
1909 2884 2261 2981 secundum
2307 2892 2663 2978 rationem,
2719 2891 2828 2963 in-

389 2990 591 3089 quit,
672 2984 837 3057 alibi
875 2988 1227 3074 redditam,
1311 2981 1578 3056 scilicet
1626 2979 1719 3053 ib.
1774 3003 1838 3052 c.
1901 3003 1965 3053 2.
2035 2979 2154 3051 ubi
2214 2997 2471 3074 propter
2518 2981 2831 3082 sponfiaem

395 3088 698 3160 ablatum
758 3076 1030 3153 dixerat
1099 3103 1221 3156 nos
1279 3077 1629 3173 jejunare:
1712 3073 2024 3148 Christus
2086 3074 2272 3148 enirn
2337 3077 2455 3151 die
2527 3081 2835 3158 Veneris

388 3199 711 3259 mortuus
757 3173 899 3263 est,
965 3194 1040 3248 et
1090 3175 1207 3249 die
1256 3174 1533 3248 Saturni
1581 3170 1655 3244 in
1705 3172 2069 3266 sepulchro
2130 3172 2389 3246 manlit.
2500 3177 2708 3251 Haec
2743 3179 2826 3254 li-

386 3300 510 3356 cet
558 3291 729 3349 vera
772 3271 949 3360 lint,
1014 3269 1089 3344 in
1138 3270 1353 3344 modo
1403 3288 1635 3341 tamen
1687 3267 1890 3363 hujus
1930 3266 2182 3377 jejunii
2261 3267 2444 3345 haud
2499 3271 2674 3347 levis
2721 3275 2832 3358 vi-

388 3372 544 3472 guit
576 3364 1078 3462 discrepantia,
1127 3366 1298 3442 ficut
1335 3388 1425 3439 ex
1460 3361 1670 3458 Epist.
1728 3366 2001 3437 Irenaei
2039 3365 2121 3437 ad
2164 3363 2577 3458 Viftorem‚
2629 3372 2831 3466 Epis-

397 3490 657 3564 copum
732 3464 1173 3552 Romanurn,
1253 3459 1435 3558 apud
1495 3457 1652 3532 Eus.
1720 3461 1760 3533 l.
1817 3461 1912 3532 V:
1972 3481 2083 3550 24.
2149 3461 2536 3536 luculenter
2605 3486 2829 3559 patet.

405 3565 736 3666 Quidam,
786 3557 1019 3653 inquit
1071 3560 1435 3643 IrenaeuS,
1503 3552 1919 3650 existimant,
1990 3579 2110 3627 uno
2159 3557 2261 3625 die
2290 3555 2429 3648 fibi
2478 3556 2599 3650 effi
2643 3565 2829 3656 jeju-

377 3661 721 3741 -nandum,
767 3656 898 3725 alii*
922 3655 1203 3740 duobus,
1255 3654 1377 3725 alii
1422 3657 1619 3722 etiam
1664 3651 1994 3743 pluribus,
2047 3652 2170 3721 alii
2206 3676 2346 3724 vero
2395 3655 2837 3749 quadraginta

395 3757 613 3844 horis,
663 3751 909 3822 diurnis
943 3772 1022 3819 ac
1059 3751 1375 3821 nablat-nis
1410 3751 1832 3838 computatis,
1882 3748 2046 3818 diem
2069 3744 2266 3842 suum
2303 3754 2691 3822 metiuntur.-
2741 3752 2837 3825 fi‘c

399 3854 594 3926 enim
646 3843 875 3932 versio
926 3845 1083 3916 Lat.
1135 3845 1345 3917 habet
1412 3841 1593 3937 apud
1643 3840 1923 3928 Valet,
1993 3841 2079 3913 de
2129 3865 2268 3936 quo
2331 3841 2584 3920 statim.
2691 3847 2832 3949 Qui

395 3971 591 4022 unum
635 3941 828 4016 diem
884 3941 1258 4029 tenebant,
1306 3936 1422 4010 die
1460 3939 1725 4026 Veneris
1764 3937 2211 4032 jejunabant,
2263 3938 2380 4033 qui
2437 3966 2605 4014 vero
2641 3945 2833 4025 &sm-2.

398 4045 777 4117 Sabbatum
824 4034 1209 4124 addebant,
1299 4034 1418 4129 qui
1457 4035 1674 4131 plures
1722 4051 1944 4105 totam
2004 4033 2453 4129 septimanam
2520 4057 2833 4129 antu-pff.-

389 4138 692 4216 schalem
736 4128 1029 4230 jejuniis
1077 4126 1565 4225 transigebant.
1669 4127 1808 4200 Sed
1869 4129 2038 4227 quid
2100 4127 2228 4214 fibi
2280 4130 2505 4205 ultimi
2561 4133 2649 4201 illi
2717 4157 2837 4201 1:0-

1512 4223 1704 4324 Qqq
1758 4246 1798 4298 2
2538 4225 2837 4333 larmir,
