3609 5500
777 1026 1120 1121 “tarsa
1468 995 1528 1147 a,

285 1235 411 1321 paucos
435 1217 515 1295 silos
535 1207 615 1295 diss
640 1231 661 1293 a
686 1231 828 1311 morte,
860 1221 1052 1298 secundum
1084 1220 1175 1296 hanc
1203 1211 1255 1319 hy
1306 1211 1441 1333 thesin,
1465 1239 1522 1302 re»

286 1313 956 1522 asarsualtruserat,
963 1319 1519 1502 lassantlassant

287 1530 340 1599 te,
361 1507 531 1596 acalrbr,
563 1507 598 1581 se
622 1506 831 1583 detinuerat.
883 1515 916 1585 s.
941 1512 1015 1582 Iter
1032 1505 1250 1605 Magorum,
1286 1508 1426 1585 Christo
1446 1513 1519 1607 jam

285 1622 386 1692 nato,
413 1604 516 1699 cujus
541 1593 715 1678 indicium
739 1599 834 1677 stelle
856 1604 938 1700 ipsis
961 1606 1191 1702 praebuerat,
1223 1602 1364 1677 demum
1381 1608 1517 1705 suscep

286 1719 378 1789 tum,
402 1701 523 1772 eloco
540 1698 759 1787 remotiore,
776 1699 847 1773 save
864 1699 997 1792 Persia,
1023 1697 1096 1773 five
1116 1699 1311 1788 Chaldaea,
1336 1701 1408 1775 sive
1427 1705 1516 1777 Ara·

288 1796 363 1885 bia,
382 1793 559 1867 adventus
574 1793 879 1892 Hierosolymam,
905 1794 1122 1871 convocatio
1143 1794 1361 1868 sacerdotum
1378 1817 1421 1871 ac
1445 1798 1516 1873 nri·

285 1894 425 1978 barum,
467 1888 681 1965 consultatio
712 1903 792 1963 eum
825 1885 893 1965 illis
927 1891 972 1965 de
1003 1894 1085 1966 loco
1117 1889 1313 1962 nativitatis
1344 1892 1515 1984 Mesfiae,

285 2003 322 2061 ae
336 1988 535 2080 Magorum
550 1984 948 2083 mora'Hierosolymis,
964 1986 1050 2060 dein
1067 1983 1310 2073 nemimem,
1335 2006 1374 2059 et
1390 2005 1514 2064 eorum

287 2082 417 2157 reditus
436 2081 480 2153 ab
504 2069 655 2153 Herode
674 2079 743 2154 exs
783 2079 915 2174 statio,
948 2080 1077 2179 aliique
1094 2079 1211 2171 casus,
1236 2077 1406 2175 majorem
1431 2083 1509 2178 pos·

288 2179 396 2252 tulartt
420 2175 592 2269 temporis
616 2103 837 2251 latituclisrem
863 2183 965 2275 qoam
992 2199 1038 2272 35
1063 2176 1213 2283 dienrma
1268 2201 1297 2249 c.
1322 2173 1511 2274 Denique,

285 2287 361 2349 tum
378 2289 520 2367 tempus
534 2269 610 2344 nati
626 2271 795 2360 Melitae,
819 2287 885 2369 per
901 2271 1018 2347 stellae
1041 2269 1303 2383 adpantionem
1320 2269 1510 2349 adnuncia·
1536 2332 1538 2336 -

288 2389 382 2461 tom,
410 2366 579 2440 adcurate
607 2363 857 2463 inquisivisset,
889 2385 928 2442 et
951 2391 971 2442 a
994 2365 1117 2464 Magis
1141 2366 1366 2442 intellexisset
1390 2368 1510 2442 Hero·

286 2465 364 2554 les,
389 2464 502 2537 Matt.
525 2463 637 2555 1127.
687 2457 747 2537 uid
781 2479 869 2573 opus
894 2461 1091 2553 habuisset,
1116 2461 1143 2535 sr
1165 2476 1247 2536 ante
1273 2461 1511 2539 Mensemna·

286 2577 359 2729 turp
383 2555 488 2633 tuiue
519 2486 754 2656 percepisset,
801 2559 957 2636 infantes
990 2584 1011 2633 a
1043 2557 1191 2634 biennio
1232 2574 1333 2631 natos
1367 2559 1509 2635 occided

328 2752 367 2853 ς.
391 2752 528 2827 xxm.
554 2737 663 2823 Missa
677 2745 817 2846 itaque,
846 2768 884 2825 et
901 2748 1056 2824 indecisa
1074 2748 1216 2842 telleia,
1233 2750 1438 2846 quaestione
1462 2752 1509 2829 dt

287 2850 404 2925 mense
425 2844 543 2920 etdie
565 2843 642 2919 nati
669 2843 819 2938 Christi,
858 2870 946 2944 quae
970 2845 1090 2944 magni
1122 2868 1196 2919 non
1232 2842 1283 2919 est
1309 2850 1507 2940 momenti,

289 2962 393 3044 quate
409 2938 655 3038 Euangelistae
670 2941 777 3015 etiam
794 2942 868 3038 ejus
884 2943 1106 3016 mentionem
1122 2941 1509 3040 sacere'neglexerunt,

288 3042 371 3117 alias
394 3034 594 3113 nativitatis
617 3034 746 3110 Christi
771 3036 957 3134 singulares
981 3037 1143 3136 quasdam
1166 3035 1444 3114 circumstantias
1460 3056 1508 3117 ert

285 3133 427 3212 Maean.
451 3146 491 3205 et
506 3126 601 3206 Luca
614 3131 738 3206 ordine
754 3134 1015 3221 recenseamus;
1042 3150 1209 3296 quantum
1234 3130 1353 3206 nostro
1377 3136 1508 3229 scopo,

288 3248 331 3305 ct
353 3223 587 3324 Euangelistls
613 3225 727 3302 secum
753 3224 1002 3308 conciliandis,
1058 3226 1180 3300 officit.
1231 3227 1358 3298 Statim
1384 3250 1425 3298 ac
1449 3231 1509 3323 Jeae

287 3329 344 3404 slas
367 3319 459 3398 effer
488 3336 589 3396 natus
616 3319 656 3396 in
678 3319 875 3396 diversorio
905 3319 1179 3409 Bethlemitico,
1219 3342 1261 3397 ac
1291 3319 1328 3393 in
1350 3320 1507 3418 stabula,

296 3436 371 3497 ¹rae
387 3414 518 3492 viliore
530 3429 715 3513 puentum
731 3415 962 3505 conditione,
990 3440 1030 3490 ac
1047 3416 1276 3490 multitudine
1293 3416 1479 3494 hominurn

289 3516 340 3593 r'oi
380 3511 608 3610 degentium,
647 3511 838 3609 repositus,
887 3535 919 3586 1.
941 3534 986 3584 ea
1024 3513 1099 3609 ipsa
1124 3512 1228 3586 noete
1268 3501 1431 3590 nunciata
1455 3478 1509 3592 etl

289 3615 385 3704 e‘us,
410 3628 576 3705 tanquam
613 3613 790 3699 creatoris,
816 3630 857 3682 ac
884 3607 1020 3703 curisti,
1054 3608 1211 3704 adeoque
1235 3609 1390 3703 promissi
1408 3613 1508 3686 Mes·

364 3764 375 3799 ‚
399 3722 441 3779 et
463 3702 566 3802 regni
649 3700 739 3778 vidis
763 3703 1005 3794 renovatoris,
1031 3702 1198 3777 nativitas
1214 3701 1418 3797 pastoribus,
1442 3710 1507 3784 sub

294 3803 354 3880 dio
385 3814 468 3876 cuin
543 3797 669 3873 eibua
697 3797 860 3888 versatis,
902 3809 969 3895 per
992 3799 1187 3895 Angelum,
1225 3799 1347 3873 dit-’ina
1372 3804 1505 3896 gloria,

293 3901 349 3974 seu
366 3814 543 3992 lucespse¹
578 3892 639 3985 fda
684 3893 871 3982 vellitrens
898 3907 991 3986 non,
1015 3893 1087 3967 srne
1102 3893 1374 3990 praegnantibus
1396 3899 1507 3972 ratio⁶

293 3996 413 4083 nibus,
441 3991 632 4087 sapientiae
646 3944 720 4064 bei
740 3988 929 4086 congruis,
973 4002 1093 4062 uarum
1110 3990 1243 4086 aliquae
1267 3989 1371 4062 nobis
1395 3995 1505 4071 etiam

292 4090 362 4166 sese
392 4086 571 4176 offentnts
602 4083 675 4176 uti,
706 4085 802 4183 qaod
824 4084 928 4181 ori'go
947 4014 1100 4161 ltefflae
1128 4108 1174 4159 ex
1196 4084 1334 4158 Davide
1354 4087 1505 4186 pastore,

291 4196 416 4263 munus
439 4196 579 4281 quoque
603 4181 677 4277 ejus
698 4179 939 4279 pastoritiom,
987 4181 1045 4254 oh.
1071 4180 1135 4270 X.,
1160 4203 1205 4253 eo
1229 4181 1336 4255 modo
1361 4185 1506 4258 demon·

293 4284 439 4372 metor,
463 4278 564 4354 simul
588 4298 609 4351 a
633 4288 744 4375 regno
767 4297 918 4350 esterno
934 4288 972 4350 et
995 4273 1148 4348 semeſtri
1174 4275 1282 4350 animi
1311 4278 1508 4352 abstrahan-

295 4392 371 4452 so'r:
402 4400 472 4452 nec
487 4372 700 4451 adnunciata
715 4378 852 4448 tentant
873 4368 947 4463 est,
988 4371 1047 4446 sed
1078 4388 1115 4444 et
1140 4375 1183 4445 ab
1210 4373 1356 4481 ingente
1382 4372 1507 4478 Ange

294 4477 405 4553 lotan
425 4469 595 4551 exercitu
610 4469 660 4549 ie.
682 4468 809 4550 lasea
824 4467 904 4639 De&
933 4470 1107 4552 celebrata
1128 4464 1280 4548 anuas
1298 4465 1509 4560 Angehcis,
1661 4544 1671 4581 ,

298 4610 306 4619 -
926 4585 952 4661 4
1362 4584 1511 4661 quorum
