3609 5500
281 918 360 1001 614
673 905 823 1007 ffistoria
843 905 980 1010 Ecclefi
997 906 1113 1011 Christ.

285 1088 372 1164 rint.
422 1087 481 1161 De
512 1079 672 1186 Origene
697 1090 813 1187 poffet
835 1092 903 1170 hic
939 1116 1043 1191 parte
1068 1086 1205 1190 prolixa
1226 1083 1371 1165 institui
1393 1086 1508 1186 dispu·'

285 1204 399 1275 tatto,
429 1206 511 1261 cum
538 1186 692 1260 Veteres
724 1190 792 1261 sec.
817 1190 873 1263 lV
897 1211 937 1263 et
963 1193 1012 1266 V.
1037 1191 1235 1263 haedere
1260 1188 1506 1261 contenderint

285 1280 374 1377 ipfi,
422 1282 506 1353 dum
529 1282 590 1354 alii
632 1284 882 1359 orthodoxiam
905 1288 981 1383 ejus
1008 1283 1256 1372 defenderint,
1303 1284 1365 1358 alii
1401 1303 1504 1365 vero,

281 1376 370 1451 'cum
396 1375 538 1450 Arianis
586 1379 757 1452 raetuhffe
782 1378 915 1468 facem,
948 1382 1139 1478 arguerint
1188 1379 1291 1477 Quae
1317 1375 1503 1474 disquifitio

286 1474 391 1547 nobis
414 1472 505 1547 stela
528 1404 583 1545 eli
612 1473 809 1580 difficilior,
833 1478 914 1572 quia
939 1478 1072 1552 Graeca
1093 1497 1130 1548 et
1149 1476 1280 1548 latina
1302 1475 1382 1571 ejus
1402 1473 1499 1566 scrip·

284 1590 326 1643 ta
353 1571 443 1642 haud
469 1593 589 1665 parum
617 1571 813 1664 ducrepare
837 1574 1013 1647 videntur.
1051 1569 1199 1658 Latina,
1222 1592 1314 1667 quae
1328 1567 1500 1644 Ruffiuttut

285 1666 425 1740 habent
450 1666 705 1760 Interpretem,
729 1667 806 1738 litut
829 1674 927 1740 varie
955 1667 1126 1741 inmutata
1148 1684 1188 1738 et
1213 1664 1406 1762 castigata,
1425 1685 1495 1738 cum

282 1761 363 1857 ipse
387 1757 550 1832 Ruffinus
574 1760 743 1849 fateatur,
787 1758 910 1850 seca,
953 1786 1042 1858 quae
1066 1759 1388 1836 Trinitatiminut
1409 1773 1495 1833 utut

284 1858 462 1944 consona,
502 1854 694 1931 abstulisse:
726 1879 832 1952 quare
862 1860 908 1930 iis
939 1861 1053 1932 minus
1082 1859 1193 1930 fidere
1217 1856 1321 1932 licet.
1371 1857 1494 1932 Graeci

286 1950 453 2027 autemst
478 1952 712 2043 consulamus,
752 1952 914 2027 omnibus
938 1955 1026 2027 locis
1047 1953 1166 2027 secum
1190 1950 1263 2026 fine
1286 1949 1498 2049 praejudicio

286 2049 444 2136 collatis,
485 2047 691 2122 sententiam
716 2048 886 2142 Origenis
915 2050 1062 2123 eandem
1094 2048 1218 2134 suille,
1257 2070 1301 2122 ac
1328 2050 1496 2123 Veterum

287 2147 535 2218 nonnullorum
557 2144 624 2218 sec.
650 2147 745 2231 lldo,
779 2145 871 2217 haud
903 2144 1092 2217 difficulter
1112 2142 1271 2241 patebit,
1305 2143 1378 2219 elle
1401 2142 1496 2216 nimi·

285 2262 366 2314 rum
401 2237 528 2311 Filium
552 2257 590 2309 et
621 2238 791 2335 Spiritum
814 2240 850 2312 S.
882 2240 1037 2333 ejusdem
1061 2260 1224 2328 naturae,
1264 2263 1356 2337 quae
1379 2240 1418 2313 iu
1440 2237 1496 2310 Pa·

282 2354 344 2409 tre
369 2331 441 2423 est,
468 2332 678 2430 participes,
703 2333 783 2423 sed,
807 2353 847 2405 ιιι
871 2336 961 2408 radii
990 2334 1069 2409 solis
1092 2334 1171 2409 sunt
1196 2333 1267 2409 sole
1292 2334 1495 2424 inferiores,

286 2432 340 2508 ita
364 2450 403 2504 et
427 2430 552 2503 Filium
580 2431 650 2504 else
678 2431 780 2503 Patre
802 2428 998 2521 minorem,
1023 2453 1139 2526 eoque
1162 2430 1261 2504 sensu
1284 2430 1368 2504 Filii
1391 2429 1495 2505 essen·

285 2529 372 2601 tiam
395 2524 465 2599 effe
481 2550 501 2600 a
517 2526 617 2600 Patre
635 2524 850 2612 distiniltm,
874 2548 916 2598 ac
939 2527 1211 2621 dependentem.
1259 2525 1399 2601 Pollem
1413 2527 1496 2602 hant

281 2624 331 2697 de
360 2622 518 2715 Origene
549 2621 757 2693 sententiam
786 2619 939 2715 pluribus
961 2619 1219 2711 demonstrare,
1258 2619 1285 2694 fi
1318 2613 1494 2721 prolixiori

279 2716 358 2796 effe
387 2717 532 2802 liceret,
581 2734 643 2790 aut
684 2716 796 2791 Huet.
838 2716 876 2791 in
914 2718 1118 2815 Origeniau.
1152 2719 1176 2794 l.
1208 2719 1257 2792 ll.
1290 2740 1326 2794 c.
1353 2739 1387 2795 a.
1420 2711 1494 2807 ilud

282 2838 362 2890 ¹nou
379 2811 460 2885 satis
484 2808 604 2884 suisset
629 2810 823 2887 exsecutus.
871 2813 1066 2888 Adeundus
1095 2814 1212 2908 itaque
1234 2814 1317 2906 Ipse
1340 2812 1412 2903 est,
1442 2808 1493 2887 sed

285 2936 367 2992 cum
392 2907 468 3004 ipso
490 2905 724 2980 conserendus
741 2911 852 2982 Bullus
877 2909 914 2982 in
947 2908 1080 2983 defens.
1110 2909 1194 2982 fidei
1221 2909 1310 2984 Nic.
1346 2909 1429 2985 se&
1450 2908 1491 2983 ΙΙ.

289 3035 322 3087 c.
346 3031 380 3100 9.
407 3024 444 3079 et
476 3005 542 3077 lll.
569 3027 602 3079 c.
628 3027 660 3098 3.
687 3004 746 3100 qui
773 3004 1020 3077 orthodoxiam
1052 3006 1126 3099 ejus
1151 3004 1240 3078 tueri
1270 3026 1418 3081 conatus
1437 3001 1493 3077 est.

288 3108 359 3184 Sed
382 3126 466 3178 vera
491 3099 562 3189 est,
587 3125 686 3196 quam
712 3100 877 3194 exposui,
912 3100 1103 3189 sententia,
1136 3100 1190 3172 uti
1214 3125 1357 3198 quoque
1390 3096 1493 3176 obser·

280 3202 390 3279 cavit
415 3221 456 3270 ac
483 3194 736 3270 demonstravit
759 3197 907 3269 Pearson
925 3197 1035 3269 Vind.
1059 3199 1182 3291 lgnat:
1198 3220 1234 3291 p.
1260 3199 1288 3271 l.
1314 3221 1348 3270 c.
1375 3220 1410 3291 7.

340 3298 372 3394 h.
398 3295 482 3367 XV.
515 3292 736 3384 Theophilus
760 3292 885 3364 codem
911 3290 987 3364 sete
1010 3296 1116 3365 modo
1134 3291 1347 3365 sententiam
1368 3287 1495 3389 expres·

290 3396 352 3479 fit,
385 3411 456 3484 qno
487 3386 554 3460 sec.
580 3388 626 3457 ll.
652 3383 806 3479 Justinus
830 3388 887 3458 M.
913 3407 950 3459 et
976 3387 1166 3475 Tatianus;
1198 3386 1256 3459 sed
1280 3389 1419 3482 primus
1435 3383 1495 3474 est,

314 3504 455 3559 uantum
484 3480 589 3563 novi,
629 3479 688 3573 qui
718 3500 806 3550 voce
831 3480 951 3578 τριάδος
986 3482 1161 3556 Trinitatis
1190 3483 1267 3555 usus
1299 3483 1372 3573 cst,
1412 3486 1434 3558 l.
1454 3482 1495 3555 ll

315 3641 322 3657 .
350 3600 406 3670 23.
432 3574 473 3646 ad
491 3573 727 3666 Autolycum,
747 3597 847 3667 quam
866 3579 961 3649 inter
975 3580 1052 3651 Lat.
1070 3577 1231 3652 adhibuit
1250 3579 1403 3654 Tertull.
1420 3600 1493 3653 cou-

291 3702 347 3755 tra
368 3675 466 3746 Prax.
491 3692 522 3743 c.
551 3693 582 3763 3.
612 3691 801 3762 perquam
834 3669 1001 3766 intelligit
1029 3673 1254 3769 Theophilus
1277 3673 1409 3764 Deum,
1433 3671 1496 3773 stt·

289 3793 411 3854 monem
440 3770 513 3864 ejus
538 3785 576 3840 et
595 3763 807 3864 sapientiam.
857 3765 1055 3862 Distinguit
1076 3789 1191 3842 autctn
1207 3769 1253 3843 th
1276 3772 1370 3866 adyta
1386 3770 1507 3871 semo·-

291 3896 363 3949 nent
390 3868 427 3940 in
452 3865 623 3943 tetidem·
646 3861 794 3958 itfitum,
834 3888 875 3937 ac
899 3864 1077 3964 eptolenae
1096 3867 1280 3960 prolatant,
1316 3891 1368 3941 tta
1392 3865 1499 3942 utilit

291 3972 330 4047 in
355 3962 427 4040 Dei
454 3965 644 4037 visceribus
674 3964 735 4050 stt,
778 3963 812 4031 itt
845 3969 937 4037 corde
968 3968 1033 4037 Dei
1065 3963 1107 4035 ab
1143 3962 1240 4035 omni
1272 3964 1500 4052 aeternitate,

289 4085 379 4142 mens
402 4073 433 4128 et
456 4060 630 4154 prudentia
655 4059 747 4164 ejus,
783 4080 885 4150 quem
913 4058 1126 4151 constIiarium
1161 4055 1306 4147 habuit,
1340 4078 1502 4156 quatenus

291 4159 430 4237 ratione
456 4172 493 4224 et
517 4152 704 4245 prudentia
731 4149 788 4221 sua
815 4152 985 4248 disposuit
1011 4153 1151 4242 omuia3
1184 4154 1298 4226 sermo
1327 4181 1419 4230 vero
1439 4178 1505 4255 pro·

291 4261 380 4333 latus
406 4246 447 4319 stt
470 4246 563 4320 idem
588 4245 728 4342 quidem
755 4244 867 4318 sermo
885 4249 1067 4335 naturalis,
1119 4250 1208 4322 uoad
1225 4251 1432 4343 essentiam,
1454 4247 1510 4325 sed

292 4351 354 4456 qui
380 4363 492 4424 autea·
510 4364 584 4418 uon
609 4339 674 4419 nifi
696 4341 735 4418 iu
760 4361 883 4418 mente
907 4344 982 4422 Dei
1006 4344 1130 4423 habuit
1149 4343 1399 4443 existentiam,
1424 4367 1513 4423 nunc

274 4492 286 4505 ·
350 4497 358 4510 .
782 4500 790 4523 .
955 4490 964 4509 ι
1426 4463 1515 4531 Veto,
