3609 5500
603 754 842 861 ''Secoll'lss
886 748 995 827 '¹⁸¹
1267 740 1346 874 ff
1451 900 1461 911 .

159 976 174 1042 l
195 962 376 1063 Presbyteri:
400 964 561 1052 minores,
591 984 697 1059 quare
721 960 765 1036 iis
791 960 829 1035 in
854 956 1009 1035 Ecclesia
1031 956 1126 1035 inter
1148 960 1340 1062 presbytes

159 1060 298 1161 ossedero
321 1061 554 1135 interdicitur.
598 1059 762 1158 Adpellat
788 1082 929 1155 quoque
946 1069 1008 1130 'eos
1034 1057 1189 1157 Cyprian
1213 1084 1270 1156 ep.
1298 1079 1334 1153 3.

159 1159 384 1257 lillogatian.
432 1158 647 1255 Episcopatus
671 1171 704 1227 el
730 1152 898 1247 Ecclefioe
934 1152 1108 1253 milzislros.
1160 1157 1265 1255 Quod
1282 1156 1338 1230 di:

159 1256 274 1329 'crimen
296 1278 335 1329 er
363 1252 481 1350 ffcils
509 1275 647 1350 quoque
666 1250 906 1325 Diaconorum
921 1252 1103 1329 elucescit..
1150 1252 1222 1326 Etli
1240 1251 1338 1327 enim

162 1353 288 1425 onnulln
311 1374 386 1425 curn
413 1351 627 1447 l'resbytetis
650 1348 838 1422 habuerint
861 1348 1082 1438 communia,
1109 1348 1162 1425 uti
1181 1343 1339 1443 topaza-I

159 1470 188 1537 r,
211 1451 398 1537 contionari,
419 1450 616 1542 prevalentes
643 1468 708 1543 per
731 1443 981 1541 inpositionem
1007 1467 1174 1522 manuum
1198 1444 1344 1544 recipe·

159 1566 190 1619 ετ
221 1568 260 1618 ea
284 1564 395 1617 tamen
420 1566 492 1617 non
518 1542 589 1616 srne
621 1543 787 1639 peculiari
821 1540 1064 1634 conceffione,
1106 1544 1148 1620 in
1172 1541 1251 1619 casu
1276 1563 1349 1615 ne·-

159 1640 306 1730 ellltatis,
337 1642 394 1714 vel
419 1638 562 1714 nemine
584 1638 629 1712 'de
655 1638 751 1712 clero
774 1636 909 1734 majore
933 1639 1136 1733 praesente,
1169 1658 1342 1740 peragere

159 1739 268 1813 cebat.
313 1734 416 1841 Quod
445 1736 490 1809 de
521 1732 800 1833 poenitentium·
816 1734 1113 1809 reconciliatione
1146 1737 1348 1811 loculenter

159 1858 191 1907 r·
212 1834 388 1931 cypriano
420 1850 533 1929 patet.
578 1829 656 1929 lpse
688 1829 785 1905 enim
817 1852 874 1927 ep.
914 1838 969 1909 18.
1002 1833 1044 1907 ad
1077 1832 1202 1909 elerum
1246 1856 1343 1923 uum,

159 1930 211 2006 lit.
238 1932 355 2005 Oxou.
377 1924 579 2023 permittit,
621 1944 661 2002 ut
680 1924 762 2022 lopfi
779 1928 1001 2021 poenitentes,
1019 1926 1057 2023 ss
1072 1932 1263 2024 incommodo
1278 1930 1344 2002 oll-

159 2053 182 2103 ιο
205 2044 235 2101 et
269 2026 478 2122 infirmitatis
511 2026 656 2121 periculo
687 2028 834 2119 occupati
848 2022 1012 2118 fuerunt,
1062 2048 1123 2101 non
1158 2024 1347 2123 erspel'lota

159 2121 306 2221 'aesentia
331 2120 460 2218 nostra,
485 2119 621 2218 inquit,
647 2124 734 2215 opud
747 2125 1233 2219 presbyterorum-quemcunque
1245 2141 1345 2217 prae·

160 2239 264 2309 ntem,
288 2220 344 2296 uel
355 2275 365 2307 ,
391 2216 425 2311 fi
446 2222 615 2315 presbyter
636 2233 781 2311 repertus
802 2240 863 2289 noa
877 2215 1011 2311 fuerat,
1042 2234 1075 2291 et
1099 2244 1214 2314 urgm
1237 2221 1348 2292 exitus

159 2322 284 2413 eperia,
317 2318 404 2410 opud
429 2314 611 2389 Diaconum
638 2338 755 2410 quoque
778 2315 918 2387 exontolo
943 2309 1008 2407 esta
1027 2312 1142 2402 facere
1167 2318 1272 2389 delilll
1287 2313 1348 2412 sul

159 2414 257 2515 ffint‘,
284 2428 345 2501 ut,
371 2420 468 2485 manu
494 2412 537 2483 iis
565 2412 598 2483 in
618 2412 818 2503 poenitenti-a
835 2337 992 2505 inposta,
1017 2416 1152 2487 veniam
1172 2411 1349 2487 adDomi·

159 2540 197 2586 xm
220 2522 300 2589 cum'
316 2527 411 2605 poce.
459 2506 528 2607 Sed
552 2505 646 2580 inter
664 2506 801 2595 officia,
827 2508 968 2580 ordines
983 2505 1250 2607 distinguentia,
1277 2510 1348 2595 etii,

159 2635 168 2682 r
203 2626 308 2696 erat,
349 2602 445 2701 quod
484 2600 642 2677 diaconis
673 2598 899 2697 eucharistiam
921 2603 1045 2699 socero
1085 2624 1250 2703 negatum
1294 2600 1353 2683 sm·

159 2702 371 2780 erlabantur
396 2696 537 2800 quidem
561 2700 655 2776 circa
677 2697 947 2794 eucharistiam,
975 2722 1121 2778 munera
1142 2703 1265 2800 populi
1291 2726 1347 2776 re·

159 2801 319 2891 nendo,
357 2817 396 2874 et
428 2795 665 2871 sacerdotibus
696 2793 900 2887 offerendo,
943 2799 1087 2870 nomina
1120 2795 1349 2871 offerentium

159 2893 332 2982 citando),
372 2892 752 2990 denique·consecrata
777 2890 874 2989 pariis
896 2912 934 2965 et
961 2893 1037 2966 vini
1064 2895 1237 2987 elementa
1263 2915 1351 2989 por·

159 2995 270 3092 ;cndo
296 2988 481 3081 fidelibus,
515 2988 573 3064 sed
596 3006 714 3082 ponem
737 3006 771 3061 et
799 2991 907 3064 alnum
931 2987 1118 3084 consecrare
1145 3011 1219 3062 non
1243 3008 1348 3084 pote·-
1421 3063 1426 3083 ,

159 3113 206 3168 rt.
237 3091 330 3164 Can.
356 3085 466 3175 Nte,
506 3084 614 3160 nodo
638 3089 786 3176 citatus,
827 3107 878 3158 tor
909 3084 1073 3182 offerendi
1092 3083 1268 3183 potestate
1291 3108 1350 3166 ca·¹

159 3214 193 3262 re
241 3183 380 3259 diserte
415 3182 514 3259 dicit.
572 3179 696 3256 Utitur
727 3182 870 3278 quidem
904 3182 1094 3280 Cypriam,
1137 3180 1175 3257 in
1208 3182 1268 3258 lib.
1301 3183 1349 3258 de

159 3283 268 3380 psts,
304 3283 419 3356 verbo
443 3279 620 3378 fferendi,
653 3278 697 3352 de
720 3277 893 3354 Diaconir
916 3280 1077 3376 loquens,
1103 3274 1161 3354 sed
1184 3277 1354 3355 distribu··
1445 3315 1450 3321 ·

164 3403 264 3453 nem
284 3373 476 3474 intelligit,
501 3396 540 3451 ut
556 3373 628 3472 ipsa
646 3373 777 3455 d'occnt
801 3377 928 3451 verba:
945 3375 1135 3475 solennibus
1152 3378 1348 3470 adinpletis,

159 3475 259 3570 puit,
288 3474 425 3550 calicem
449 3473 567 3572 offerre
584 3492 663 3570 prae
681 3477 810 3548 entibuo
833 3476 956 3568 coepit:
981 3499 1048 3548 nec
1069 3475 1137 3547 alio
1155 3473 1252 3544 sensu
1268 3494 1353 3540 ver·

170 3571 383 3639 Laurentii
406 3570 581 3658 Diacoui,
633 3573 732 3645 uibus
757 3569 906 3664 Xystum
929 3571 1166 3661 Episcopum,
1191 3565 1234 3638 ad
1258 3585 1355 3636 mar·

159 3663 253 3732 ium
283 3681 557 3754 properantem,
591 3593 773 3734 ailocutus
801 3660 951 3755 legitur,
992 3659 1084 3765 apud
1110 3658 1270 3731 Ambros.
1304 3659 1352 3733 de

159 3755 285 3843 ielis,
329 3770 368 3825 et
396 3775 512 3828 exeo
538 3755 576 3826 in
602 3757 665 3826 all.
683 3752 801 3845 finem
828 3767 928 3826 mort.
953 3750 1139 3838 Ruinam,
1180 3754 1352 3848 capienda

159 3877 214 3940 ,ις
257 3871 356 3948 quae
380 3846 472 3923 haec
491 3851 644 3926 fuerunt.
695 3850 773 3952 Quo
790 3845 943 3942 sacerdos
957 3844 1098 3941 ⁸fortlle!
1123 3844 1196 3939 stae
1216 3852 1354 3926 diacono

178 3948 312 4027 eras?
348 3969 508 4041 nunquam
531 3945 735 4044 sacrficium
759 3943 832 4038 stne
866 3943 1011 4036 ministro
1036 3943 1155 4044 affirm
1185 3944 1360 4041 consuere·-

239 4042 351 4196 qu'd
379 4044 414 4112 in
438 4065 585 4138 mongo
609 4045 793 4139 displicuit,
827 4043 955 4117 Pater?
980 4069 1055 4118 num
1076 4044 1152 4140 quid
1172 4045 1356 4135 degenerem

178 4171 207 4218 α
252 4145 267 4212 i
279 4199 289 4213 .
324 4141 475 4232 experire
499 4159 606 4228 certe,
634 4158 743 4216 utrum
760 4140 904 4215 idoneum
921 4137 1103 4238 ministrum
1126 4139 1278 4234 elegeris,
1303 4144 1369 4217 aus.

159 3975 172 4028 o

159 4109 175 4220 l

160 4233 312 4344 mrfisti
339 4235 509 4316 Domum·
521 4237 700 4342 sanguinis
727 4235 1016 4333 consecrationem
1049 4236 1184 4314 scilicet
1208 4259 1278 4309 non
1305 4237 1372 4312 sa··

275 4377 286 4394 ·
338 4401 345 4410 .
687 4332 847 4430 Rrrro,
1196 4353 1362 4426 mulene
