3609 5500
517 739 523 752 ·
625 732 630 742 ·
690 711 900 824 ''sentrrr
981 735 1043 752 ”
1337 737 1407 840 zu

504 903 508 917 ‘
584 921 1009 1018 musneurronas,
1134 1033 1141 1044 „
1223 923 1230 932 ’
1354 931 1361 939 ’

85 1153 89 1197 :
213 1144 215 1152 ’
243 1121 276 1224 i.
300 1119 370 1201 CL.
403 1065 564 1198 sensium
590 1113 665 1193 hoc
684 1112 845 1215 respedlu
868 1111 971 1192 valde
994 1111 1046 1192 eli
1069 1114 1246 1210 notabile,
1269 1135 1349 1194 curn
1373 1115 1419 1195 in

87 1253 90 1294 ε
190 1219 273 1296 illud
289 1217 446 1294 incidant
462 1214 602 1300 earne,
635 1234 766 1319 eaeque
781 1211 961 1306 publicae,
987 1236 1033 1289 ac
1047 1211 1315 1302 atrociffimae,
1331 1235 1411 1310 per·

85 1349 91 1394 ;
196 1313 421 1404 secutiones,
438 1333 530 1408 quae
543 1309 733 1384 aDeciana
750 1327 982 1402 inceperunt,
1006 1326 1044 1384 et
1061 1330 1146 1382 cum
1160 1307 1419 1386 Deocletianea

85 1481 86 1486 ,
198 1406 383 1486 decennali
405 1406 530 1482 finitae
553 1402 651 1495 sunt,
675 1421 718 1478 te
738 1400 914 1478 Ecclesne
936 1402 1077 1502 periodi
1092 1403 1315 1481 constituunt
1331 1401 1413 1478 cha·

85 1549 88 1590 4
197 1503 393 1594 rablerem,
419 1523 508 1600 quae
524 1501 614 1575 aba.
641 1521 724 1591 aso
750 1497 879 1574 sesead
908 1521 994 1595 313.
1015 1498 1185 1609 porrigit,
1217 1498 1314 1577 fimul
1340 1499 1412 1574 bel·

85 1645 86 1660 ,
198 1603 245 1692 ii,
269 1603 371 1676 abin
397 1596 592 1672 emtoribus
608 1593 889 1685 suscitatum
905 1592 1130 1686 Christianis,
1156 1594 1199 1671 ad
1221 1617 1282 1669 eos
1296 1584 1415 1669 fundi}

86 1775 87 1778 ,
200 1718 257 1772 tus
296 1692 551 1792 exstrrprndos,
591 1690 816 1789 conspedlurn
849 1691 971 1766 habet.
1019 1688 1118 1790 Quae
1150 1690 1421 1789 persecutiones.

85 1841 92 1882 ;
199 1792 304 1892 panio
327 1787 524 1867 adcuratius
558 1785 636 1860 sunt
663 1785 903 1877 enarrandae,
942 1793 1055 1885 quoad
1077 1806 1245 1874 autores,
1283 1783 1420 1877 causas,

86 1973 87 1980 ἵ
144 1959 147 1968 ,
200 1889 367 1979 modurn,
408 1903 447 1960 et
478 1879 754 1958 circumstantias
785 1881 861 1958 loci
890 1903 933 1957 ac
975 1881 1154 1980 temporis.
1201 1885 1317 1957 Prima
1346 1880 1421 1962 fuit.

86 2067 90 2077 ,
202 1983 381 2071 Deciana,
407 1977 583 2147 quouspue
598 1977 780 2053 historiam
796 1975 1103 2090 persecutionum,
1121 1976 1290 2090 devulgo
1302 1976 1418 2087 ,diera-

85 2133 88 2176 ³
200 2077 472 2254 illidii?
494 2070 1422 2250 l{inlisisinlisis“iffi-‘lillis

85 2329 89 2373 ³
202 2273 243 2349 in
266 2195 637 2345 Pannoiia'orinndus
661 2194 815 2358 ennii,
853 2263 979 2340 virtuti
1004 2223 1092 2342 suae'
1108 2194 1284 2360 iiipeiium
1309 2265 1418 2346 debu-

85 2463 87 2469 ,
202 2367 247 2442 it.
301 2361 442 2444 Elestus
465 2359 517 2436 est
536 2383 560 2435 a
581 2359 753 2438 militibus
775 2361 814 2438 in
833 2359 996 2458 illyrico,
1021 2377 1058 2436 et
1085 2357 1252 2460 Philippo
1276 2361 1420 2453 Arabe,

203 2461 266 2562 qui
292 2479 417 2536 contra
437 2479 521 2534 eum
545 2459 733 2545 movebat,
755 2479 793 2531 a
814 2454 985 2530 militibus
1009 2459 1178 2532 Veronae
1209 2455 1419 2548 trucidato,

88 2557 91 2566 '
201 2558 347 2658 ejusque
373 2553 448 2628 filio
474 2576 494 2624 a
518 2549 770 2641 Praetorianis,
801 2551 1029 2626 confirmatus
1046 2550 1104 2627 ‘est
1134 2575 1215 2627 ann.
1244 2575 1346 2644 249„
1378 2572 1418 2630 ut

85 2717 87 2724 .
233 2649 373 2727 subavit
398 2647 557 2722 Pearson.
582 2646 619 2720 in
645 2646 771 2724 Annal.
797 2645 988 2744 Cypriam,
1011 2646 1070 2724 sed
1093 2646 1188 2724 haud
1209 2648 1272 2724 diu
1303 2647 1419 2725 tenuit

85 2754 86 2763 ’
202 2747 405 2846 inperium,
444 2764 524 2817 ann.
548 2742 644 2819 enirn
668 2745 744 2841 ejus
775 2745 844 2839 gris
880 2741 1072 2830 inchoato,
1112 2742 1151 2819 in
1184 2743 1418 2841 expeditione

199 2863 329 2923 contra
347 2840 506 2930 Gothos,
526 2838 719 2915 Thraciam
727 2839 996 2937 depopulantes,
1020 2838 1146 2915 misere
1162 2861 1243 2917 curu
1257 2841 1420 2921 exercitu
1544 2894 1557 2907 .

201 2940 342 3041 periit,
380 2958 461 3011 ann.
489 2954 571 3026 251.
660 2955 743 3025 uae,
776 2934 918 3009 aliunde
934 2953 1057 3031 nota,
1097 2937 1212 3009 verbo
1236 2932 1416 3013 suffecerit

202 3034 380 3134 adtigisse.
415 3030 584 3129 Princeps
601 3030 671 3106 furt
688 3028 830 3129 inperio
844 3030 966 3120 utilis,
1007 3052 1112 3128 quern
1135 3029 1299 3107 Aurelius
1324 3032 1413 3109 Vic·
1483 3122 1487 3128 .

207 3148 288 3223 tor,
323 3148 361 3205 et
378 3126 553 3216 Zosrrnus,
579 3132 709 3203 artibus
731 3128 853 3201 turdis
875 3142 908 3200 et
932 3127 1111 3201 uirtutibus
1141 3125 1324 3222 infimum
1357 3129 1417 3214 ad·

201 3229 355 3325 pellant,
391 3223 451 3299 sed
488 3221 688 3320 esfscrs'lu‘ls
718 3222 845 3297 animal
871 3218 1032 3297 Lustrat.
1056 3220 1102 3295 de
1124 3241 1231 3299 rnort.
1254 3224 1430 3315 Persee,

198 3341 350 3495 propter
369 3317 640 3491 1{aiethepuentiasn
662 3316 798 3419 seilicet
821 3314 1095 3419 persecutionis,
1121 3340 1225 3418 quarn
1250 3342 1328 3405 uon
1349 3309 1424 3401 ni'fi·

236 3446 310 3495 aus
331 3440 367 3492 sn
395 3459 399 3468 ·
429 3440 493 3492 ur.

223 3516 285 3614 ·§.
309 3514 399 3587 CLl.
433 3510 821 3611 Causam'inpellentem
845 3512 889 3585 ab
915 3511 1002 3587 odio
1025 3512 1134 3587 Decii
1157 3508 1195 3589 in
1212 3489 1414 3610 Philippum

203 3611 379 3710 Arabem,
418 3606 643 3682 decessorem.
658 3602 753 3705 ejus,
775 3607 834 3707 qui
850 3606 1054 3681 Christianis
1067 3602 1223 3701 inpense
1248 3604 1382 3693 faverat
1398 3668 1431 3706 ,ἱ

199 3702 338 3805 repetit
353 3700 433 3776 Eus.
457 3704 508 3776 H.
535 3701 603 3778 Vi:
631 3724 689 3799 39.
715 3700 777 3777 sed
798 3726 830 3776 a
853 3702 966 3777 nimia
984 3698 1412 3801 Christianorumcopia,

199 3800 246 3881 a'c
275 3793 464 3897 gentilismi
495 3797 746 3887 decremento,
783 3796 1043 3894 superstitionis
1083 3819 1104 3872 e
1135 3795 1299 3894 neglectu
1328 3802 1414 3881 inde

202 3918 307 3987 orto,
332 3894 483 3989 Gregor.
507 3892 686 4007 Nylienus
701 3892 739 3968 in
761 3893 835 3969 vita
851 3894 1021 3991 Gregorii
1076 3892 1309 3992 baumaturgi.
1336 3898 1414 3973 Ad·

202 3989 414 4070 dereliceat
438 3990 651 4068 calamitates
672 3989 850 4087 publicas,
875 3990 1001 4086 quibus
1021 3991 1219 4068 Romanurn
1235 3989 1416 4085 inperium

205 4088 437 4182 undequaque
459 4088 702 4182 premebatur,
745 4084 970 4162 Christianae·
994 4082 1160 4183 religioni
1191 4083 1346 4178 inputari
1362 4087 1417 4165 so·

210 4184 299 4266 fitur.
334 4180 584 4284 Erantutique
599 4180 678 4260 hoc.
687 4200 849 4277 tempore
872 4184 1098 4263 bubnmun
1112 4260 1116 4269 ,
1122 4181 1331 4280 populorum
1364 4185 1420 4261 in·

218 4275 343 4358 ··Tom·
364 4276 437 4354 ΙΙΙ.
716 4273 876 4357 Ddddd
1246 4274 1423 4373 curiones
