3609 5500
697 945 702 958 ·
804 904 913 991 Serui.
937 907 1011 991 III.
1115 937 1118 948 “
1448 925 1522 1017 633

301 1051 311 1080 Ι
709 1073 713 1082 .

275 1085 494 1175 ,iltemmrie
520 1099 652 1172 tantum
679 1084 816 1180 Iocum,
851 1114 929 1189 -quo
956 1095 1109 1192 martyrio
1134 1106 1167 1166 et
1185 1090 1396 1193 Martyriius
1420 1117 1520 1194 prae·

301 1189 467 1287 rogativa
499 1183 724 1282 expungendi
758 1206 903 1285 peccata
928 1192 1147 1267 conceditur.
1190 1192 1354 1287 cyprian.
1394 1216 1451 1288 ep.
1485 1200 1520 1271 8.

285 1286 347 1361 .ιά
373 1286 520 1381 Martyr.
543 1296 576 1352 et
592 1279 738 1376 'Conftffi
763 1282 873 1370 dicit,
904 1282 1071 1384 sanguine
1094 1299 1272 1380 martyrum
1286 1284 1391 1386 sopiri
1417 1286 1521 1383 flam·

309 1404 404 1470 mas,
436 1396 469 1453 at
494 1380 606 1471 ignat,
622 1380 804 1472 gehennae,
836 1380 975 1476 glorioso
1007 1402 1136 1454 cruore:
1170 1401 1208 1453 et
1232 1404 1337 1469 mox3
1375 1380 1519 1475 pretiosa

299 1478 383 1555 iaec
408 1497 493 1553 mart
519 1472 585 1572 est,
632 1495 712 1568 quaa
737 1477 814 1546 amit
837 1478 1104 1550 inmortalitatem
1125 1479 1226 1574 pretio
1240 1478 1299 1572 sui
1320 1475 1522 1576 sanguinis,

343 1596 384 1648 ae
417 1575 544 1663 accepit
573 1591 718 1645 coronam
757 1572 796 1646 io
835 1570 1099 1674 consummatione
1143 1576 1290 1649 uirtutir.
1346 1574 1402 1649 Ex
1439 1574 1518 1670 qui·

330 1692 389 1757 us,
415 1661 516 1743 srvet
531 1686 572 1736 ea
586 1684 809 1762 premantur,
835 1669 923 1743 ninii
948 1671 1040 1748 aliud
1058 1669 1255 1766 colligitur,
1280 1692 1403 1766 quant,
1432 1670 1522 1745 sicut

303 1762 402 1842 iuter
421 1762 562 1856 pretium
584 1779 617 1833 at
644 1784 801 1852 inertem,
825 1761 874 1836 ita
890 1763 985 1840 inter
1007 1765 1151 1863 pietatis
1176 1783 1214 1839 et
1245 1764 1439 1857 charitatis,
1460 1767 1522 1840 de·

301 1856 594 1940 monstrationem
612 1878 653 1928 ac
670 1858 888 1953 praemium,
920 1866 1150 1959 proportionem
1166 1861 1365 1953 obseruari,
1392 1863 1443 1938 ita
1459 1882 1520 1951 ut.

305 1954 369 2056 qui
393 1952 540 2030 muitum
567 1953 758 2046 laboravit,
783 1956 917 2051 majore
941 1977 1133 2031 coronetur
1157 1958 1336 2053 praemio:
1363 1980 1433 2054 quo
1452 1961 1522 2033 cla·

304 2072 349 2128 te
373 2048 506 2139 tendit,
539 2047 655 2149 quod,
688 2071 750 2122 eoo
767 2074 913 2129 coronam
940 2056 1086 2150 accipere
1102 2053 1192 2128 dicit
1216 2055 1252 2125 te
1278 2050 1530 2148 consummati&

305 2169 349 2223 nt
373 2147 517 2223 uirtutis.
565 2143 623 2217 Ad
653 2143 775 2221 vivum
810 2146 930 2244 itaque
966 2172 1038 2223 non
1072 2149 1150 2222 sunt
1180 2144 1387 2223 resecandae
1420 2152 1525 2248 phra-

304 2239 381 2332 scr,
405 2263 486 2318 cum
510 2236 605 2313 stilus
628 2237 670 2312 srt
708 2240 979 2342 hyperbolicur,
1019 2264 1056 2326 et
1090 2243 1220 2319 Christi
1253 2245 1386 2321 neritii
1422 2246 1526 2338 aliu.

301 2356 429 2412 contra
443 2336 618 2412 Veterum
634 2355 808 2428 mentem,
834 2357 954 2435 aperte
971 2340 1294 2416 contradiceretur:
1325 2340 1424 2415 addit
1450 2343 1521 2415 uti·

333 2455 378 2507 ue
406 2430 630 2531 Cyprianus,
658 2432 838 2529 Christum,
878 2439 935 2530 qui
955 2454 1012 2529 pro
1034 2439 1125 2509 nobis
1147 2453 1278 2508 mortam
1292 2434 1398 2534 semei
1423 2440 1529 2527 uicit,

295 2453 431 2632 Jtmper
451 2531 577 2603 uincam
600 2530 633 2599 in
657 2531 759 2604 nobis.
807 2529 891 2609 Nec
914 2528 1053 2628 insolita
1075 2529 1127 2603 est
1151 2529 1218 2603 isto
1235 2532 1330 2606 sensu
1344 2536 1445 2624 pretii
1459 2557 1526 2607 no·

300 2624 387 2714 aio,
412 2646 495 2698 cum
520 2623 533 2695 i
562 2620 594 2697 sa
621 2624 866 2698 catechumeni
892 2624 1115 2721 poenitentia
1138 2627 1309 2725 ejusmodi
1334 2630 1535 2725 adpellatun

261 2731 264 2736 '
301 2722 492 2825 pretiuma
549 2718 683 2807 emuli,
715 2738 753 2794 et
780 2721 924 2800 ebaritas
948 2722 991 2794 ab
1007 2720 1106 2812 atris,
1149 2722 1202 2796 uti
1227 2741 1351 2797 notum
1376 2722 1447 2799 est:
1480 2748 1528 2801 eo
1575 2793 1577 2796 .

306 2837 429 2897 autem
457 2811 599 2887 nomine
624 2814 737 2905 venit,
764 2817 845 2914 qnia
868 2840 887 2890 a
915 2815 1017 2890 nobis
1037 2818 1168 2915 aliquid
1193 2816 1432 2915 praestandum
1452 2819 1529 2913 est,

305 2931 497 3007 antequam
524 2914 771 3006 consequuntur
793 2913 1010 3009 praemium,
1038 2937 1108 2988 non
1126 2914 1206 3009 quia
1229 2918 1360 3009 aequale
1377 2914 1449 3006 est,
1485 2936 1527 2994 et

294 3013 481 3087 'merirum
505 3027 548 3079 ex
567 3008 673 3083 condi
701 3030 759 3083 no.
812 3011 953 3086 Interea
978 3010 1099 3104 negari
1123 3007 1265 3104 nequit,
1292 3011 1446 3083 Veteres
1463 3010 1527 3083 hie

300 3101 456 3181 ¹arraudum
477 3123 548 3175 non
575 3030 743 3190 tendite,
779 3102 927 3175 nimium
961 3126 1100 3200 quoque
1127 3106 1292 3200 operibus
1324 3103 1523 3195 charitatis,
1590 3146 1592 3151 ·

305 3201 348 3282 in
367 3195 484 3296 specie
501 3201 678 3296 martyrio,
706 3196 937 3294 adscripsisse,
962 3196 1144 3294 ansamque
1171 3196 1364 3294 praebuiffe
1382 3198 1527 3296 ορὶιιίο·Ι

307 3294 368 3376 nir·
390 3294 435 3369 de
458 3296 601 3384 meritis,
630 3294 774 3391 proprie
799 3293 927 3383 dietis,
951 3317 1038 3389 quae
1063 3292 1185 3390 postea
1212 3291 1374 3369 invaluit.

295 3404 299 3413 '
358 3390 390 3490 I.
416 3390 587 3467 XXXIII.
620 3389 755 3485 Utique
777 3411 839 3463 eor
862 3389 907 3462 de
932 3391 1131 3486 Martyrum
1157 3388 1292 3462 meritis
1315 3388 1386 3485 jum
1416 3391 1523 3470 nimia
1651 3412 1656 3431 ⁸

304 3513 364 3569 ma
391 3485 499 3564 nifice
525 3486 662 3563 locutos
687 3484 775 3574 effe,
807 3503 845 3557 et
869 3485 1052 3582 opinatos,
1085 3483 1222 3557 aliunde
1248 3509 1385 3582 qnoque
1409 3506 1523 3583 patet.

309 3612 345 3667 1.
415 3579 580 3681 artyn'um
598 3604 678 3658 cum
694 3582 867 3675 baptismo
883 3599 1135 3677 conpararunt,
1161 3579 1246 3676 quin
1260 3583 1521 3677 praetulerunt:

307 3679 469 3777 supplere
491 3676 656 3750 dinerunt
683 3677 845 3772 baptismi
869 3676 1008 3766 vicem,
1034 3678 1112 3766 vet,
1145 3673 1267 3771 siquis
1279 3677 1350 3771 jam
1367 3678 1521 3770 baprIza·

288 3756 368 3866 ’,ωε
396 3773 456 3865 sit,
496 3773 572 3871 ejur
600 3773 809 3867 baptismum
832 3771 1093 3858 consummare,
1127 3788 1164 3839 et
1189 3769 1330 3841 veniam
1356 3792 1523 3875 peccato·

288 3887 404 3965 hrum,
424 3866 502 3968 post
513 3865 754 3954 admissorunn,
772 3862 959 3952 conferre3
976 3864 1118 3950 sedeo,
1135 3862 1425 3955 quomododrxi‚
1445 3864 1522 3940 sen·

302 3972 356 4049 su.
391 3962 542 4042 Terruit.
568 3961 614 4037 de
641 3962 736 4056 bapt.
761 3983 794 4035 c.
822 3967 878 4034 16.
902 3961 955 4034 hir
978 3957 1026 4055 est
1050 3956 1249 4054 baptismus,
1280 3960 1333 4055 qui
1360 3962 1528 4036 lavacrum

303 4084 338 4149 et
364 4088 426 4141 non
450 4073 617 4156 acceptum
640 4055 878 4157 repraesentat,
903 4071 936 4128 ar
959 4057 1120 4149 perditum
1141 4054 1255 4130 reddit.
1307 4052 1392 4130 Vid.
1417 4061 1524 4132 etde

290 4156 471 4257 ¹martyrii
495 4154 668 4252 baptismo
685 4151 919 4250 praeferendo
942 4152 1079 4225 lavacro
1100 4172 1230 4246 aquae,
1265 4169 1303 4224 ct
1330 4174 1375 4224 eo
1407 4149 1524 4228 effica-

309 4279 439 4343 ciore,
466 4251 613 4349 Origen.
639 4251 751 4327 Hom.
777 4249 864 4324 VII.
890 4248 928 4321 In
945 4249 1062 4321 librum
1073 4245 1257 4340 Judicum3
1281 4264 1321 4319 ut
1336 4264 1374 4317 et
1389 4244 1432 4315 de
1450 4271 1527 4320 mo.

283 4357 364 4449 ,dis
407 4346 615 4428 remiffionir
652 4361 985 4518 peccatorunilpler
1017 4341 1256 4439 baptismum,
1301 4340 1529 4434 martyrium,

283 4460 295 4485 “
331 4443 446 4532 Tam.
470 4441 543 4525 ΙΙΙ.
1378 4436 1530 4529 clettam
