3609 5500
334 875 344 884 .
1249 842 1251 847 ⁸
1286 809 1322 875 ν’·

802 926 914 1030 derat.
940 928 1014 1007 III.
1442 926 1526 1036 ire}

289 1110 500 1198 observem,
542 1106 700 1201 Spiritum
735 1128 807 1182 non
829 1109 920 1186 dicit
947 1112 988 1185 ,de
1012 1108 1083 1185 Deo
1107 1122 1240 1200 nerum,
1278 1109 1333 1187 uti
1358 1116 1516 1191 nonnulli

290 1224 533 1301 acceperunt,
580 1204 635 1276 sed
664 1226 754 1292 eunt,
791 1207 849 1300 qui
873 1209 1026 1301 Spiritus
1049 1204 1119 1292 est,
1163 1207 1208 1277 de
1235 1210 1370 1303 Spiritu
1394 1230 1517 1303 natus,

290 1304 454 1379 ,adfirmat
478 1301 522 1373 de
540 1300 621 1370 Deo
639 1323 778 1397 quoque
794 1300 863 1376 effe
892 1322 1031 1391 netum,
1057 1301 1139 1397 quia
1157 1301 1304 1397 Spiritus
1329 1306 1381 1379 est
1401 1307 1514 1380 Deus:

291 1398 383 1470 dicit
407 1415 521 1469 autem
549 1417 619 1465 non
645 1414 777 1484 nerunt,
801 1395 858 1468 sed
879 1414 1000 1485 natus,
1035 1398 1114 1491 quia
1138 1398 1246 1469 modo
1272 1422 1352 1471 eum
1379 1401 1516 1477 dixerat

289 1496 463 1583 ‚Spiritum
511 1491 646 1563 Eodem
673 1492 780 1563 modo
805 1491 959 1565 instituit
981 1492 1205 1566 Novatianus
1233 1492 1270 1564 in
1294 1494 1373 1567 libr.
1400 1500 1437 1567 de
1461 1522 1513 1569 re·

247 1639 250 1643 ι
285 1592 372 1688 gula
381 1589 486 1682 fidei,
520 1586 563 1658 de
603 1610 649 1658 uo
667 1586 767 1681 post,
792 1586 853 1660 ubi
868 1589 1024 1683 pluribus
1039 1612 1116 1684 cap.
1135 1586 1361 1663 divinitatem
1379 1589 1540 1677 Christi,

293 1709 339 1759 ex
357 1686 405 1757 V.
433 1700 471 1754 et
487 1682 537 1756 N.
603 1734 611 1752 .
639 1684 783 1779 egregie
807 1682 1040 1772 demonstrat,
1066 1706 1134 1757 nec
1160 1704 1275 1757 tamen
1299 1686 1455 1778 Spiritum
1470 1688 1507 1763 Sa

292 1800 352 1856 aut
372 1782 489 1852 Deum
504 1777 673 1872 adpellem,
693 1800 751 1851 aut
769 1777 845 1877 ejus
861 1778 1085 1852 divinitatem
1102 1780 1260 1875 expresse
1277 1780 1310 1852 ei
1328 1780 1510 1873 vindicat;

292 1894 431 1958 tantum
447 1897 479 1949 c.
500 1894 557 1962 29.
584 1873 727 1967 Spiritus
743 1876 778 1948 S.
802 1875 943 1949 divinem
966 1893 1136 1947 memorat
1149 1878 1398 1950 aeternitatem:
1423 1895 1512 1974 quae

292 1971 470 2068 fingularis
495 1968 546 2040 est
579 1966 729 2062 phrase,
770 1985 807 2040 et
834 1970 909 2064 plus
941 1970 1117 2058 involvit,
1157 1994 1258 2066 quam
1292 1972 1345 2044 rei
1371 1991 1511 2047 creatae

288 2067 477 2164 competit.
529 2064 712 2138 Minorem
739 2082 857 2139 tamen
881 2064 1019 2138 Christo
1044 2065 1113 2138 effe
1135 2063 1225 2139 dicit
1250 2089 1281 2139 c.
1309 2088 1367 2157 24.

339 2158 541 2261 §XXVIL
597 2157 651 2234 Hi
702 2157 765 2255 ipsr
810 2178 927 2233 tamen
972 2180 1111 2233 autores
1154 2163 1291 2233 Patrem
1327 2164 1424 2235 inter
1466 2177 1506 2239 et

288 2260 420 2334 Filium
446 2255 496 2328 ita
518 2249 772 2345 distinxerunt,
805 2256 919 2350 quoad
946 2257 1088 2329 modurn
1119 2252 1339 2347 subristendi,
1381 2278 1421 2331 ut
1445 2260 1509 2334 Pa·

287 2374 346 2432 ter
371 2352 413 2426 srt
436 2350 526 2424 Filio
552 2349 679 2443 major:
721 2350 813 2446 quod
842 2351 964 2445 paucis
988 2350 1182 2447 Cyprianus
1196 2353 1262 2448 Ep.
1288 2353 1350 2426 cit.
1375 2354 1418 2427 ad
1440 2356 1503 2449 Ju·

257 2451 402 2531 'baiam
428 2463 465 2518 et
488 2444 526 2517 in
559 2443 616 2516 lib.
642 2445 686 2517 de
714 2444 886 2520 Patientia
909 2446 948 2520 in
972 2446 1023 2519 fin
1056 2446 1240 2540 expreffit,
1273 2446 1394 2541 dicens
1442 2450 1509 2521 Par

288 2562 339 2620 ter
356 2543 454 2622 ¹Deus
476 2541 639 2637 praecepit
666 2540 783 2614 Filium
797 2539 896 2637 suum
931 2544 1082 2629 adoram
1126 2542 1186 2639 qui
1210 2542 1254 2614 de
1279 2541 1424 2639 Spiritu.
1449 2546 1509 2635 S.,
1596 2610 1598 2613 .

287 2660 452 2737 tanquam
469 2636 605 2708 minore
625 2635 784 2726 christo,
811 2640 877 2744 Ep.
906 2660 964 2729 74.
989 2637 1031 2711 ad
1053 2638 1259 2735 Pompejrrm
1277 2661 1416 2735 quoque
1440 2639 1502 2711 '10⁴

290 2736 431 2835 quitur:
465 2732 523 2807 sed
542 2730 696 2826 pluribus
720 2752 757 2804 et
774 2733 897 2806 danus
913 2730 1147 2809 Novarianus.
1188 2733 1248 2806 Sic
1272 2757 1349 2829 cap.
1376 2757 1434 2828 23.
1461 2755 1507 2811 ex

317 2831 446 2906 rofeffo
467 2845 591 2903 contra
614 2850 676 2899 eos
702 2827 875 2924 disputat,
900 2829 959 2923 qui
983 2831 1119 2902 Patrem
1145 2847 1182 2901 et
1207 2829 1333 2902 Filium
1356 2829 1526 2905 consum*

286 2933 441 3015 debant,
464 2947 551 3023 quos
575 2926 780 2998 divinitatem
801 2923 930 2996 Christi
948 2923 1068 2997 feciffe
1091 2930 1222 2998 nimiam
1246 2925 1426 3015 adfirmat,
1451 2925 1506 2999 di·
1579 2972 1582 2977 -

286 3026 434 3121 eitque,
463 3044 523 3094 eos
548 3021 781 3098 ultramodum
806 3022 975 3092 extendere
1007 3023 1136 3093 honores
1163 3018 1299 3116 Clrrisdr',
1364 3020 1400 3092 ui
1424 3042 1505 3094 eum

247 3138 251 3145 '
290 3121 399 3197 Deum
420 3117 552 3190 Putrem
576 3133 721 3209 putant,
755 3134 792 3186 et
817 3138 920 3203 mox,
946 3139 997 3187 eos
1020 3114 1217 3210 ffrenarius
1244 3130 1277 3184 et
1306 3045 1375 3211 effla
1391 3135 1442 3184 rus
1468 3118 1504 3187 in

288 3211 637 3308 Cirriliedirr'nitarern
668 3211 824 3304 confiteri.
875 3212 1056 3284 Praeterea
1086 3231 1118 3282 c.
1155 3214 1212 3284 26.
1245 3231 1324 3281 eum
1356 3207 1506 3304 adpellat

277 3312 457 3416 secundam
478 3307 645 3404 persenam
665 3306 736 3403 post
751 3309 904 3380 Patrem:
930 3329 1000 3401 quo
1017 3324 1054 3377 et
1078 3302 1210 3394 didiurn
1229 3301 1356 3379 Christi
1373 3303 1505 3395 refert,

245 3396 254 3407 ³
289 3413 392 3484 Pater
413 3428 464 3478 rne
488 3408 592 3499 major
615 3399 681 3493 est:
717 3403 829 3475 rursus
853 3424 883 3475 c.
914 3423 970 3474 22.
996 3400 1142 3488 Filium,
1177 3398 1236 3473 ubi
1252 3398 1293 3496 se
1316 3417 1347 3473 et
1370 3402 1506 3478 Patrem

286 3498 452 3590 nominat,
478 3498 583 3586 dicit,
601 3496 641 3593 se
669 3521 690 3567 a
703 3504 842 3590 paterna
859 3499 1052 3571 auderirate
1077 3497 1260 3584 decernere,
1284 3521 1343 3570 non
1360 3513 1506 3570 tantum·

287 3603 377 3676 enode
399 3598 436 3668 de
455 3593 536 3690 seno
559 3596 714 3681 nominis,
738 3591 924 3693 sedetiam
947 3593 984 3664 de
1007 3594 1115 3665 ordine
1131 3589 1298 3690 dffprsttae
1309 3591 1503 3690 potestatis:

287 3717 408 3784 enum,
433 3691 517 3765 ibid.
544 3711 682 3785 quoque
706 3687 814 3777 dicit,
846 3688 978 3763 Patrem
1001 3709 1034 3761 rr
1062 3687 1180 3761 Filium
1200 3706 1258 3782 per
1284 3689 1506 3780 concordiam,

286 3813 426 3875 emerem
448 3804 481 3860 rr
503 3787 714 3859 diledienern:
748 3783 806 3856 sed
834 3807 922 3878 quae
952 3784 1092 3856 unionis
1116 3781 1307 3869 adtributa,
1340 3802 1396 3854 tan
1424 3805 1505 3857 uana

259 3908 338 3970 ,ex
370 3883 523 3981 ejusdem
558 3877 723 3951 effentiae
757 3876 889 3951 unione
916 3878 1081 3963 fluentia,
1124 3873 1371 3949 consideranda
1399 3806 1501 3953 iant:
1573 3964 1576 3968 Α

289 3979 579 4060 communionem
598 3973 692 4047 enim
710 3970 861 4068 ejusdem
879 3971 1044 4046 effentiae
1062 3968 1211 4047 statuisse
1234 3970 1504 4065 Novatianum,

288 4074 471 4154 universus
495 4074 569 4168 ejus
593 4070 681 4143 liber
708 4065 871 4154 testatur,
906 4090 990 4139 mon
1016 4068 1124 4140 etiam
1146 4066 1343 4164 subjungit,
1377 4083 1409 4139 er
1431 4090 1505 4164 qno·

287 4179 384 4251 niam
417 4195 459 4243 ex
483 4171 585 4244 Patre
618 4164 683 4261 est,
725 4165 871 4259 quicquid
900 4165 953 4235 ille
982 4161 1030 4260 cst
1070 4161 1134 4261 (fic
1172 4165 1266 4234 enim
1301 4162 1505 4262 legendum,

286 4293 361 4369 apro
386 4267 487 4355 illud,
511 4264 584 4339 vid.
611 4281 648 4335 et
669 4282 699 4334 c.
728 4256 804 4355 23.)
828 4259 930 4332 rtem
948 4260 1013 4355 est,
1039 4273 1184 4333 manente
1204 4275 1310 4332 tamen
1331 4256 1506 4354 distindr'o.

288 4391 333 4452 ne
356 4381 427 4444 etc.
461 4360 590 4448 Statuit
604 4354 897 4528 itaqueffliriffi
905 4354 1053 4534 {aiginis
1068 4353 1228 4459 respettu
1246 4353 1317 4432 effe
1333 4356 1433 4529 Par?
1452 4355 1507 4461 ins

261 4476 293 4517 ’ἒ
987 4473 1012 4531 2
1415 4469 1510 4545 CUO:
