3609 5500
1577 753 1585 770 'u

704 971 709 979 ’
826 972 934 1054 Serus.
959 973 991 1052 L
1476 1005 1526 1087 35

295 1158 447 1260 pressus,
475 1154 512 1230 se
540 1155 615 1252 ipse
633 1151 871 1253 strangulavit.
920 1160 974 1231 Ex
1001 1179 1070 1252 quo
1095 1155 1279 1251 elucescit,
1303 1164 1427 1259 Judam
1446 1195 1520 1249 non

297 1282 337 1331 ex
366 1256 456 1328 odio
485 1251 636 1342 Christi,
660 1256 848 1349 animoque
871 1253 1012 1340 hostili,
1039 1273 1097 1324 aut
1118 1253 1320 1350 incredule,
1345 1264 1404 1338 sed
1428 1267 1519 1344 lucri

293 1352 511 1449 cupiditate,
549 1371 632 1421 eum
666 1349 876 1444 prodidisse,
919 1353 1101 1446 opinatum
1134 1373 1293 1447 quoque,
1334 1359 1392 1433 vel
1416 1384 1517 1455 eum,

293 1452 423 1546 quippe
447 1443 574 1517 nullius
593 1443 751 1517 criminis
766 1468 889 1533 reum,
915 1446 1220 1519 condemnandum
1237 1449 1276 1522 in
1289 1451 1427 1546 judicio
1444 1481 1518 1536 non

290 1546 378 1633 ess'e,
405 1542 467 1615 vel
494 1541 565 1613 sese
590 1537 692 1613 facile
709 1542 934 1615 liberaturum
951 1541 1033 1614 ess'e.
1082 1542 1188 1636 Cujus
1203 1547 1417 1622 contrarium
1434 1575 1516 1628 curn

290 1638 460 1715 accidisse
480 1637 717 1725 intellexerit,
740 1636 1019 1735 desperabundus
1036 1634 1099 1709 srbi
1116 1659 1235 1711 manus
1254 1640 1395 1735 intulit,
1420 1649 1515 1743 post·

310 1761 394 1810 uam
420 1734 458 1807 se
481 1733 766 1824 condemnasset,
791 1753 827 1806 et
853 1731 1028 1805 Christum
1055 1730 1256 1809 declarasset
1271 1735 1514 1821 innocentem.

288 1762 374 1931 iguo
399 1828 529 1904 mortis
558 1851 691 1925 genere
717 1829 824 1902 suerit
848 1852 869 1901 e
895 1828 990 1901 vivis
1014 1828 1184 1915 sublatus,
1210 1832 1314 1928 longa
1337 1834 1389 1909 est
1417 1837 1515 1920 inter

288 1927 427 2003 noetus
455 1924 669 2020 disputatio,
701 1949 747 1999 ex
768 1923 877 1998 dubio
901 1923 1004 1998 verbi
1031 1924 1194 2020 ἀπὲγξατο
1219 1928 1326 2004 Matt.
1353 1932 1511 2012 XXVII:

294 2047 330 2115 5.
363 2020 580 2120 significatu,
620 2044 690 2118 quo
721 2039 759 2093 et
784 2019 1076 2112 suffocationem,
1119 2042 1157 2095 et
1191 2022 1446 2118 suspensionem
1469 2055 1512 2117 ac

292 2117 626 2217 strangulationem,
665 2117 831 2207 denotat,
872 2138 916 2190 ac
945 2117 1136 2191 collatione
1171 2141 1252 2193 cum
1287 2120 1368 2197 Asi.
1393 2128 1424 2200 1:
1453 2137 1509 2207 18.

292 2235 391 2288 orto:
433 2235 540 2310 quam
566 2209 725 2297 hicnon
755 2210 952 2310 ingrediar,
992 2217 1104 2288 verbo
1137 2215 1270 2291 notasse
1291 2237 1511 2313 contentus,

290 2310 434 2407 Judarn,
474 2310 598 2405 laqueo
624 2308 660 2382 se
689 2308 979 2404 suspendentem,
1019 2332 1171 2405 pronum
1193 2311 1232 2385 in
1254 2310 1384 2388 faciem
1408 2317 1510 2390 incu-

291 2406 419 2497 buisse,
456 2422 496 2479 ut
519 2403 646 2477 fortius
669 2403 797 2478 adstrin
823 2421 922 2494 eret,
961 2428 1070 2500 eaque
1105 2407 1261 2496 ratione,
1303 2411 1359 2483 vel
1386 2411 1511 2507 laqueo

290 2502 424 2594 sueto,
460 2498 500 2574 iu
522 2499 652 2573 faciem
678 2428 864 2587 decidiise,
895 2523 937 2573 ac
960 2520 1123 2574 ventrem
1145 2502 1246 2577 fuisse
1270 2503 1402 2594 srlsum,
1427 2512 1509 2601 vel,

288 2600 416 2674 divino
447 2595 587 2693 judicio
611 2596 790 2671 anxietate
822 2596 954 2670 summa
978 2598 1199 2692 oppressum,
1239 2601 1411 2695 crepuisse
1436 2610 1509 2679 nte-⁴

288 2696 397 2771 dium.
451 2693 560 2788 Cujus
588 2690 766 2791 singrdaris
798 2692 893 2769 casus
924 2690 1059 2767 Divina
1090 2692 1232 2770 curavit
1256 2699 1511 2794 providentia,

288 2814 328 2868 nt
352 2790 537 2892 publicum
563 2788 759 2882 erigeretur
781 2810 1071 2881 monumentum,
1112 2791 1148 2867 in
1172 2815 1260 2888 agro
1287 2816 1331 2866 ex
1356 2800 1509 2890 pecunia

291 2887 527 2988 proditionis,
566 2884 700 2981 aJuda
732 2887 768 2961 in
797 2887 990 2982 Templum
1013 2884 1142 2978 effusa,
1169 2909 1268 2963 emto
1296 2888 1333 2961 in
1357 2893 1508 2988 sepultu-

289 3010 366 3061 ram
390 2981 683 3082 peregrinorum,
716 2983 825 3080 Mart.
851 2972 1007 3059 XXVis.
1033 3002 1070 3056 et
1093 2984 1175 3060 Asi.
1201 2988 1230 3058 Ι.
1257 2985 1340 3059 inde
1364 2994 1508 3065 Akelda·

288 3108 370 3171 ma,
393 3103 440 3155 ex
570 3097 608 3153 et
633 3096 740 3169 pam,
765 3103 844 3172 agro
862 3079 1060 3175 sanguinis,
1086 3081 1269 3175 adpellat0.
1320 3081 1401 3178 Quo
1424 3112 1507 3191 pro·

320 3174 426 3249 hetia
454 3174 556 3248 Zach.
575 3177 640 3248 XI:
671 3196 730 3262 12,
760 3197 837 3265 13.‚
870 3176 953 3245 alibi
981 3173 1172 3265 explicita,
1213 3175 1319 3244 etiam
1345 3178 1507 3270 belgice,

284 3297 328 3349 an
357 3267 642 3344 adlirSoeietatis
657 3265 889 3343 Hollandicae
914 3268 1071 3341 Harlem.
1115 3266 1308 3365 (Jeremiae
1332 3270 1427 3346 enim
1444 3298 1507 3348 no·

281 3391 371 3540 mstffl
392 3390 440 3442 ex
453 3368 634 3464 margine,
664 3364 756 3443 vitio
774 3361 928 3455 librarii,
955 3363 993 3438 in
1012 3381 1150 3438 textum
1167 3358 1348 3460 irrepsrt‚)
1374 3365 1508 3467 inpleta

282 3490 345 3542 e.

284 3572 290 3581 ‘
333 3563 366 3665 5
391 3560 581 3636 LXXXII.
623 3559 681 3633 Ad
703 3557 917 3656 praetorium
941 3555 1109 3631 Praesidio
1137 3581 1216 3631 cum
1243 3556 1418 3636 Christum
1445 3566 1505 3640 ad·

289 3656 490 3747 duxissent,
515 3660 551 3731 in
577 3655 683 3732 initio
709 3655 857 3729 aPilato
880 3652 1097 3741 sententiae,
1122 3678 1142 3726 a
1166 3654 1201 3727 se
1224 3655 1335 3742 latae,
1362 3659 1505 3736 exsecu.

284 3757 446 3843 aionem,
472 3775 573 3827 more
590 3754 754 3825 Romano
777 3749 994 3837 faciendam,
1021 3748 1259 3845 postulartrnt3
1285 3748 1364 3842 sed,
1392 3755 1506 3833 Pilato

285 3866 498 3949 regerente,
523 3868 563 3922 ut
582 3847 645 3945 ipsr
670 3866 755 3919 tunc
771 3845 855 3920 illud
870 3845 1024 3932 saciant,
1049 3845 1237 3919 secundum
1256 3845 1350 3920 suam
1368 3850 1504 3946 legem,

288 3948 369 4047 ipsis
392 3969 488 4021 vero
519 3943 590 4017 sese
613 3942 898 4030 excusantibus,
917 3959 1105 4039 praetextu
1128 3940 1233 4014 status
1255 3940 1307 4014 sui
1334 3947 1504 4042 obnoxii,

279 4047 345 4120 cui
373 4043 410 4118 id
437 4043 678 4141 repugnabat,
719 4062 800 4113 cum
835 4035 897 4112 sibi
935 4059 1086 4133 poenam
1120 4036 1305 4132 capitalem
1339 4040 1505 4138 infligere
1635 4107 1645 4127 .,

291 4165 361 4216 non
390 4138 541 4229 liceret,
572 4137 632 4211 sed
657 4159 765 4225 vere,
790 4135 871 4230 quia
894 4131 1090 4242 Christum,
1120 4150 1280 4229 tanquam
1305 4120 1506 4235 Majesiatia

296 4237 395 4311 laesae
412 4259 539 4323 reum,
566 4234 774 4306 crucifixum
792 4231 979 4320 volebant,
1004 4250 1057 4302 uti
1074 4227 1154 4322 Joh.
1178 4232 1342 4321 XVHL,
1369 4233 1428 4327 qui
1449 4238 1501 4309 so·

300 4331 346 4405 lua
381 4333 452 4407 hoc
516 4330 644 4404 rimum
674 4326 886 4424 colloquium
920 4349 998 4400 cum
1033 4325 1144 4398 Pilato
1179 4347 1323 4414 narrat,
1374 4329 1506 4404 diserte

283 4426 455 4523 *tetum
483 4356 822 4526 fudicunpersona
844 4422 1020 4594 deff⁰fit²’
1045 4441 1085 4500 et
1110 4422 1502 4598 accusatorunghsuirpta,

272 4562 286 4597 n
401 4542 411 4564 ¹
468 4574 471 4581 ·
933 4541 955 4614 3
1382 4539 1398 4590 Γ
1444 4548 1503 4605 Um
1564 4544 1569 4557 '
