3609 5500
274 958 326 1046 '52
665 937 809 1039 sisteris
827 936 959 1038 *Ecilefi
987 937 1100 1039 Clirist.

189 1127 224 1176 '·
278 1126 393 1204 losio
416 1144 457 1199 ea
484 1118 661 1196 fundanda
676 1143 729 1194 ¹ac
751 1118 975 1216 gubernanda
1000 1119 1204 1289 praecipuas
1222 1113 1402 1199 habituros
1418 1148 1507 1223 par·¹

279 1245 355 1313 tes,
396 1219 551 1297 clavibus
583 1217 715 1314 quippe
741 1215 786 1289 iis
815 1213 1022 1307 commissis,
1055 1217 1114 1289 illu
1148 1271 1159 1305 ,
1199 1216 1359 1314 inquam,
1388 1245 1497 1299 omne

281 1316 532 1404 antefecerit,
559 1337 659 1409 quam
683 1311 876 1386 violentam
894 1312 988 1384 suam
1014 1332 1165 1387 mortem
1189 1317 1371 1410 exposuit,
1395 1317 1497 1395 simul

278 1412 591 1498 resurreslionem,
627 1410 719 1498 intra
743 1407 899 1481 triduum
925 1407 1097 1498 suturam,
1122 1408 1268 1485 addidit.
1318 1417 1407 1488 Cum
1435 1440 1495 1490 au·

279 1531 354 1585 tem
386 1532 431 1583 ne
463 1507 510 1580 fic
538 1505 680 1602 quidem
705 1504 795 1577 han‘c
818 1503 1091 1577 declarationem
1121 1504 1279 1597 ferrent,
1312 1510 1436 1584 Petrus
1459 1512 1497 1586 se

279 1623 499 1704 opponeret,
525 1624 660 1674 viarum
679 1599 749 1673 Dei
767 1599 871 1671 nimis
893 1599 1007 1673 adhuc
1025 1599 1184 1696 ignarus,
1208 1603 1405 1696 Dominus,
1429 1606 1496 1680 Pe·

207 1776 210 1781 .
278 1723 337 1776 tro
364 1699 564 1795 increpito,
590 1693 717 1792 partim
735 1696 780 1767 ob
800 1693 921 1766 oculos
937 1694 1076 1788 posuit,
1101 1715 1321 1794 quantopere
1337 1700 1371 1774 se
1388 1700 1495 1775 abbe·

279 1822 364 1896 gare
391 1795 565 1880 debeant,
596 1790 621 1865 si
644 1787 832 1886 discipulos
858 1789 936 1863 suos
961 1789 1032 1864 sese
1059 1790 1231 1889 praestare
1260 1795 1392 1886 velint,
1417 1822 1498 1893 par·

278 1896 348 1976 tim
383 1914 446 1968 eos
480 1886 596 1962 erexit
631 1885 691 1982 spe
724 1883 1035 1976 remunerationis,
1075 1906 1112 1960 et
1136 1887 1270 1983 gloriae
1303 1890 1381 1965 suae
1442 1894 1498 1970 ost

278 2008 433 2065 mortem
466 1987 570 2059 suam.
621 1982 721 2081 Quae
756 1980 876 2056 omnia
909 1979 1015 2055 fusius
1043 2006 1182 2078 quoque
1208 1984 1247 2057 in
1277 1985 1499 2065 sermonibus

277 2086 341 2162 cit.
368 2078 590 2179 pertractavi.

325 2181 356 2280 §.
381 2180 439 2250 Ll.
483 2175 562 2278 Qua
593 2172 631 2247 in
655 2173 725 2247 fide
753 2192 789 2247 et
821 2174 880 2269 spe
906 2192 945 2247 ut
973 2174 1284 2249 corroborarentur
1310 2176 1498 2275 Apostoli,

276 2298 400 2353 eorum
428 2296 471 2343 ue
494 2268 601 2343 animi
627 2271 866 2366 erigerentur,
893 2268 1067 2358 Christus,
1095 2270 1206 2345 tribus
1230 2270 1348 2346 secum
1373 2276 1499 2353 sumtis

278 2298 479 2467 discipiiiis‚
514 2365 678 2454 Simone,
718 2364 880 2460 Johanne
904 2383 941 2436 et
968 2365 1123 2459 Jacobo,
1156 2386 1316 2442 montem
1340 2367 1378 2443 in
1403 2372 1498 2456 vici·

276 2469 338 2545 nia
369 2460 595 2549 conscendit,
620 2459 713 2532 etin
737 2482 781 2531 eo
801 2482 919 2557 coram
943 2460 1098 2555 ipsorum
1116 2458 1226 2534 oculis
1241 2453 1366 2537 divino
1383 2465 1500 2564 splen·

276 2567 365 2640 dore
389 2556 617 2632 circumfusus
640 2554 711 2646 est,
736 2555 859 2629 Moses
885 2574 922 2628 et
948 2554 1059 2646 Elias,
1083 2555 1127 2627 de
1151 2558 1253 2631 coelo
1279 2559 1388 2651 milli,
1414 2588 1499 2641 cum

278 2684 327 2736 eo
352 2653 463 2731 locuti
489 2654 587 2740 sunt,
620 2669 657 2724 et
681 2674 772 2728 voce
800 2649 944 2725 coelesti
971 2652 1206 2746 proclamatus
1231 2653 1282 2728 est
1306 2655 1397 2730 filius
1423 2660 1499 2736 Dei

276 2757 429 2841 pilentis,
469 2750 527 2822 seu
559 2745 844 2844 primogenitus,
884 2745 924 2820 in
956 2770 1027 2843 quo
1056 2748 1155 2821 Deus
1188 2748 1250 2823 sibi
1286 2755 1496 2922 complacet.

277 2854 398 2950 Quem
432 2844 636 2941 singularem
670 2841 785 2916 casum
818 2860 888 2914 tres
916 2841 1185 2937 Euangelistae,
1225 2847 1334 2922 Matt.
1403 2853 1494 2930 VH,

275 2952 397 3026 Marc.
423 2943 485 3014 IX.
511 2959 548 3012 et
571 2942 657 3011 Luc.
683 2939 744 3010 IX.
769 2936 897 3011 litteris
924 2935 1191 3033 consignarunt,
1223 2961 1261 3013 et
1278 2945 1401 3018 Petrus
1428 2948 1492 3024 sub

275 3045 376 3122 vitae
403 3038 510 3111 linem
537 3025 740 3109 testimonio
766 3032 828 3106 suo
854 3032 1100 3121 confirmavit,
1141 3038 1257 3111 aPet.
1282 3040 1310 3111 Ι.
1359 3042 1493 3134 Mons,

277 3165 352 3242 quo
374 3133 550 3232 contigit,
583 3153 656 3204 non
682 3126 733 3202 est
760 3129 902 3221 Tabor,
937 3148 976 3203 ut
999 3128 1140 3226 antiqua
1165 3128 1236 3204 fert
1259 3131 1425 3228 traditio,
1458 3157 1499 3214 et

277 3230 477 3314 communis
506 3226 650 3325 opinio,
677 3224 809 3323 quippe
836 3224 874 3300 in
900 3225 1204 3391 campooJizreelis
1222 3226 1259 3301 in
1283 3231 1402 3306 media
1417 3231 1497 3310 sere

162 3354 173 3375 ⁴
276 3339 460 3406 Cananaea
482 3325 584 3410 situs,
627 3340 664 3391 et
687 3344 706 3390 a
731 3323 834 3406 loco,
864 3322 926 3391 ubi
950 3326 978 3393 C
1007 3321 1106 3394 ristus
1130 3323 1356 3416 -versabatur,
1387 3329 1497 3426 longe

277 3417 475 3507 remotior,
517 3437 642 3489 verum
669 3411 794 3486 Libani
824 3412 945 3507 potius
978 3439 1079 3510 pars,
1124 3415 1245 3514 utique
1278 3418 1316 3494 in
1347 3422 1495 3504 vicinia.

276 3511 428 3598 Accidit
453 3513 664 3586 sextantum
690 3508 832 3597 diebus,
858 3507 1041 3606 postquam
1060 3510 1105 3584 de
1131 3508 1188 3588 sua
1204 3513 1376 3610 pastione,
1400 3542 1495 3596 eam-

279 3638 349 3713 que
381 3610 538 3682 secutura
563 3603 694 3699 gloria,
737 3605 873 3680 locutus
910 3605 1024 3680 fuerat
1049 3606 1161 3703 prima
1195 3611 1277 3685 vice
1310 3632 1433 3709 aperte
1457 3637 1497 3693 et

278 3709 396 3794 nude3
437 3705 594 3795 adeoque
629 3722 674 3771 eo
697 3697 794 3772 reite
819 3699 984 3796 spedlalle
1017 3703 1199 3795 censetur,
1231 3726 1270 3780 ut
1294 3706 1405 3804 gloria
1438 3712 1496 3788 illa

275 3799 431 3888 christi,
459 3795 579 3872 illustri
602 3794 717 3890 aliquo
734 3794 950 3891 specimine,
979 3797 1228 3894 conspicienda
1243 3806 1494 3902 praeberetur,

277 3924 320 3978 et
343 3893 505 3994 Apostoli
537 3891 574 3965 in
607 3891 680 3986 ejus
708 3891 777 3965 fide
809 3914 850 3965 ac
881 3892 941 3988 spe
967 3894 1278 3987 confirmarentur,
1318 3923 1496 3998 omneque

277 3994 396 4073 crucis
437 3986 689 4063 offendiculum
719 4011 739 4058 e
776 3984 895 4060 medio
931 3991 1120 4065 tolleretur.
1176 3992 1364 4086 Adparitio
1403 4022 1495 4076 vero

256 4146 260 4158 ,
275 4087 392 4170 Mosis
418 4105 455 4159 et
485 4086 604 4172 Eliae,
647 4105 727 4155 cum
753 4081 892 4157 Christo
922 4083 967 4157 de
994 4089 1086 4158 exitu
1116 4087 1190 4182 ejus
1214 4090 1500 4191 Hierosolymis,

279 4207 322 4263 ut
345 4186 433 4255 Luc.
458 4181 584 4265 tradit,
609 4175 668 4250 seu
686 4197 822 4268 morte,
850 4178 990 4276 ejusque
1009 4179 1322 4278 consequentibus,
1347 4189 1382 4258 lo
1409 4214 1495 4267 uen-

278 4283 391 4369 tium,
433 4274 520 4351 sicut
543 4271 695 4363 Mosen,
734 4274 792 4347 vel
817 4274 854 4346 in
877 4277 1015 4349 coelum
1041 4293 1202 4375 tempore
1226 4279 1351 4352 mortis
1381 4211 1493 4363 dibla-

278 4401 377 4471 suin,
398 4373 459 4479 vel
479 4368 738 4464 resuscitatum,
761 4370 900 4467 arguit,
925 4369 975 4450 ita
1001 4370 1199 4471 Christum,
1224 4394 1387 4548 tanquahm
1411 4404 1497 4476 pro·

1313 4492 1499 4575 petasum
