3609 5500
697 967 746 1024 ·-,·
828 935 1015 1021 seniis·
1114 943 1125 956 '
1471 955 1523 1054 μς

280 1135 367 1212 tatis
398 1125 588 1227 originem
614 1147 687 1200 noir
713 1123 900 1219 exposuit,
935 1141 1090 1196 attamen
1114 1120 1307 1215 indireiie,
1352 1146 1431 1200 cum
1458 1127 1521 1223 Jo.

285 1237 432 1310 isannes
459 1231 508 1300 de
537 1220 784 1321 ipsotellatus
808 1221 870 1310 sit,
895 1219 979 1296 illud
1008 1219 1119 1309 fecit,
1146 1219 1242 1292 siinul
1267 1223 1441 1300 nonnullis
1456 1247 1517 1317 pa,

283 1327 422 1405 rabolis
445 1319 596 1409 clarius,
622 1336 659 1392 et
682 1316 726 1389 ad
748 1339 872 1390 eorum
889 1313 1153 1403 confusionem,
1182 1314 1356 1412 exposuit.
1403 1317 1520 1396 Primo

285 1431 445 1502 duorum
476 1417 652 1500 filiorum,
692 1435 840 1510 quotum
863 1435 951 1486 unus
986 1409 1224 1486 obedientiam
1250 1412 1344 1484 Patri
1366 1415 1517 1506 proinit·

286 1525 417 1608 rebat,
441 1537 520 1590 non
545 1511 716 1598 iaciebat,
741 1509 829 1582 alter
854 1508 1025 1604 negabat,
1057 1505 1116 1578 sed
1141 1506 1344 1601 resipiscens
1367 1511 1515 1602 agebat,

291 1622 407 1696 Illatt.
434 1609 541 1686 XXI:
570 1613 668 1685 18-
691 1602 890 1701 hypocrisin
916 1623 1058 1688 eorum,
1083 1623 1124 1673 ac
1151 1603 1442 1692 obdurationem,
1476 1605 1516 1682 in

291 1719 412 1793 iucem
467 1703 601 1796 tofert,
634 1727 674 1778 ac
725 1699 900 1773 ublicanos
923 1715 960 1769 et
984 1714 1190 1792 peccatores
1213 1696 1257 1791 iis
1287 1699 1394 1792 longe
1417 1699 1517 1774 meli·

295 1833 376 1884 ores
393 1829 417 1878 e
447 1827 491 1890 c,
516 1799 612 1968 ‹puod
637 1799 676 1871 hi
694 1725 844 1891 inhanni
865 1791 1099 1879 credideriut,
1126 1790 1174 1862 illi
1194 1793 1397 1886 pervicaces
1420 1817 1517 1871 man·

506 1919 529 1969 c

297 1903 431 1992 serint,
456 1897 506 1972 de
540 1914 625 1968 arat.
666 1889 918 1985 Deinsesunda
932 1886 1081 1975 vineae,
1105 1910 1125 1958 a
1143 1887 1301 1959 Domino
1320 1889 1517 1983 plantatae,

300 1997 465 2074 'omnibus
489 1991 597 2064 rebus
620 1986 817 2062 necessariis
834 1981 1042 2071 rnstmetae,
1066 1981 1232 2077 agricolis
1253 1984 1431 2073 elocutae,
1456 1988 1518 2062 sed

301 2098 345 2172 ‘ab
369 2091 442 2168 illis·
460 2086 530 2164 fibi
555 2082 850 2172 vindicatae,·ita
870 2099 912 2153 ut
928 2077 1047 2152 servos
1072 2099 1143 2148 nori
1163 2093 1317 2167 tantum,
1342 2076 1519 2156 triduum

303 2185 565 2290 erigendotum
582 2181 683 2254 eausa
698 2178 837 2265 missos,
862 2175 953 2250 male
971 2171 1170 2261 trastarint,
1195 2171 1252 2248 sed
1269 2173 1381 2272 ipsum
1406 2175 1518 2252 filium

304 2281 452 2364 Domini
473 2275 695 2365 occiderint,
717 2270 896 2348 excidium
911 2269 1146 2368 Judaeorum,
1171 2269 1382 2365 Prophetas,
1410 2288 1447 2343 et
1463 2269 1520 2369 ip·

305 2386 371 2460 sum
389 2371 599 2464 Christum,
613 2371 728 2446 illium
745 2367 839 2457 Dei,
863 2366 907 2442 ad
924 2383 1075 2473 mortem
1099 2363 1400 2476 persequentium,
1427 2365 1520 2445 clare

304 2466 597 2650 iussistis
624 2465 755 2732 pii?
770 2457 1237 2667 ittsslsssssslttllt
1268 2459 1319 2626 ‘li
1336 2458 1521 2635 Illius

770 2643 775 2650 .
1235 2608 1246 2643 i
1315 2612 1323 2630 ·
1420 2619 1423 2632 ι
1664 2611 1667 2618 ·

306 2672 345 2747 iu
366 2671 400 2744 se
423 2683 466 2738 et
481 2659 638 2761 primori
665 2681 705 2730 us
726 2654 843 2827 pensis
868 2651 1055 2748 inplendo:
1081 2649 1170 2722 adeo
1193 2667 1234 2721 ut
1257 2648 1520 2748 intellexerint,

301 2769 304 2773 '
433 2763 485 2836 las
508 2759 548 2830 iii
573 2755 610 2829 se
632 2754 704 2829 'elle
753 2747 895 2839 isesias,
937 2765 975 2821 et
1001 2745 1077 2843 'ejus
1097 2764 1247 2820 mortem
1273 2747 1518 2845 quaesiverint.

335 2866 444 2947 min,
468 2871 596 2943 antea,
620 2868 661 2924 ut
677 2850 777 2945 supra
791 2846 994 2933 habuimus,
1022 2844 1176 2951 prolata,
1195 2866 1290 2917 nunc
1305 2869 1394 2919 vero
1410 2845 1449 2921 in
1466 2847 1522 2945 ip.

305 2958 343 3033 so
365 2950 528 3049 Templo
550 2945 726 3045 repetita,
766 2966 786 3015 e
812 2939 860 3015 uli
884 2940 1073 3037 nuptialis,
1115 2960 1133 3009 a
1157 2961 1242 3035 rege
1263 2936 1444 3033 instructi,
1477 2946 1522 3019 ab

301 3073 412 3131 antea
438 3043 598 3121 inuitatis
623 3038 752 3141 spreti,
776 2966 834 3113 ἑά
861 3039 904 3111 ab
923 3035 999 3110 aliis
1021 3034 1193 3107 undecum
1219 3058 1263 3113 ue
1290 3036 1447 3112 colleciis
1462 3060 1521 3110 ce.

303 3142 461 3233 lebtati,
484 3162 625 3241 regnum
652 3137 725 3217 Dei
749 3131 925 3233 aJudaeis
953 3130 1023 3202 else
1045 3059 1297 3235 auferendum,
1324 3131 1418 3200 etad
1443 3132 1526 3207 alias

305 3260 440 3341 gentes
465 3232 754 3320 mnssmendum,
780 3225 874 3324 quod
892 3223 1000 3297 modo
1018 3221 1175 3308 dixerat,
1200 3222 1309 3297 Matt
1335 3223 1437 3297 XXI:
1460 3246 1545 3325 43.¹

308 3334 456 3413 uberiur
479 3327 664 3407 confirmat
688 3346 726 3400 et
752 3319 917 3410 deducit,
959 3320 1067 3399 Matt.
1090 3316 1205 3390 XXII:
1236 3338 1267 3392 1.

345 3432 381 3533 ς.
408 3426 579 3503 LXXIII.
612 3420 773 3521 Adgtelii
796 3418 879 3499 dein
903 3415 1016 3511 ipsum
1044 3412 1121 3488 sunt
1146 3412 1317 3488 Pharisaei
1344 3434 1381 3490 et
1406 3415 1534 3492 Hero·

304 3526 421 3617 diarii,
467 3522 660 3621 quaeritum
687 3520 732 3592 de
766 3515 872 3592 censu
901 3511 1072 3586 Romanis
1107 3508 1222 3582 dando
1254 3533 1321 3584 nec
1344 3515 1418 3586 ne?
1460 3513 1526 3612 ipsi

308 3638 572 3725 proponentes,
596 3635 641 3691 ut
655 3612 766 3713 ipsum
790 3609 993 3698 irretirent,
1020 3607 1091 3681 sive
1117 3605 1336 3698 adfirmaret,
1366 3608 1437 3682 sive
1461 3634 1523 3685 ne·

305 3699 1524 3910 Issis⁰¹¹¹pslss¹51i⁰sIltiilsllssaPsittllltstltsl·

308 3912 432 3993 sentis.
474 3869 753 3993 aocusationcm,
801 3919 839 3974 et
873 3897 1086 3973 delationem
1116 3893 1159 3966 ad
1191 3893 1339 3969 Pilatum
1374 3919 1524 3992 pareret.

307 4007 508 4091 lletodiaui
528 4005 624 4078 enim
651 4024 722 4076 nori
746 3999 825 4073 sunt
853 3991 1049 4081 haeretici,
1075 3989 1141 4064 acsi
1166 3990 1318 4066 haeresin
1342 3995 1385 4067 ab
1409 3996 1528 4071 Hero-

312 4108 352 4181 dc
376 4126 490 4179 ortam
520 4100 702 4189 foverint,
731 4094 791 4169 sed
818 4091 922 4166 aulici
946 4088 1101 4163 Herodis
1124 4085 1299 4184 Antipae‚
1330 4112 1372 4164 et
1399 4093 1530 4167 Roina-

319 4224 436 4275 notiun
462 4200 641 4284 fautores,
663 4216 705 4267 ac
726 4191 940 4278 adulatores,
966 4187 1057 4258 nulla
1073 4183 1253 4259 doslrinuc
1275 4186 1395 4261 habita
1421 4190 1530 4261 ratio·

316 4319 375 4370 rie.
422 4295 568 4371 Mentio
592 4288 737 4391 quidem
761 4288 803 4361 lit
817 4285 980 4381 ferme-itti
1005 4284 1162 4371 Herodis,
1195 4283 1310 4357 Marc.
1336 4284 1440 4357 Vlll:
1472 4304 1528 4371 15.
1554 4292 1559 4297 ’

318 4392 378 4469 scd
393 4392 547 4469 dostrina
561 4383 775 4482 intelligitur
788 4382 1092 4472 Sadducaeorum,
1118 4398 1158 4455 ut
1172 4402 1219 4453 ex
1235 4379 1345 4453 Matt.
1371 4377 1444 4449 XV
1447 4378 1474 4450 I:
1492 4384 1531 4451 d.

913 4477 947 4550 II
973 4497 993 4552 a
1414 4491 1535 4574 patet,
1628 4528 1674 4786 1
