3609 5500
265 424 1644 686 ψ

446 733 450 756 J
684 733 688 746 i

754 899 1008 992 '‘r-autur.
1036 902 1115 976 s.
1379 849 1381 854 ’
1433 907 1510 1014 a„
1640 1025 1642 1029 Ι

284 1087 471 1172 Ecclesiae
483 1086 543 1172 su'b
574 1088 680 1165 Paulo
712 1109 783 1165 aon
812 1107 945 1165 tantum
979 1087 1048 1165 suit
1066 1089 1372 1188 ·praa'nytcr,'sed
1389 1093 1514 1174 uuas

285 1193 417 1281 ander,
441 1188 563 1286 Episc.¹
583 1190 707 1275 Alex„
732 1187 842 1288 ipsum
867 1187 1025 1286 pluribus
1049 1187 1170 1276 aunis,
1201 1212 1225 1262 a
1250 1193 1512 1270 communione

286 1292 398 1363 trium
420 1286 677 1383 Episcoporum
709 1284 1019 1360 Antiochenorurn
1044 1283 1116 1381 sese
1142 1283 1347 1380 sejunxiue,
1372 1289 1512 1366 arcos-r
1590 1339 1594 1352 ·

285 1384 390 1461 lecim
407 1382 544 1457 seorsim
563 1380 769 1471 celebrasse,
795 1378 963 1471 testatur,
990 1382 1083 1478 apud
1101 1380 1322 1458 Theodoren
1336 1385 1400 1472 Η,
1413 1386 1448 1460 d:
1464 1407 1512 1480 44

285 1480 431 1557 Ateuim
457 1503 562 1566 cunr,
585 1479 633 1551 itti
661 1476 881 1551 seciaeeurn
904 1477 1011 1562 iuiss'e:
1032 1475 1232 1567 addictam,
1254 1479 1408 1555 :disertis
1430 1492 1512 1557 non
1579 1535 1595 1545 -

286 1579 383 1654 dicat
409 1578 546 1664 verbis,
576 1572 652 1650 fieri
669 1571 805 1670 potest,
829 1594 869 1647 ut
885 1576 1026 1649 Panium
1046 1574 1368 1671 censueritinjuste'
1392 1578 1438 1650 de
1464 1600 1511 1652 os

284 1675 410 1763 situm,
451 1692 488 1746 et
511 1691 701 1767 propterea
723 1669 952 1750 successorum
989 1673 1064 1769 ejus
1096 1670 1382 1747 communionem
1412 1679 1511 1748 vttar'

285 1773 402 1859 verit,
436 1770 549 1842 donec
574 1769 617 1841 ad
643 1767 818 1843 Ecclesiae
843 1767 1014 1843 unitatem
1039 1767 1209 1841 redierit:
1242 1767 1383 1843 rediisse
1409 1768 1511 1860 eninr

287 1892 370 1945 eum
395 1868 452 1941 vel
478 1889 523 1939 eu
546 1889 593 1937 eo
623 1863 744 1957 corrigi
767 1862 904 1961 potest,
944 1865 1038 1962 quod
1061 1868 1162 1937 arium
1193 1879 1331 1940 tantum
1353 1866 1506 1965 Episco-

282 1986 414 2065 ,porum
441 1960 653 2042 meminerit
677 1959 896 2050 Alexander,
941 1982 1099 2059 quorum*
1118 1959 1213 2070 sugit
1236 1962 1511 2048 commercium

288 2060 435 2136 Constat
458 2053 599 2154 utique,
641 2077 743 2147 eum,
786 2055 958 2155 martyrio
987 2057 1048 2131 sub
1071 2058 1277 2138 Maximino
1306 2058 1513 2149 aurearoma

288 2180 355 2257 pro
390 2176 542 2250 martyre
568 2152 743 2227 Ecclesiae
769 2144 868 2227 suiffe
901 2154 1136 2245 honoratum,
1172 2155 1245 2251 jam
1276 2156 1388 2240 asec,
1414 2157 1513 2234 Νη

289 2254 337 2329 us
354 2277 409 2327 ue.
458 2250 544 2327 Vid.
570 2250 779 2325 Tillemont.
806 2250 1113 2325 memor.Ecc1es.
1142 2268 1169 2323 t.
1194 2250 1242 2324 V.
1269 2251 1305 2326 in
1329 2274 1406 2330 not.

365 2349 473 2423 ,ΧΩ
513 2349 657 2419 Praeter
681 2348 745 2419 hos
775 2347 1010 2422 celebriorum
1045 2345 1183 2421 urbium
1210 2348 1429 2450 Episcopus,
1469 2365 1512 2429 et

290 2446 400 2524 modo
424 2442 581 2518 laudatos
602 2447 845 2540 presbyteros,
879 2443 1077 2520 floruerunt
1105 2441 1220 2515 adhuc
1244 2443 1324 2536 aiii,
1356 2444 1514 2524 scientia

280 2564 329 2620 ·et
355 2542 489 2638 pietate
512 2536 678 2628 illustres,
720 2537 864 2614 anobis
894 2562 968 2613 non
992 2538 1264 2636 praetereundi,
1303 2539 1362 2615 sed
1386 2542 1512 2639 paucio

291 2635 507 2714 recensendi.
555 2636 785 2725 Firrnilianus,
819 2635 1005 2709 Caesareae
1021 2636 1268 2731 Cappadocum
1295 2638 1514 2750 Episcopus,¹

292 2732 458 2833 origenis
493 2732 708 2821 admirator,
747 2751 786 2804 et
819 2730 1014 2806 sententiae
1049 2732 1219 2832 Cypriani
1250 2732 1295 2807 de
1330 2735 1514 2834 baptismo

290 2828 550 2910 naereticorum
575 2848 761 2927 patronus,
788 2827 886 2923 cujus
901 2828 989 2900 duae
1006 2826 1190 2924 supersunt
1213 2853 1255 2904 ea
1279 2830 1323 2906 de
1350 2857 1388 2905 re
1407 2832 1513 2929 Episn

290 2933 385 3005 tolae
420 2927 514 3000 inter
545 2923 800 3025 Cypriauicas,
839 2923 896 2997 vir
927 2945 1074 3022 magnae
1109 2924 1179 3004 suit
1205 2927 1427 3015 autoritatis,
1469 2942 1512 3004 ec

290 3023 431 3122 scriptia
463 3047 602 3120 quoque
637 3024 766 3110 clarus,
808 3042 895 3114 quae
920 3018 1008 3093 citat
1032 3019 1129 3094 Basrl.
1154 3023 1211 3092 M.
1245 3021 1289 3093 de
1313 3024 1445 3119 Spiritu
1469 3025 1513 3098 S.

292 3119 461 3198 interfuit
493 3118 605 3215 priori
638 3118 772 3215 synodo
800 3113 1019 3190 Antiochen.
1052 3134 1172 3189 contra
1206 3117 1369 3207 Paulum,
1409 3117 1514 3213 cujus
1643 3196 1648 3204 ,

293 3218 502 3313 opinionem
528 3215 669 3312 quidem
686 3213 884 3300 damnavit,
909 3211 968 3284 sed
995 3236 1075 3286 curn
1092 3210 1168 3307 ipso
1192 3211 1313 3287 mitius
1332 3213 1512 3314 judicavit

290 3310 660 3484 apenldpurpBSepiylpd
688 3309 1091 3502 postepipremspendpps
1118 3308 1321 3479 inditinere
1350 3331 1513 3481 mosrtuun

345 3467 354 3482 .
413 3435 459 3482 u.
528 3466 535 3483 .
641 3433 649 3481 :
702 3432 734 3481 o.
835 3431 868 3478 eo
893 3430 931 3478 no
961 3431 1000 3479 us
1068 3428 1157 3479 exau
1183 3428 1278 3480 rmus

291 3436 370 3585 ium
388 3506 553 3582 librorum
567 3431 730 3598 Interpdes
743 3431 932 3588 diciumgin
956 3503 1061 3576 titulo
1079 3502 1246 3583 librorum
1257 3428 1515 3604 hy’poidpodddd:

292 3630 380 3704 quos
388 3603 515 3702 septem
534 3600 688 3699 scripsit,
716 3599 818 3675 Phot.
836 3598 924 3673 Bibi.
944 3599 1024 3673 cod.
1057 3606 1159 3686 106.,
1184 3603 1242 3675 ubi
1261 3627 1363 3693 eum,
1383 3603 1513 3698 Orige-

292 3725 376 3778 nem
403 3701 579 3790 secutum,
608 3700 651 3772 de
668 3697 759 3771 Filio
786 3716 823 3769 et
850 3696 982 3794 Spiritu
1010 3697 1044 3769 S.
1070 3698 1184 3769 minus
1209 3701 1410 3788 orthodoxe
1434 3698 1513 3771 sorr·¹
1556 3746 1558 3751 -

291 3796 388 3883 fisse,
413 3792 529 3866 tradit.
581 3795 651 3866 Sed
676 3796 835 3867 rnirabisis
860 3809 891 3867 rt
907 3793 1091 3890 studiosus,
1117 3792 1179 3871 seu
1199 3792 1368 3888 diligens,
1393 3791 1513 3891 'adpeh

293 3899 383 3972 latus
407 3888 569 3965 Athamas.
596 3889 636 3961 ad
663 3887 743 3961 illud
777 3888 984 3984 Euangelii,
1027 3890 1200 3982 quicunque
1233 3893 1360 3963 uerbum
1392 3892 1516 3966 dicerit

295 4010 408 4069 contra
434 3990 553 4060 siurim
578 4005 647 4059 etc.
673 3987 781 4077 Oper.
819 4003 844 4057 t.
870 3987 920 4072 l.,
954 3983 1060 4056 etiam
1084 3988 1135 4057 uir
1156 3982 1295 4081 disertus
1320 3991 1360 4059 ab
1388 3993 1515 4064 eodem

298 4093 343 4168 de
358 4088 477 4187 sinodi
502 4089 578 4160 Nic.
605 4085 765 4156 decretis:
800 4078 860 4154 ubi
887 4082 1124 4177 fragmentum
1149 4106 1194 4155 ex
1220 4083 1324 4180 ipsius
1352 4089 1517 4183 operibus

297 4189 448 4289 profert.
501 4183 691 4260 Anacutas.
721 4179 856 4254 scholae
881 4178 1127 4255 Aristotelicae
1151 4182 1338 4260 Alexandr.
1366 4185 1518 4279 primum

301 4284 522 4386 praesesius,
556 4281 638 4355 dein
667 4277 871 4351 Theotecrti
898 4277 1065 4373 Episcopi
1092 4274 1437 4356 Caesar-Palaestinae
1464 4283 1520 4355 vi·
1612 4309 1616 4317 ·

313 4374 623 4522 cariumdenique
645 4373 840 4500 Episcopus
862 4373 1106 4563 Ipasppipcnur,
1133 4375 1190 4453 vir
1212 4377 1264 4453 sui
1280 4378 1384 4457 seculi
1410 4381 1644 4834 οἎ
