3609 5500
392 749 466 832 γαρ
784 711 938 820 Historia
958 711 1234 834 Ecclesssirrist.
1265 811 1272 818 ἱ

398 905 494 980 sione
520 893 702 1000 praebita,
735 884 981 987 utnarraiur,
1013 921 1034 971 a
1059 895 1243 986 Diodoro,
1274 895 1351 992 ejus
1371 888 1447 970 ioci
1476 894 1627 994 Presby-¹

402 1001 503 1088 iero,
527 993 611 1096 qui,
636 1015 716 1068 cum
736 993 865 1067 Manes
883 993 1252 1090 eumadgrederetur,
1277 991 1460 1067 evocasset
1487 996 1626 1076 Arcite-¹

398 1097 502 1174 laum.
551 1091 651 1190 Quae
673 1088 868 1186 disputatio
901 1091 939 1161 in
963 1088 1065 1163 Adiit
1089 1091 1157 1164 illis
1174 1090 1289 1181 etiarn
1320 1094 1516 1184 reperitur.
1567 1094 1626 1162 In·‘
1704 1063 1713 1333 q

397 1211 497 1268 terea
522 1185 601 1261 fieri
625 1185 765 1284 potuit,
807 1204 847 1258 ut
875 1185 1108 1260 Manichacus
1133 1184 1239 1259 talem
1276 1183 1455 1280 scripserit
1480 1185 1630 1281 Episto-

403 1289 492 1378 iam‚
524 1305 611 1382 quae
635 1280 853 1377 antiquitatis
869 1280 1028 1378 praefert
1045 1280 1207 1371 criteria‚
1243 1300 1282 1355 et
1309 1281 1399 1354 nihii
1425 1306 1447 1354 a
1470 1283 1626 1376 persona

399 1405 463 1462 aut
497 1377 656 1456 dodirina
694 1379 769 1474 ejus
803 1377 910 1450 habet
939 1377 1114 1466 alienum3
1153 1378 1274 1452 habita
1301 1397 1490 1475 praeterea
1522 1377 1631 1450 iacnt

401 1483 515 1577 aliqua
539 1471 730 1570 disputatio
753 1471 790 1546 in
809 1475 894 1546 urbe
918 1473 1056 1563 Cascar,
1083 1496 1156 1547 non
1172 1474 1480 1569 Mesopotamiae,
1505 1471 1544 1547 in
1559 1494 1626 1569 qua

402 1577 477 1770 Ἴ
500 1570 653 1742 ἼἼἼἼ
668 1566 1526 1740 ustrina?surirnnuaffla
1540 1611 1622 1738 ω·

400 1764 573 1844 rotalibus
598 1777 801 1858 perterram,
841 1687 1024 1846 aniiair.
1057 1763 1166 1860 Vulg.
1202 1782 1284 1854 271.
1316 1689 1510 1835 secuirdum
1537 1758 1624 1856 Pagi

399 1864 443 1940 ad
467 1863 614 1948 Baran,
638 1874 676 1931 et
694 1854 903 1947 Hormisda,
930 1858 1004 1950 ejus
1034 1857 1132 1946 filio,
1154 1873 1327 1954 regnante
1347 1855 1386 1928 in
1399 1857 1540 1948 Persia,
1568 1879 1622 1930 re·

399 1960 469 2034 diit
496 1957 647 2038 Manes,
679 1969 717 2024 et
743 1975 864 2048 regem
889 1951 952 2026 fibi
975 1954 1112 2049 reperit
1134 1952 1335 2040 faventem,
1366 1950 1417 2026 ita
1444 1953 1562 2026 etiam
1586 1971 1625 2026 ut

399 2051 575 2130 dominas
603 2047 677 2143 ejus
699 2045 939 2144 adoptaverit,
966 2070 1008 2122 ac
1033 2049 1142 2123 tuitus
1166 2048 1227 2122 srt:
1252 2047 1297 2121 de
1343 2070 1389 2121 uo
1407 2047 1482 2123 vid.
1507 2050 1623 2146 Hyde

398 2149 424 2228 1.
449 2171 482 2224 c.
530 2146 619 2218 Cum
641 2161 759 2218 autem
782 2141 895 2240 ipsum
921 2167 942 2218 a
964 2143 1155 2242 Magorum
1179 2163 1218 2217 et
1233 2143 1334 2217 Chris
1355 2143 1518 2218 'anorum
1534 2168 1621 2242 per·

397 2239 638 2324 secutionibus
663 2256 778 2317 tutum
805 2237 978 2337 praestare
1004 2261 1076 2314 non
1098 2240 1234 2336 posset,
1273 2235 1451 2313 castelium
1476 2242 1518 2314 in
1543 2243 1621 2337 ejus

398 2341 547 2439 gratiam
569 2335 667 2435 jusiit
690 2334 867 2409 aedificari
890 2335 983 2408 inter
996 2335 1196 2434 Bagdadum
1219 2351 1257 2407 et
1279 2333 1459 2409 Susianam
1485 2339 1529 2412 in
1547 2339 1615 2412 Cu·

397 2433 547 2524 ristona,
571 2449 610 2504 ut
633 2429 685 2503 ibi
701 2429 855 2506 securius
877 2431 1037 2527 degeret.
1073 2429 1306 2507 Dherbeiotir.
1332 2430 1372 2504 iu
1399 2455 1497 2506 voce
1525 2431 1617 2530 Das·

399 2530 505 2611 anast
556 2529 710 2602 Mortuo
736 2526 820 2601 dein
843 2526 1054 2615 Hormisda,
1091 2547 1130 2603 et
1162 2527 1199 2602 in
1220 2526 1296 2626 ejus
1325 2525 1443 2601 locum
1470 2527 1622 2604 suffecto

396 2629 540 2705 Varane
561 2641 592 2696 a.
619 2643 723 2718 πῃ,
749 2622 851 2697 scena
874 2624 976 2696 vaide
1001 2633 1132 2698 mutata
1155 2621 1226 2713 est,
1250 2624 1288 2695 in
1310 2622 1513 2716 perniciem
1536 2628 1618 2702 Ma·

395 2721 503 2802 netis.
551 2719 640 2794 Cum
663 2717 760 2791 enirn
784 2719 977 2817 Magorum
1009 2720 1086 2794 zelo
1109 2719 1265 2797 resistere
1288 2741 1361 2793 non
1414 2719 1510 2796 osset
1534 2745 1618 2815 rex,

395 2822 466 2900 Ma
491 2838 592 2891 orum
621 2812 823 2889 dodioribus
854 2838 981 2911 praece
1008 2817 1059 2906 it,
1100 2836 1139 2891 ut
1168 2839 1248 2891 cum
1274 2814 1350 2913 ipso
1381 2743 1618 2914 disputarent}

396 2842 490 2994 vis.
520 2910 612 3010 apud
645 2910 755 3012 Hyde
784 2931 823 3023 et
846 2838 1044 3025 Renaufiirt.
1075 2911 1097 2987 i.
1122 2934 1154 2987 c.
1203 2912 1304 3012 Quae
1327 2910 1524 3009 disputatio
1552 2915 1618 3013 ipsi

395 3013 467 3091 fuit
493 3008 631 3097 fatalis3
662 3028 741 3081 curn
781 3008 931 3083 mserror
965 3007 1068 3097 mde,
1101 3028 1139 3082 ut
1175 3008 1403 3097 credebatur,
1437 3010 1621 3090 discedens

394 3107 648 3184 condemnatus
664 3102 772 3177 fuerit
788 3122 948 3202 tanquam
971 3104 1171 3194 haereticus,
1195 3104 1254 3175 seu
1269 3103 1449 3179 Persarum
1474 3126 1514 3179 et
1529 3107 1622 3184 Ara·

395 3206 480 3279 bum
516 3198 718 3273 testimonio
757 3199 963 3275 Sadducaeos
994 3198 1137 3296 inpius,
1178 3198 1258 3295 quia
1291 3195 1615 3296 resurretionem,

420 3318 499 3367 uam
525 3292 648 3366 Persae
673 3292 886 3387 credebant,
927 3296 1092 3391 negavit:
1126 3296 1280 3369 secutum
1304 3318 1392 3369 mox
1415 3295 1483 3386 est,
1514 3298 1612 3389 jussu

394 3320 529 3490 iIegis,
556 3385 691 3458 Zelotis
709 3386 852 3478 devoti,
879 3390 1087 3487 supplicium
1103 3389 1246 3476 mortis,
1270 3389 1329 3464 sed
1356 3390 1521 3465 incertum
1544 3414 1613 3466 cu·

391 3488 449 3591 jus
481 3480 645 3584 generis,
684 3482 861 3555 autoribus
896 3486 1011 3558 secum
1047 3485 1333 3583 discrepantibus.
1386 3486 1455 3562 Alii
1484 3486 1612 3583 enim,

393 3609 476 3663 eum
504 3576 603 3654 cruci
625 3572 726 3649 fuisse
743 3576 915 3668 adfixum,
941 3581 1000 3653 adii
1023 3584 1261 3664 excoriatum,
1285 3582 1346 3655 alii
1370 3583 1411 3657 in
1432 3583 1515 3658 duas
1530 3608 1613 3681 par·

394 3704 450 3760 tes
475 3677 605 3754 sectum
631 3692 668 3746 et
693 3672 862 3767 divisum,
886 3674 1057 3751 referunt.
1109 3677 1309 3774 Exspiravit
1336 3682 1397 3752 sub
1423 3682 1612 3759 Varanel.

392 3804 424 3857 a.
452 3796 534 3869 277.
559 3792 628 3865 quo
655 3767 732 3863 ipso
753 3794 844 3845 anno
870 3772 951 3847 Rex
976 3796 1114 3870 quoque
1139 3795 1296 3849 mortuus
1323 3772 1384 3847 est.
1433 3777 1610 3851 Memori-

391 3898 449 3953 am
482 3864 607 3942 mortis
639 3862 808 3973 quioris
841 3867 891 3941 sui
933 3872 1150 3943 celebrarunt
1189 3871 1342 3943 adseclae
1380 3870 1458 3965 ejus
1492 3873 1611 3949 Mens.

391 3972 504 4049 Mart.
531 3976 738 4057 quotannis,
758 3962 845 4035 teste
862 3964 1009 4059 August.
1035 3985 1159 4038 contra
1175 3964 1336 4041 Faustum
1352 3964 1373 4040 l.
1398 3968 1550 4044 XVIII:
1573 3990 1610 4059 5.

388 4064 448 4145 sed
471 4053 659 4154 tempestas
681 4076 761 4129 cum
788 4080 903 4133 morte
922 4058 1125 4134 Manichaei
1151 4084 1223 4135 non
1247 4061 1439 4155 desaeviit,
1477 4066 1612 4161 quippe

383 4182 472 4271 quae
497 4172 535 4230 et
566 4150 715 4235 adseclas
740 4155 935 4255 corripuit:
959 4177 999 4233 ut
1021 4179 1106 4237 mox
1129 4158 1279 4261 patebit.
1417 4255 1440 4357 ἦ
1475 4254 1600 4330 CXIV
