3609 5500
681 875 699 940 ·’
755 980 758 984 ,
786 877 894 969 arcui.
914 877 1005 969 -III.'
1436 891 1510 992 '747

282 1096 344 1158 rtur
366 1097 440 1153 reto
463 1065 560 1149 etiam
585 1073 728 1165 Luscus,
755 1095 777 1147 a
801 1076 1015 1149 communique
1033 1086 1202 1163 arcemus,
1219 1069 1288 1171 soli
1309 1067 1380 1146 Det
1399 1072 1510 1172 potes·

287 1192 390 1252 tatem
416 1176 610 1248 coadunandi
635 1175 702 1243 illis
725 1175 950 1268 relinquentes.
1004 1169 1087 1272 Quo
1123 1170 1347 1265 supradicta
1378 1173 1509 1245 confir·

288 1293 447 1361 urantur,
466 1270 554 1343 Vid.
575 1269 683 1342 etiarn
699 1267 743 1341 de
754 1269 882 1342 Acesro
898 1268 1127 1357 Novatian0,
1147 1266 1207 1361 qui
1223 1266 1358 1364 synodo
1374 1268 1510 1343 Nicae·

287 1392 354 1443 nae
376 1366 561 1453 interfuit,
594 1365 677 1462 quid
703 1364 816 1439 tradat
841 1367 976 1438 Socrat.
1004 1366 1054 1439 H.
1082 1363 1110 1435 I:
1140 1386 1196 1436 10.
1248 1363 1318 1435 Sed
1342 1363 1506 1441 Ambros.

284 1467 308 1541 l.
333 1489 365 1541 c.
389 1488 422 1538 c.
449 1488 481 1557 3.
507 1460 636 1550 refert,
678 1461 923 1536 Novatianum
961 1463 1093 1536 nullum
1125 1476 1354 1554 peccatorum
1386 1460 1509 1535 discri-

286 1583 370 1636 men
395 1556 567 1647 statuilse,
602 1560 676 1655 ejus
702 1580 790 1632 vero
815 1558 984 1647 adseclas,
1029 1553 1209 1655 progressu
1232 1557 1404 1652 temporit
1433 1579 1507 1632 mo·

288 1655 485 1731 deratiores
499 1651 631 1745 factos,
655 1655 818 1753 graviora
833 1647 1027 1729 distinxisse
1052 1680 1072 1727 a
1096 1650 1305 1726 levioribus:
1343 1652 1436 1748 quod
1463 1669 1508 1730 ex

287 1752 392 1827 dietis
417 1775 488 1824 non
511 1769 646 1825 tantum
664 1752 857 1841 refutatur,
881 1750 938 1825 sed
956 1770 993 1824 et
1019 1749 1166 1840 Attico,
1193 1749 1310 1845 Episc.
1339 1749 1514 1830 Coostan,

288 1855 354 1923 tin.
389 1848 480 1945 apud
513 1849 646 1923 Socrat.
681 1850 731 1923 H·
764 1851 850 1925 VII:
887 1869 944 1939 25.
978 1846 1114 1921 directe
1148 1845 1376 1932 adversatur;
1418 1848 1509 1922 dicit

289 1947 406 2034 enim,
442 1945 483 2026 ,se
505 1949 641 2035 probare
660 1947 915 2034 Nanneiorum,
947 1940 1011 2039 sed
1034 1943 1179 2036 adseclas
1213 1945 1285 2038 ejus
1318 1945 1509 2037 inprobare,

290 2042 383 2139 quod
418 2040 475 2113 ille
504 2059 637 2115 tanturn
666 2065 746 2117 cum
780 2042 980 2116 sacrificatis
1009 2038 1270 2114 communIcare
1304 2042 1510 2134 negaverit,
1615 2070 1620 2077 ·

288 2138 328 2212 hi
359 2155 485 2211 contra
514 2139 561 2210 ob
595 2138 687 2212 levia
717 2138 845 2214 delicia
878 2138 984 2211 laicos
1015 2162 1033 2210 a
1064 2135 1315 2209 communione
1348 2149 1510 2214 arceant:

288 2234 349 2309 sed
370 2234 465 2330 quod
489 2232 715 2331 Asclepiades
740 2259 879 2332 quoque
906 2236 950 2309 de
980 2233 1122 2306 adseclis
1146 2254 1268 2305 verum
1295 2231 1366 2305 esse
1393 2253 1509 2331 negat.

291 2334 458 2405 Ceterum
486 2348 625 2424 praeter
644 2330 740 2405 hunc
763 2354 919 2405 errorem
937 2328 1031 2404 circa
1056 2329 1227 2425 lapsorum
1245 2329 1509 2423 admissionem,

292 2426 374 2521 ipsrs
400 2447 540 2524 quoque
566 2427 652 2499 alius
678 2428 787 2502 tribui
810 2426 918 2517 solet,
952 2450 1022 2522 quo
1050 2426 1214 2498 secundas
1243 2425 1382 2520 nuptias
1413 2427 1510 2499 dam·
1591 2438 1593 2443 '

291 2540 440 2610 narunt,
470 2541 507 2593 et
533 2521 669 2621 drydpar
687 2526 878 2622 ejecerunt.
932 2520 1036 2622 Quod
1054 2522 1139 2595 licet
1159 2544 1234 2593 can.
1262 2530 1323 2602 8uo
1346 2521 1512 2597 Nicaeno

292 2618 468 2706 tradatur,
501 2618 711 2695 Novatiano
740 2640 859 2694 tamen
890 2642 964 2693 non
990 2615 1059 2691 else
1084 2615 1332 2713 imputandum,
1367 2620 1511 2715 Cypria·

233 2727 238 2732 '
291 2715 328 2789 ni
353 2737 395 2788 ac
422 2715 580 2790 Cornelii
607 2716 744 2790 evincit
769 2714 964 2804 silentium,
983 2735 1064 2802 ,nec
1090 2714 1248 2788 omnibus
1274 2716 1347 2811 ejus
1370 2715 1513 2791 adseclic

290 2828 521 2905 competere,
548 2811 763 2887 demonstrat
789 2814 886 2887 locus
911 2815 1045 2885 Socrat.
1072 2811 1121 2885 H.
1150 2813 1198 2885 V:
1227 2833 1283 2886 22.
1335 2813 1510 2886 Novatia·¹

291 2929 358 2979 nor
390 2923 571 3001 praeterea
595 2910 692 2985 nullo
723 2910 761 2983 in
796 2909 961 3007 dogmate
989 2905 1174 2981 dissensisse
1199 2929 1280 2982 cum
1297 2910 1510 3000 Catholicis,
1612 2962 1614 2967 -

293 3001 369 3098 ipse
393 3002 525 3075 latetur
551 3007 717 3103 Cypriam.
741 3028 797 3102 ep.
826 3013 883 3080 60.
910 3005 952 3077 ad
976 3005 1040 3076 Ma
1068 3026 1161 3078 num.
1278 3042 1281 3049 ·

341 3097 373 3197 s.
400 3099 641 3180 CXXXVIII.
674 3104 760 3177 Duo
785 3101 966 3199 supersunt
982 3099 1027 3172 de
1043 3026 1122 3173 hoc
1138 3096 1321 3175 schismate
1338 3100 1510 3197 quaesita,

292 3193 413 3293 paucis
438 3196 620 3289 solvenda,
655 3221 772 3287 unum,
815 3195 899 3295 quid
924 3194 1133 3270 divisionem
1165 3195 1327 3270 effecerit
1350 3197 1513 3273 schisma·

292 3291 428 3365 ticam?
458 3297 617 3385 alterum,
658 3295 743 3395 quid
766 3292 810 3368 de
836 3318 877 3368 ea
910 3289 1129 3367 ’udicandum
1154 3290 1223 3367 stt?
1263 3292 1321 3367 Ad
1341 3296 1434 3388 prius
1458 3317 1513 3370 re·

291 3386 470 3484 sponde0,
498 3389 683 3488 Inceptum
700 3389 877 3489 quideme
907 3387 1086 3463 eschisma
1110 3412 1130 3462 a
1148 3387 1376 3479 Novatiano‚
1402 3415 1514 3490 prop·

294 3501 351 3558 ter
373 3482 593 3582 disciplinam
618 3489 709 3586 apud
734 3485 936 3562 Catholicos
959 3485 1165 3575 relaxatam,
1190 3483 1249 3558 sed
1276 3509 1297 3560 a
1321 3507 1422 3584 parce
1447 3490 1513 3565 ho·

291 3598 370 3655 rum
393 3578 486 3656 hanc
510 3585 556 3658 ob
583 3587 788 3680 opimonem
819 3583 897 3659 illos
929 3605 997 3680 pro
1030 3579 1218 3656 haereticis
1251 3605 1326 3657 non
1356 3583 1427 3658 esse
1450 3585 1514 3661 ha·

293 3674 409 3767 bitor,
432 3675 491 3754 sed
515 3703 665 3779 propter
693 3680 952 3780 separationem
979 3701 1099 3753 eorum
1122 3680 1167 3753 ab
1199 3677 1373 3767 Ecclesia,
1406 3678 1513 3757 alium

294 3769 452 3846 aeuum
477 3775 751 3874 Episcopatum,
787 3797 824 3850 et
848 3777 1022 3869 separatos
1047 3773 1226 3845 institutos
1250 3789 1391 3846 coetus:
1424 3773 1514 3853 ficut

296 3882 344 3941 ex
369 3867 478 3964 Cypr.
506 3891 562 3966 ep.
588 3880 647 3962 69.
673 3872 717 3946 ad
743 3874 917 3970 Magnum
944 3888 1078 3942 certum
1107 3865 1176 3957 est,
1201 3867 1353 3964 indeque
1370 3870 1516 3949 ulterius

296 3965 566 4057 corroboratur,
608 3968 703 4067 quod
727 3966 802 4066 ipse
826 3989 929 4039 error
953 3965 998 4038 de
1022 3962 1121 4063 laphs
1154 3988 1227 4038 non
1254 3962 1515 4046 readsumendia

297 4059 391 4134 tanti
417 4083 490 4133 non
519 4060 588 4139 fuit
615 4063 833 4155 aestimatus,
868 4081 908 4136 ut
935 4061 1025 4136 salva
1048 4084 1135 4160 pace
1168 4059 1349 4137 dissentire
1375 4086 1447 4138 non
1472 4067 1514 4141 li·

299 4175 393 4267 ceat3
443 4154 730 4273 Quopertinet,
755 4160 849 4258 quod
873 4178 956 4233 ante
980 4177 1018 4230 et
1035 4157 1113 4269 post
1131 4156 1175 4270 'in
1195 4158 1267 4255 ipsa
1282 4159 1433 4233 Ecclefia
1451 4163 1517 4270 Ca·⁴

302 4252 437 4325 thohca
453 4255 611 4344 suerrnt,
637 4282 697 4355 qur
719 4257 866 4366 eandem
884 4278 925 4329 ac
943 4254 1140 4366 Novatranr
1166 4273 1354 4365 tenuerunt
1370 4261 1531 4353 praxin„

298 4348 426 4448 absque
446 4370 487 4428 ut
508 4355 552 4434 ab
578 4352 736 4433 Ecclesia
761 4352 1097 4529 iuerpnpbspparqu,
1124 4373 1177 4428 uu
1194 4353 1359 4450 cyprian.
1374 4375 1521 4527 tqpmsuq
