3609 5500
682 971 708 1046 .‘
827 981 936 1059 Sectis.
961 981 995 1055 Ι.
1466 975 1529 1081 ’ξς

288 1157 411 1240 reor.
448 1159 534 1236 XV:
562 1179 596 1250 ς.
629 1158 797 1235 adseritur
829 1187 849 1235 a
879 1165 1007 1252 Paulo,
1052 1180 1089 1234 et
1119 1155 1182 1258 ipsi
1221 1155 1381 1261 discipuli
1407 1163 1522 1239 decla*

285 1281 366 1330 rant
391 1259 482 1342 Luc.
507 1257 647 1332 XXIV:
683 1281 740 1352 34.
794 1259 900 1333 Unde
934 1261 1031 1331 slmul
1061 1259 1249 1348 clucescit,
1291 1261 1375 1333 illud
1403 1260 1520 1334 conti·

284 1353 375 1449 gille
402 1353 512 1450 paulo
538 1371 621 1425 ante
635 1355 790 1427 reditum
819 1357 967 1428 duorum
988 1359 1196 1428 lnnmaunte
1214 1355 1521 1453 Hierosolymam,

289 1471 480 1546 antequam
503 1445 627 1543 aliquis
652 1449 901 1544 Apostolorum
930 1453 1041 1548 ipsunt
1070 1451 1230 1540 vidisset,
1256 1473 1324 1526 nec
1350 1474 1422 1524 non
1440 1453 1522 1546 post

285 1549 442 1622 duorum
478 1545 616 1618 illorum
664 1545 797 1619 abitum
834 1550 1115 1636 Emmauntem3
1165 1569 1245 1619 cum
1290 1545 1354 1644 ipsr
1398 1547 1519 1621 dicant

285 1643 456 1733 Christo,
483 1639 564 1736 ipsrs
587 1641 701 1714 adbuc
726 1642 875 1740 ignoto,
900 1669 921 1717 a
952 1643 1097 1717 nemine
1122 1641 1261 1716 suorum
1287 1643 1398 1716 visum
1416 1643 1520 1718 suilse

285 1741 408 1839 Jesum
432 1737 695 1826 resuscitatum,
721 1762 757 1813 v.
785 1761 844 1830 24.

332 1836 367 1936 s.
392 1835 472 1909 XC.
506 1833 644 1934 Quarto
672 1830 753 1908 vice
776 1833 980 1930 Apostolis,
1006 1837 1043 1907 in
1071 1853 1178 1907 unurn
1207 1833 1357 1924 coactis,
1385 1851 1515 1936 excep·

285 1955 327 2008 to
345 1933 490 2020 Torna,
517 1931 673 2018 loribus,
696 1948 848 2025 propter
873 1951 1010 2005 metum
1032 1931 1264 2027 Judoeorum,
1291 1931 1427 2024 clausrs,
1454 1956 1515 2007 eo·

287 2031 372 2103 dem
394 2024 662 2100 resurteklionis
685 2024 763 2115 die,
790 2026 847 2100 seu
869 2027 942 2101 sera
966 2027 1133 2122 vespera,
1161 2023 1344 2122 postquam
1371 2029 1510 2102 Emma-

287 2146 375 2200 unte
408 2120 596 2199 rediissent
626 2121 941 2219 Hierosolymam,
983 2121 1053 2197 sese
1088 2119 1299 2217 inproviso,
1342 2147 1413 2197 non
1445 2147 1511 2222 per

290 2223 418 2296 clausas
433 2221 587 2314 ianuas&
626 2215 685 2291 sed
710 2216 755 2290 iis
775 2217 833 2291 sua
859 2215 988 2316 sponte
1013 2221 1166 2316 apertis,
1208 2217 1389 2313 adparuit,
1425 2221 1514 2294 sese·

292 2339 355 2415 que
377 2313 533 2485 proprio
561 2313 623 2387 suo
648 2335 800 2410 corpore
822 2315 1043 2410 praeditum,
1084 2331 1120 2387 et
1145 2335 1237 2403 non,
1271 2333 1309 2387 nt
1338 2316 1387 2388 illi
1412 2329 1515 2412 puta·

290 2419 388 2506 bunt,
428 2437 454 2510 p
482 2409 634 2484 antasnra
660 2409 749 2498 else,
784 2409 944 2485 manibus
968 2409 1183 2505 pedibusque
1207 2408 1427 2501 monstratis,
1469 2435 1518 2486 ac·

289 2513 370 2584 cibo
391 2507 534 2595 sumto,
567 2504 828 2600 comprobavit.
877 2508 983 2602 Cujus
1012 2505 1241 2603 adparitionis
1272 2507 1515 2582 meminerunt¹

286 2607 430 2704 quidem
457 2605 574 2677 Marc.
600 2620 639 2673 et
661 2601 768 2691 Luc.‚
794 2600 853 2674 sed
878 2603 1055 2698 Jolrannes
1079 2600 1274 2675 distinttms
1299 2610 1514 2681 memoravit

287 2701 419 2779 cnnsti
437 2697 572 2775 didam
592 2716 631 2771 et
648 2694 803 2794 gestum:
830 2721 918 2794 quae
943 2697 1039 2773 enim
1057 2697 1106 2772 illi
1131 2698 1197 2772 hac
1214 2699 1395 2773 occasione
1416 2721 1513 2776 retu··

286 2803 402 2875 lerunt
427 2792 605 2895 generalia
628 2794 725 2883 sunt,
758 2813 795 2867 et
820 2796 863 2867 ad
888 2796 995 2869 finem
1029 2816 1149 2869 morae
1175 2794 1302 2868 Christi
1331 2796 1424 2869 int-er
1448 2822 1514 2872 eos

289 2892 437 2995 proprie
453 2890 656 2990 pertinent,
681 2888 763 2985 Job.
783 2888 908 2983 tradit,
934 2891 1107 2965 Christum
1125 2890 1205 2987 ipsrs
1223 2891 1418 2988 apostolatus
1436 2918 1513 2967 mu-

288 3016 355 3067 nus
369 2986 582 3088 inposuisse,
607 3001 645 3057 et
664 3003 813 3059 externo
822 2986 933 3083 slatus
950 2988 1069 3085 signo,
1095 2987 1137 3062 ad
1156 2990 1357 3082 promissum
1371 2990 1418 3061 de
1430 2991 1510 3084 Spi-

287 3090 385 3161 ritus
407 3088 445 3158 S.
476 3081 645 3156 effosrone
669 3082 965 3171 confirmandum,
998 3083 1089 3177 quast
1115 3080 1349 3174 inauguralle,
1384 3081 1516 3176 absque·

291 3200 443 3266 tamen,
475 3196 537 3271 ut,
556 3177 646 3274 quod
671 3194 834 3270 putatur,
859 3178 971 3271 ipsum
998 3177 1178 3269 spiritum,
1214 3175 1386 3273 leudona
1413 3177 1513 3269 ejus,

287 3298 376 3353 cum
403 3274 450 3348 iis
463 3271 795 3359 communicaverit3
820 3269 917 3344 idern
942 3268 1039 3342 eninr
1063 3267 1113 3341 est
1136 3291 1180 3342 ac
1196 3273 1335 3363 occipite
1350 3267 1517 3364 spiritam

286 3377 327 3452 in
364 3373 440 3447 hoc
470 3369 556 3444 flatu
587 3390 690 3458 meo,
734 3381 895 3465 tanquam
929 3366 1003 3463 ejus
1035 3364 1133 3464 srgno
1168 3383 1328 3439 externo.
1377 3368 1518 3470 Quinta¹

286 3465 532 3547 manifestatio
566 3470 631 3540 odo
662 3464 784 3538 diebus
815 3463 917 3560 poll,
959 3462 1075 3557 primo
1108 3484 1245 3557 quoque
1280 3461 1516 3540 hebdomadis¹

290 3569 367 3659 die,
413 3566 533 3640 Torna
563 3561 765 3658 praesente,
809 3576 847 3633 et
873 3558 917 3632 ad
939 3560 1014 3654 ejus
1035 3557 1316 3631 incredulitatem
1344 3558 1519 3656 superari·-

293 3665 389 3755 darn,
425 3658 605 3758 contigit3
644 3676 746 3753 quam
772 3655 861 3728 solus
884 3653 966 3751 Joh.
991 3652 1118 3726 litteris
1148 3653 1380 3749 consignavit.
1430 3658 1507 3731 To·

289 3774 367 3837 mae
381 3760 598 3855 exprobrata
614 3749 879 3840 incredulitate,
906 3746 987 3847 post
1002 3768 1057 3822 tot
1073 3748 1133 3820 res
1128 3748 1335 3823 urreslionis
1354 3748 1513 3846 indicia,

290 3880 371 3934 eum
389 3855 560 3943 tandem,
573 3846 773 3925 monstratis
788 3848 988 3920 vulneribus
1005 3843 1163 3941 corporis
1179 3845 1359 3933 crucifixi,
1378 3848 1514 3942 plenis--

293 3955 375 4029 snne
393 3949 580 4038 convicit,
602 3946 690 4020 adeo
709 3960 749 4017 ttt
764 3943 802 4015 in
820 3941 1010 4017 notabilem
1029 3941 1120 4013 illurn
1138 3940 1409 4033 comestorem,
1434 3957 1518 4025 nord

290 4050 363 4126 fine
387 4044 532 4123 adsestu
555 4041 746 4142 prolatam,
787 4039 962 4135 eruperit,
1004 4039 1142 4110 Domine
1165 4040 1233 4111 mi!
1272 4058 1304 4111 er
1328 4040 1420 4113 Dent
1442 4036 1516 4117 ini!

359 4203 368 4221 .
393 4145 492 4220 XCI.
516 4139 648 4216 Hucus
663 4163 706 4212 ue
729 4134 904 4210 Dominus
927 4134 998 4208 sese
1023 4133 1059 4205 in
1085 4131 1213 4231 Judaea
1239 4153 1276 4206 et
1302 4135 1521 4217 Hierosolv···

383 4235 609 4315 manifestum
640 4164 791 4322 decent,
831 4232 955 4305 duabus
989 4248 1123 4304 tantum
1157 4229 1296 4304 vicibus
1328 4232 1364 4304 in
1390 4222 1512 4307 medlo

303 4339 338 4411 Α
445 4352 572 4427 orum3·
612 4326 670 4403 sed
703 4347 741 4402 et
767 4328 924 4425 Angelus
950 4328 1122 4423 primunr,
1156 4325 1292 4422 etipse
1321 4326 1512 4421 deinceps,

301 4432 539 4515 roemtoreu-
573 4424 828 4528 adpaitlonem
855 4447 907 4604 pp
939 4424 1092 4508 Galilaea
1129 4422 1366 4524 promiserat,
1405 4445 1526 4530 quam

925 4541 953 4619 4
1410 4537 1521 4606 euim
