3609 5500
288 947 393 1049 '1³28-
491 927 493 930 ⁵
573 877 577 882 ἡ
686 939 837 1108 ἒῦίίονῖἱιρ
862 939 989 1043 Eccles.
1018 934 1132 1042 christ.
1191 887 1238 930 ι’

291 1120 386 1226 nerit
411 1124 524 1198 Lucas
550 1119 588 1197 in
612 1119 693 1201 Ast.
704 1178 715 1215 ,
752 1146 820 1197 nec
846 1121 954 1197 etiam
981 1125 1015 1200 ei
1048 1125 1146 1197 locus
1169 1117 1245 1204 dari
1273 1118 1390 1287 pollet
1413 1127 1519 1206 corni

291 1219 436 1310 modus,
468 1217 565 1293 redte
591 1238 729 1317 tempus
757 1218 851 1294 inter
884 1242 925 1292 ea
956 1220 1096 1296 vincula
1119 1218 1271 1293 interme
1297 1218 1370 1291 ium
1394 1217 1430 1292 ei
1455 1212 1519 1302 ad·

291 1314 468 1409 signatur,
510 1338 581 1412 quo
612 1340 670 1389 eas
700 1316 864 1413 regiones
888 1314 1067 1406 visitavit,
1108 1315 1161 1389 uti
1185 1312 1292 1388 modo
1317 1311 1517 1392 observavi.

288 1411 352 1485 Est
375 1433 483 1505 porro
509 1411 636 1486 eodem
659 1411 768 1510 scopo
792 1408 1011 1509 conscripta,
1036 1434 1108 1509 qun
1132 1412 1231 1506 prior
1253 1410 1296 1483 ad
1318 1408 1513 1500 Timotlr„

287 1506 343 1581 uti
366 1530 412 1581 ex
433 1527 642 1618 argumento
666 1508 742 1605 ejus
765 1505 896 1604 liquet:
923 1506 1043 1606 estque
1068 1506 1164 1582 inter
1192 1507 1265 1581 illas
1287 1504 1389 1605 epist.
1414 1519 1517 1605 magi

290 1627 337 1677 na
362 1622 628 1677 convenientia.
1511 1625 1513 1630 ·

302 1731 305 1740 ·
333 1697 366 1797 s.
391 1698 500 1771 CXX.
541 1700 599 1772 De
626 1698 782 1795 Epistola
806 1698 849 1773 ad
877 1701 1063 1790 Hebraeos,
1102 1721 1191 1795 quae
1222 1696 1327 1769 Paulo
1358 1687 1517 1772 adtribui

285 1793 572 1964 quiliird⁰¹iil
589 1796 705 1964 lltt-
719 1793 855 1989 miii}
877 1790 1519 1988 nillilllslullllltmsl'f·

694 1944 706 1981 ‚
1498 1928 1515 1949 .

325 1984 427 2060 cerit.
477 2014 512 2059 a·
538 1989 641 2059 Circa
662 2006 821 2061 autorem
851 2010 933 2060 cum
960 1989 1114 2062 Veteres
1138 2005 1176 2058 et
1190 1982 1434 2070 Recentiores
1457 1982 1517 2076 seq

283 2103 368 2157 cum
395 2080 620 2171 dissentiant,
644 2103 711 2156 nec
738 2105 869 2156 nomen
887 2082 963 2179 ejus
989 2082 1027 2156 in
1052 2082 1171 2157 fronte
1195 2098 1378 2169 occurrat,
1402 2076 1513 2153 adeo·

284 2176 547 2276 que'udicium
570 2177 680 2252 libere
704 2201 913 2275 expromere
936 2178 1064 2267 liceat,
1095 2200 1177 2251 cum
1204 2174 1384 2264 Luthero,
1414 2177 1512 2252 aera

281 2293 323 2349 et
379 2270 443 2361 iis,
469 2270 585 2362 facio,
610 2272 669 2441 qpi
697 2297 769 2347 non
793 2274 957 2365 Paulum,
992 2273 1050 2348 sed
1077 2273 1227 2382 Apollo,
1259 2269 1375 2347 virum
1399 2270 1514 2345 diser·

275 2387 383 2458 -tum,
422 2366 519 2441 Pauli
555 2385 593 2441 et
664 2368 814 2444 imothei
848 2393 987 2466 quoque
1018 2368 1244 2457 familiarem,
1278 2390 1306 2441 -a
1328 2390 1398 2464 quo
1429 2366 1515 2442 sese

283 2462 445 2541 nonnulli
477 2462 515 2536 in
539 2463 692 2540 Ecclesia
724 2465 971 2556 Corinthiaca,
1013 2487 1122 2561 aeque
1154 2487 1195 2536 ac
1231 2459 1289 2536 alii
1324 2486 1345 2536 a
1372 2463 1507 2556 Paulo,

283 2558 580 2651 denominatum,
605 2582 671 2657 pro
697 2579 819 2634 autore
849 2561 992 2635 habent.
1042 2562 1287 2655 Praeterquam
1308 2558 1401 2655 quod
1417 2560 1508 2634 Pau·

282 2656 337 2730 lus
360 2677 491 2728 nomen
514 2653 611 2729 suum
645 2677 718 2729 non
750 2656 965 2745 reticuisset,
1010 2678 1077 2735 nec
1103 2654 1243 2752 usquam
1273 2651 1312 2727 in
1345 2651 1505 2751 epistolis

281 2751 396 2839 secit,
435 2774 466 2825 1.
492 2753 587 2826 nullo
611 2751 746 2825 indicio
772 2753 912 2851 prodit,
946 2753 980 2826 se
1004 2771 1063 2826 aut
1093 2748 1304 2848 Apostolum
1327 2752 1505 2839 elle,·aut

281 2849 354 2921 ullo
376 2867 522 2921 munere
549 2847 587 2920 in
611 2846 765 2921 Ecclesia
791 2847 1007 2944 praeditum,
1050 2848 1117 2920 ulla
1143 2845 1309 2920 vestitum
1334 2845 1504 2921 autorita-

281 2961 340 3017 te:
373 2943 447 3015 imo
472 2943 507 3016 se
532 2967 553 3017 a
574 2940 787 3018 Dutloribus
814 2942 1016 3040 distinguit,
1048 2942 1188 3040 seseque
1213 2943 1375 3032 excusat,
1405 2944 1504 3038 quod

280 3038 343 3114 has
358 3038 492 3113 litteras
507 3038 781 3121 adhortatorias.
798 3062 839 3114 ac
856 3037 1129 3127 consolatorias,
1148 3038 1216 3112 scri
1245 3037 1327 3112 serit
1344 3061 1374 3113 c.
1393 3040 1499 3114 Xlll:

284 3156 346 3231 17,
376 3145 433 3226 18,
462 3158 518 3212 22.
571 3134 676 3305 {uod
700 3136 869 3232 personae
892 3132 988 3208 redle
1012 3134 1178 3302 Apollos,
1217 3134 1261 3209 ed
1284 3157 1358 3208 non
1381 3132 1502 3229 Pauli,

283 3230 469 3308 convenit.
523 3257 556 3307 2.
615 3257 671 3305 um
705 3233 776 3307 sese
809 3229 985 3305 Hebraeis
1017 3231 1202 3328 ajnngat,
1245 3249 1406 3326 tanquam
1437 3233 1501 3338 qui
1550 3239 1552 3243 ’

281 3327 472 3400 atestibus
495 3327 571 3398 aliis
602 3326 797 3397 dostrinam
823 3324 972 3409 Christi,
1013 3349 1122 3420 aeque
1145 3350 1186 3398 ac
1210 3325 1280 3417 illi,
1318 3325 1502 3401 hauserint

282 3442 315 3492 e.
342 3423 388 3491 ll:
417 3442 448 3512 3.
477 3420 639 3516 nusquam
660 3418 884 3492 immediatam
913 3417 973 3491 srbi
999 3418 1124 3493 fassam
1151 3420 1402 3496 revelationem
1420 3444 1498 3494 me·

283 3524 421 3599 moret5
446 3513 543 3586 secus
566 3537 608 3591 ac
633 3515 753 3586 Paulus
775 3514 892 3588 facere
919 3513 1068 3605 solebat,
1100 3515 1152 3590 uti
1178 3518 1253 3595 Gal.
1278 3519 1305 3592 Ι.
1332 3535 1369 3589 et
1390 3517 1500 3611 alibi,

283 3610 329 3683 de
360 3607 429 3681 alio
460 3608 634 3705 scriptore
669 3608 799 3683 radius
838 3610 1062 3707 cogitamus,
1103 3615 1212 3709 qualis
1251 3613 1381 3686 Aollo
1412 3612 1496 3691 fuit.

285 3729 318 3802 3.
343 3707 385 3777 ln
410 3727 511 3799 quem
537 3729 675 3801 quoque
699 3704 847 3793 restius,
880 3731 981 3805 qnam
1008 3708 1170 3798 Paulum,
1204 3731 1271 3804 qua
1297 3727 1367 3796 rut,
1401 3712 1498 3806 quod

280 3802 320 3876 in
345 3801 413 3873 hac
435 3799 536 3897 epist.
562 3799 776 3875 sublimiores
801 3802 951 3876 sectetur
977 3800 1171 3891 dominas,
1197 3828 1277 3879 cum
1295 3803 1390 3876 Pauli
1406 3827 1492 3900 pro-

279 3896 397 3993 prium
429 3893 470 3968 lit
491 3900 665 3993 plantare,
697 3897 755 3971 sed
782 3899 913 3995 Apollo
942 3901 1070 3993 rigare,
1114 3901 1233 3976 1Cor.
1257 3900 1323 3973 Ill.
1350 3896 1402 3971 uti
1431 3900 1497 3976 hic

276 3993 321 4067 fit
337 4015 369 4071 c.
396 3993 446 4066 V:
472 4017 527 4068 11.
554 3996 620 4068 Vl:
644 4017 673 4066 1.
698 4014 767 4070 etc.
815 4019 849 4088 4.
876 3992 1001 4083 Stilus,
1027 4017 1096 4089 quo
1112 3992 1263 4091 scriptor
1283 3993 1415 4082 utitur,
1439 3996 1494 4072 est

278 4086 467 4177 rotundus,
502 4088 718 4179 rhetoricus,
760 4110 796 4163 et
821 4093 1012 4178 oratorios,
1044 4088 1192 4184 Apollo,
1224 4091 1285 4190 qui
1308 4091 1410 4187 alyne
1431 4091 1494 4166 ad·

187 4202 197 4214 ··
278 4186 449 4286 pellatur,
481 4203 518 4256 et
545 4186 601 4257 cui
630 4188 720 4279 slyr<
744 4188 870 4284 χάριτος
894 4186 1003 4283 sermo
1027 4184 1185 4278 elegans,
1223 4211 1267 4262 ac
1300 4185 1496 4286 gratiosus,

275 4282 463 4368 tribuitur,
503 4279 583 4356 An.
610 4284 748 4357 XVlll:
776 4307 834 4375 24,
868 4307 924 4378 27.
953 4278 1024 4378 (dul
1046 4281 1172 4379 >gripum
1202 4283 1299 4357 enim
1329 4281 1381 4358 ibi
1416 4282 1496 4377 est,

275 4399 358 4486 ruys
380 4407 458 4479 χωρ.
481 4376 534 4452 uti
559 4401 590 4453 c.
615 4379 719 4456 XIV:
748 4375 800 4479 3.)
827 4376 1124 4473 convenientior,
1155 4401 1257 4480 quam
1279 4380 1408 4473 Paulo,
1432 4402 1498 4493 cu.

278 4530 288 4541 .
330 4550 334 4557 ,
364 4536 368 4543 ,
1427 4499 1493 4574 μω
