3609 5500
798 921 907 1003 Strui.
939 923 992 1008 ΙΙ.
1433 932 1505 1023 543

283 1101 459 1208 pretium:
486 1127 554 1185 nec
569 1100 690 1183 faciles
712 1102 802 1181 mihi
827 1107 997 1182 videntur
1021 1102 1388 1205 habere-explicatus,
1414 1125 1504 1204 quae

284 1208 333 1280 de
357 1205 491 1300 Sophiae
516 1201 803 1303 perturbatione,
838 1204 988 1297 indeque
1013 1223 1091 1275 nata
1116 1203 1310 1299 enrhymefi,
1342 1206 1402 1278 scu
1428 1224 1517 1278 rna-¹

287 1317 344 1373 tre
362 1299 583 1389 Achamoth,
607 1299 836 1373 materialium
853 1318 890 1371 et
909 1298 1109 1372 animalium
1125 1299 1327 1397 principio,
1354 1299 1502 1373 undeet

289 1393 507 1494 Demiurgus
526 1418 641 1471 ortum
657 1398 785 1485 habet,
811 1393 1002 1470 traduntur.
1050 1394 1178 1469 Vlderi
1198 1392 1335 1491 potest,
1361 1412 1504 1491 praeter

286 1487 398 1580 alios,
430 1493 614 1568 Beausobr.
646 1491 739 1565 Hist.
775 1490 938 1565 Manich.
974 1510 999 1566 t.
1025 1492 1073 1565 ll.
1099 1515 1134 1589 p.
1163 1497 1244 1582 156.
1294 1492 1329 1564 ui
1354 1488 1510 1589 systema¹

288 1586 480 1665 Valentini
505 1589 550 1663 de
577 1586 711 1685 origine
736 1588 837 1660 Entis
871 1604 908 1659 et
931 1587 1156 1685 Enthymesr,
1189 1586 1248 1663 vel
1269 1514 1502 1675 Achamoth,

287 1682 487 1760 sccundus
510 1706 655 1759 conatus
677 1680 727 1755 est
743 1704 934 1780 exponere.
984 1682 1083 1759 Mihi
1110 1684 1275 1759 nonnulla
1299 1680 1502 1782 generalia,

287 1801 382 1880 quae
405 1778 476 1853 sese
500 1781 561 1854 hic
578 1780 753 1870 offerunt,
779 1778 954 1854 tradidisse
977 1779 1174 1855 suffecerit·
1215 1802 1247 1855 1.
1269 1778 1415 1853 Primum
1429 1776 1504 1874 est,

289 1893 437 1978 praeter
460 1876 627 1951 mundum
652 1876 831 1965 divinum,
856 1894 894 1947 et
910 1872 1106 1972 purissimae
1130 1874 1403 1973 spiritualitatis,
1428 1876 1507 1950 door
1631 1955 1635 1963 ,

295 1969 369 2048 elie
392 1970 497 2061 alios,
523 1971 712 2064 iroriyslilrm
734 1988 765 2043 et
790 1970 1054 2067 aclspcslalilem,
1087 1990 1236 2083 quorum
1260 1974 1315 2045 ille
1339 1971 1506 2049 arinates

293 2062 499 2145 substantias
525 2065 615 2145 varii
640 2065 798 2167 generis,
831 2088 868 2140 ct
891 2066 1073 2143 materiam
1098 2066 1307 2159 informem,
1327 2112 1329 2116 ,
1348 2068 1507 2167 adeoque

291 2159 527 2253 invisibilem,
551 2163 604 2239 hir
625 2186 681 2237 res
704 2165 853 2239 formam
875 2160 1065 2253 habentes,
1092 2163 1266 2239 continet.
1307 2168 1400 2243 iren.
1426 2165 1448 2241 l.
1473 2165 1506 2243 sa

233 2351 236 2356 Ι
295 2278 334 2354 c.
358 2282 393 2352 4.
426 2260 593 2357 passiones
615 2280 803 2357 corporeas
827 2257 1031 2334 Achamoth
1065 2260 1103 2334 in
1124 2260 1191 2335 olo'
1237 2291 1285 2337 m
1307 2267 1379 2348 eam
1404 2278 1507 2337 malr·

293 2357 384 2431 riam
415 2358 657 2526 incorpoream,
695 2355 852 2451 adeoque
879 2354 1110 2446 invisibilem,
1149 2381 1172 2432 e
1202 2372 1420 2446 eminatas,
1454 2358 1509 2431 se·

294 2448 451 2527 cundum
473 2451 610 2525 ilorum
638 2451 865 2549 opinionem,
896 2452 1065 2525 adfirmat.
1120 2473 1154 2526 a.
1179 2454 1356 2530 Secundam
1379 2453 1508 2545 habet,

294 2546 502 2640 nuteriam,
529 2549 586 2621 vcl
612 2546 732 2620 saltem
757 2548 831 2643 ejus
856 2547 1000 2637 modos,
1024 2565 1063 2620 et
1086 2544 1238 2623 diversas
1262 2548 1463 2647 qualitates,
1485 2573 1508 2625 a

294 2641 479 2742 spirituali
505 2643 617 2740 aliqua
642 2641 793 2741 supremi
819 2642 1021 2740 pleromatis
1044 2644 1249 2735 substantia,
1276 2669 1363 2744 quae
1389 2646 1509 2723 aneo

292 2736 434 2818 summo
466 2741 572 2837 longe
597 2738 716 2829 distat,
763 2741 813 2814 ori
843 2739 939 2814 inem
962 2759 1144 2837 repetere:
1184 2742 1272 2818 adeo
1304 2763 1344 2819 ut
1367 2767 1409 2818 ea
1433 2742 1510 2841 pri·

292 2854 393 2919 mum
407 2835 515 2910 fuerit
541 2835 748 2932 passionibus
766 2834 937 2933 subjecta,
960 2854 998 2909 et
1015 2836 1098 2910 inde
1122 2841 1294 2913 materiale
1320 2838 1404 2937 quid
1422 2859 1527 2923 con·¹

293 2931 461 3009 merit.
513 2932 631 3008 Dubie
662 2933 799 3007 locutus
824 2931 917 3021 sum,
957 2931 1036 3027 quia
1067 2954 1135 3038 pro
1161 2952 1261 3008 certo
1296 2957 1369 3006 non
1401 2933 1509 3008 ausint

291 3029 467 3121 statuere,
500 3051 584 3101 num
610 3032 782 3102 materiam
806 3023 1004 3101 'censuerint
1025 3028 1108 3121 quid
1134 3027 1363 3121 produtium,
1395 3047 1440 3097 an
1463 3028 1509 3102 ab

296 3144 463 3216 aeterno,
501 3142 538 3197 et
563 3126 646 3198 Deo
669 3126 803 3198 summo
828 3138 1074 3207 coaeternum,
1114 3119 1164 3196 ita
1190 3139 1230 3193 ut
1254 3123 1441 3196 modorum
1468 3138 1509 3196 et
1565 3209 1568 3215 ¹

296 3221 506 3321 qualitatum
530 3221 623 3317 ejus,
644 3219 716 3316 jam
739 3217 941 3304 existentis,
976 3213 1150 3312 originem
1172 3217 1276 3292 matri
1303 3214 1510 3292 Achamoth

293 3313 552 3414 adsmipserint.
600 3319 848 3430 Fmgmentum
876 3311 1061 3391 Valentini
1085 3313 1178 3410 apud
1205 3315 1313 3391 Grab.
1339 3316 1361 3388 l.
1389 3337 1420 3389 c.
1446 3313 1507 3392 ha·

293 3416 359 3510 bet
375 3411 538 3512 quidem,
564 3431 733 3487 materiam
756 3407 827 3484 else
844 3404 1224 3503 Deocoexistentem3
1247 3411 1307 3487 sed
1334 3434 1418 3485 num
1434 3411 1511 3487 De·

203 3602 208 3609 ¹
291 3508 495 3608 miurgum,
530 3530 573 3585 an
601 3509 717 3583 Deum
740 3508 908 3581 summum
932 3505 1126 3604 intelligat,
1159 3509 1254 3584 forte
1280 3506 1421 3584 definiti
1445 3532 1509 3585 ne·

294 3606 398 3707 quit,
422 3605 544 3700 utique
569 3605 613 3677 de
633 3628 677 3679 eo
704 3602 811 3677 Dosli
837 3603 1054 3678 dissentiunt.

302 3710 310 3717 '
347 3698 380 3812 h
404 3700 619 3779 CLXXVII.
647 3725 679 3797 3.
700 3699 844 3773 Tertium
860 3698 932 3788 est,
956 3697 1120 3772 animales
1136 3698 1355 3787 substantias,
1380 3716 1418 3771 et
1434 3719 1509 3774 ma·

298 3800 427 3870 terram
454 3798 574 3872 saltem
610 3796 865 3887 modificatam,
908 3795 1029 3869 haberi
1056 3817 1121 3888 pro
1152 3799 1267 3867 abortu
1295 3794 1508 3890 sapientiae,

298 3889 362 3965 seu
386 3890 574 3988 sapientiae
600 3891 817 3989 inperletiae
843 3889 986 3964 efferto.
1035 3889 1173 3984 Sophiae
1201 3891 1296 3962 enim
1327 3892 1511 3987 perturba·

295 3982 376 4078 tio,
405 3989 497 4064 unde
524 4008 600 4063 orta
625 3988 675 4061 est
699 3987 922 4075 Achamoth,
966 3984 1178 4082 reliquorum
1203 3985 1411 4061 mundorum
1437 3985 1513 4083 pri·

265 4178 267 4182 Α
296 4107 395 4160 rnum
436 4084 645 4184 rincipium,
679 4084 767 4158 nihil
788 4083 876 4158 aliud
900 4104 942 4154 ac
965 4079 1155 4180 sapientiae
1181 4081 1392 4157 inmaturum
1417 4083 1511 4155 fruc·

296 4201 373 4256 tum
400 4109 579 4279 designare
604 4180 766 4271 videtur,
796 4203 864 4253 nec
892 4202 937 4252 ex
965 4199 1066 4253 certo
1092 4178 1257 4268 consilio,
1283 4203 1351 4253 nec
1373 4178 1514 4272 sapien·

295 4279 369 4352 tiae
388 4279 564 4374 persediae
580 4277 739 4365 distatis,
766 4275 997 4372 produdium,
1016 4277 1174 4371 adeoque
1193 4275 1335 4348 divinae
1355 4296 1511 4346 oecono-

288 4373 406 4478 miae,
428 4373 499 4465 seu
512 4375 689 4475 superiori
714 4371 923 4471 pleromati,
937 4393 1023 4463 ,non
1051 4371 1265 4467 convenire,
1287 4392 1356 4448 nec
1379 4367 1449 4443 elle
1466 4389 1517 4442 ex

851 4469 1000 4569 Yrrr
