3609 5500
663 985 667 994 ·
778 933 887 1021 Secti.
913 906 965 1022 Ii
1412 933 1485 1040 sii?
1551 969 1554 975 ·
1681 1029 1688 1037 ,

267 1117 504 1220 antiquiores,
530 1117 601 1195 five
617 1122 850 1214 recentiores,
876 1124 956 1198 satis
969 1125 1108 1200 aliunde
1131 1138 1257 1217 notos,
1281 1140 1481 1223 praetereo.
1576 1129 1582 1138 '

268 1223 368 1299 Dare
393 1220 567 1307 conabor,
609 1241 654 1291 ex
677 1220 842 1316 genuinis
873 1222 1128 1312 monumentis,
1168 1224 1313 1295 brevem
1338 1224 1484 1294 Monta·

267 1312 624 1403 numinianum,
650 1335 746 1390 certa
761 1321 803 1391 ab
821 1316 987 1408 incertis,
1014 1316 1072 1391 seu
1098 1316 1205 1409 falsis,
1240 1317 1481 1393 distincturus.

268 1411 361 1488 Sunt
380 1411 478 1483 enim
504 1409 568 1506 ipsr
594 1429 732 1507 qaoque
751 1410 880 1487 vetusti
904 1431 1046 1488 autores
1069 1433 1200 1503 caute,
1227 1433 1265 1485 et
1287 1435 1369 1489 cum
1389 1410 1485 1507 judi·

270 1509 354 1607 cio,
377 1505 539 1601 legendi,
565 1509 624 1604 qui
649 1530 731 1581 eum
749 1531 844 1606 oppu
871 1530 1006 1587 narunt.
1059 1514 1148 1585 Cum
1172 1509 1267 1585 enim
1284 1504 1485 1582 Montanii·

270 1621 331 1679 tae
356 1600 558 1674 Catholicos
580 1604 794 1697 adpellarent
816 1530 1003 1702 pinciniana,
1035 1607 1095 1682 seu
1119 1607 1291 1695 carnales,
1331 1622 1369 1677 er
1391 1602 1486 1701 sper·

271 1715 423 1787 nerent,
465 1695 603 1793 ieseque
629 1698 734 1797 super
758 1722 819 1772 eos
851 1700 1082 1791 extollerent,
1125 1722 1162 1777 et
1187 1697 1403 1801 persediore
1426 1695 1486 1795 agi

272 1792 401 1894 spiritu
432 1793 636 1885 crederent,
679 1794 718 1868 in
750 1794 869 1869 odium
902 1821 1025 1870 eorum
1065 1796 1286 1888 inciderunt,
1325 1796 1415 1870 adeo
1448 1809 1489 1867 ut

274 1888 499 1987 quoeunque
535 1913 693 1963 rumores
724 1889 769 1963 de
797 1892 1029 1967 Montanistis
1059 1892 1189 1991 sparsos
1221 1892 1325 1968 avide
1348 1889 1489 1987 adripu-

275 1985 383 2075 erint.
417 1985 495 2081 Ipse
510 2004 614 2059 autor
637 1984 796 2083 antiquus
811 1986 1002 2065 catholicus
1017 1987 1166 2082 fatetur,
1193 1988 1285 2087 apud
1302 1988 1382 2063 Eus.
1406 1987 1428 2063 l.
1455 1992 1489 2060 c,

275 2079 413 2169 ramae,
444 2098 480 2153 et
502 2101 575 2153 non
598 2101 715 2155 certae
741 2081 927 2176 scientiae,
963 2084 1147 2178 nonnulla,
1178 2108 1265 2184 quae
1290 2084 1335 2159 de
1363 2081 1408 2157 iis
1433 2089 1497 2178 rja-'-

275 2178 454 2266 tulerunt,
478 2197 624 2273 accepta
649 2176 719 2251 effe
743 2176 909 2268 ferenda,
933 2182 1115 2259 Montanus
1139 2196 1171 2256 et
1193 2179 1409 2268 Maximilla,
1434 2177 1490 2260 iu·

277 2272 439 2373 quinat
454 2267 562 2367 sarna
583 2271 649 2367 est,
682 2276 725 2345 ab
748 2273 861 2443 iyana
875 2272 1000 2371 spiriru
1023 2280 1178 2368 incitari,
1210 2279 1319 2372 laqueo
1334 2273 1404 2369 stae·
1424 2297 1488 2369 ga·

272 2369 537 2463 lamfregeranr.
588 2367 720 2443 Clarius
739 2393 759 2441 a
783 2373 874 2459 huc,
887 2370 943 2444 'de
959 2370 1060 2445 exitu
1085 2370 1272 2446 Theodoti
1288 2366 1490 2442 Montanis·

277 2485 338 2543 tae
362 2468 519 2554 locutus,
544 2461 739 2562 subjungit,
764 2482 796 2537 er
823 2466 858 2538 id
881 2470 1006 2562 quidem
1029 2470 1080 2539 ira
1093 2464 1226 2563 fatiunt
1251 2463 1310 2561 ff
1333 2470 1493 2551 narrant,

267 2561 338 2666 fad
360 2563 506 2658 qnoniam
528 2559 589 2656 ipſs
615 2564 849 2654 naaridt'rnar,
872 2587 1071 2659 nequaquam
1086 2558 1310 2661 existimamus
1329 2582 1383 2634 nos
1402 2560 1494 2655 quin

271 2679 375 2832 Ξκωη
398 2678 503 2727 aarum
527 2673 613 2729 certa
638 2656 822 2754 cognoscere
844 2673 906 2733 erc.
931 2661 1093 2734 observat
1119 2680 1258 2756 quoque
1283 2676 1385 2735 autor
1394 2675 1493 2753 praa

267 2826 270 2831 ,
299 2779 315 2826 a

306 2752 451 2854 flinati,
487 2752 746 2847 Tertullianum
768 2752 803 2827 in
821 2753 932 2845 libro,
966 2758 1026 2854 qui
1043 2779 1137 2832 nunc
1154 2776 1228 2830 non
1246 2753 1377 2848 exstat,
1402 2773 1496 2839 noae,

273 2851 387 2940 nulia,
411 2866 450 2921 ut
473 2845 556 2920 saiso
581 2849 739 2946 objetia‚
766 2849 941 2925 refutasse.
1338 2903 1341 2910 .

326 2945 360 3053 §.
386 2944 547 3018 CXCIV.
579 2947 858 3037 Montanismus,
892 2967 931 3019 ut
958 2948 1001 3018 ab
1027 2970 1072 3020 eo
1095 2944 1327 3020 describendo
1352 2944 1492 3033 ordiar,-

271 3066 367 3122 vero
392 3039 453 3114 suo
479 3039 689 3137 conspeiiu,
713 3041 806 3138 quod
830 3041 1040 3138 praemitto,
1066 3064 1138 3113 non
1165 3064 1231 3134 pro
1247 3040 1397 3147 haeresi,
1430 3036 1491 3111 sed
1614 3058 1625 3083 ·

275 3136 392 3226 setta,
414 3135 593 3209 habendus
608 3137 677 3230 est,
702 3138 799 3234 cujus
817 3136 917 3211 causa
934 3159 1007 3210 non
1026 3153 1097 3209 tam
1115 3133 1152 3207 in
1162 3132 1372 3224 Catholicis,
1390 3139 1493 3230 quam

277 3233 364 3334 ipstr
390 3229 634 3323 Montanistis,
670 3233 865 3330 quaerenda
887 3229 1044 3322 videtur,
1076 3253 1157 3303 cum
1175 3229 1214 3304 hi
1232 3229 1309 3303 illos
1327 3246 1497 3326 tanquam·

267 3329 455 3421 ,carnaim
496 3344 532 3399 et
557 3325 672 3402 falsam
704 3327 960 3401 constituentes
984 3324 1193 3417 Ecclesiam,
1225 3323 1492 3418 damnaverint,

272 3424 371 3528 quod
395 3421 599 3519 rigidiorem
626 3446 698 3497 non
731 3423 944 3499 sectaremur
957 3420 1195 3521 disciplinam,
1218 3441 1257 3496 et
1274 3425 1493 3499 Montanum
1602 3443 1605 3449 ’

273 3543 303 3601 a
322 3516 683 3611 Paradene-durium,
707 3519 863 3618 adeoque
887 3518 983 3593 hunc
1009 3520 1047 3594 in
1065 3518 1125 3593 illo
1140 3516 1347 3617 respuerint.
1399 3519 1493 3593 Ter*

273 3619 352 3695 tull.
378 3634 499 3688 contra
526 3614 623 3689 Prarr.
650 3638 682 3690 c.
711 3639 740 3691 1.
767 3617 849 3714 ipsis
871 3615 990 3690 verbis
1003 3612 1111 3690 dicit:
1143 3632 1175 3689 ar
1193 3640 1249 3688 nas
1267 3612 1492 3712 qaidrmpalt·

277 3707 794 3888 issagddiiiss⁶ii‘³tdissf
808 3709 1151 3882 internata
1168 3708 1403 3879 “fidia
1421 3705 1494 3899 ’ἷὲὲ

274 3917 393 3997 turer
413 3900 465 3973 iric
481 3833 827 4000 adversusgpsychicos
844 3905 979 3992 titulus,
1005 3894 1157 3996 adversus
1173 3922 1264 3975 mear
1286 3923 1405 3998 qaoque
1413 3899 1494 3993 Jon-

273 4003 406 4081 rrnriar
427 4014 516 4097 retro·
528 4015 626 4090 penes
649 4002 719 4074 illos
735 3998 938 4095 societatem.
989 3995 1121 4092 Utique
1140 3994 1239 4073 >circa
1264 3995 1392 4094 dogma
1408 3993 1495 4070 fidei
1618 4011 1620 4013 ’

273 4095 484 4176 Catholicae
510 4094 639 4167 nullom
666 4094 916 4183 dissenserunt,
943 4091 999 4167 sed
1024 4093 1060 4166 in
1077 4094 1197 4190 praxi,
1222 4090 1501 4179 conversatione]

269 4201 393 4282 vitae,
417 4212 459 4264 ac
480 4188 656 4281 moribus,
679 4190 833 4266 severius
856 4213 897 4265 ac
920 4186 1086 4264 austerius
1111 4188 1207 4265 vitae
1231 4212 1344 4286 genus
1371 4183 1496 4295 sediati

273 4292 359 4371 finnt
377 4282 643 4378 Montanistae,
674 4289 804 4382 sibique
822 4285 956 4362 donum
975 4286 1227 4382 Prophetic‘um
1251 4283 1495 4359 vindicarunt:

267 4377 331 4484 'rati
354 4386 501 4486 sequena
525 4380 671 4464 docebit
695 4383 870 4465 mastatio.
920 4381 1024 4457 Tert.
1057 4380 1105 4457 de·
1130 4383 1248 4481 Jejun.
1280 4402 1312 4456 c.
1349 4402 1381 4452 1.
1416 4372 1507 4473 ipris·

297 4487 306 4527 ’-
741 4496 744 4501 ’
805 4473 976 4567 ababa
1336 4473 1499 4555 adfirmat
