3609 5500
542 914 624 1003 ω’
934 902 1081 1004 infirm
1103 906 1238 1008 'Ecciefl
1262 859 1378 1008 timii.

551 1086 659 1161 Licet
690 1082 788 1160 enim
813 1102 939 1160 eontra
970 1089 1154 1163 Sabellium
1189 1091 1310 1163 eadem
1342 1087 1483 1164 ratione
1512 1079 1734 1185 disputarem

553 1183 709 1260 Veteres
735 1206 778 1257 ac
799 1205 925 1257 contra
946 1208 1029 1271 eom
1055 1210 1137 1260 num
1162 1205 1286 1276 tamen
1309 1207 1347 1261 et
1372 1187 1431 1275 hi,
1456 1208 1566 1282 aeque
1593 1205 1638 1257 ac
1656 1182 1734 1254 Sabi

552 1279 640 1367 lius,
674 1278 843 1375 ejusmodi
871 1275 1067 1373 efficientias
1093 1306 1156 1379 per
1188 1286 1313 1355 imum
1338 1301 1375 1355 et
1401 1281 1575 1378 Spiritum
1599 1279 1639 1351 S.
1666 1277 1734 1348 inti

555 1375 731 1464 lexerint,
763 1378 907 1450 dubium
930 1379 1001 1464 est,
1043 1399 1087 1449 eo
1111 1378 1240 1475 magis,
1281 1380 1375 1475 quod
1399 1380 1585 1452 timerimen
1611 1375 1697 1445 iilud
1723 1395 1734 1441 t

552 1468 650 1548 ferte
681 1494 861 1545 notarent
890 1474 924 1570 J.
960 1474 1162 1546 Damascen.
1197 1479 1218 1548 1.
1251 1498 1283 1549 c.
1336 1475 1511 1563 Accedit,
1551 1472 1705 1566 Origen.

552 1569 669 1648 Mart.
696 1591 731 1663 p.
757 1592 841 1661 470.
866 1593 929 1642 eos
953 1592 1165 1656 memorare,
1191 1570 1251 1665 qui
1274 1573 1410 1643 Patrem
1437 1593 1474 1642 et
1492 1568 1623 1642 Filium
1648 1566 1734 1645 rim

553 1666 637 1747 miro
659 1674 709 1737 im
730 1665 885 1759 persona,
929 1666 984 1738 seu
1003 1665 1231 1762 suistsimria,
1274 1691 1369 1737 anam
1397 1665 1573 1753 statuunt,
1607 1661 1734 1760 spino

555 1775 628 1864 pirgi
654 1773 706 1835 mi
726 1779 783 1837 trit
805 1763 927 1859 ὁιὸμιη
950 1769 1107 1856 itepirrir
1132 1764 1165 1837 ri
1187 1774 1213 1838 ii
1237 1768 1420 1858 ὑποκείμενον
1449 1762 1518 1851 [ola
1550 1765 1734 1854 cogitativa

554 1885 590 1938 tr
614 1864 816 1947 rtomirtiims,
845 1885 941 1933 mmm
966 1865 1106 1955 idemque
1120 1861 1303 1958 J'iiiryeiium
1330 1867 1519 1932 dirruentes.

606 1958 639 2057 ᾗ.
667 1957 764 2029 CVI.
806 1957 915 2029 Forte
944 1959 1030 2030 ninii
1056 1960 1148 2031 aliud
1179 1959 1366 2029 voluerunt
1392 1950 1631 2049 Patrtpaffiani
1667 1949 1734 2024 di&

558 2060 720 2151 acquod
748 2053 903 2147 Betyiius
926 2051 1064 2143 statuit,
1096 2052 1298 2126 Bostrorum
1333 2051 1371 2124 in
1398 2051 1530 2123 Arabia
1555 2047 1734 2145 Episcopi

548 2147 606 2227 'ab
633 2151 791 2243 Origene
813 2152 850 2218 in
865 2149 1031 2246 Synodo,
1057 2171 1136 2224 ann.
1164 2159 1246 2244 238.
1272 2146 1416 2233 coaeta,
1438 2168 1518 2219 cunr
1536 2166 1585 2216 eo
1601 2144 1734 2238 disputa

559 2265 618 2332 te,
642 2265 721 2316 rato
741 2246 925 2338 exemplo,
950 2247 1136 2318 conversus
1163 2251 1206 2318 ad
1235 2244 1406 2338 saniorem
1428 2262 1611 2328 mentem,
1640 2260 1734 2336 temp

558 2363 598 2416 re
626 2340 778 2413 Gallieni
803 2339 1039 2434 inperatoris3
1074 2363 1112 2414 ut
1144 2339 1249 2412 tradit
1273 2342 1396 2412 Eufeb.
1423 2339 1472 2411 H.
1500 2337 1569 2410 VI:
1598 2359 1655 2430 33.
1705 2338 1734 2411 n

561 2437 654 2538 gass'e
681 2437 732 2508 ibt
755 2435 867 2508 fertur
890 2437 1064 2535 Beryiitts,
1089 2439 1263 2509 Christum
1286 2433 1496 2535 recoperint
1517 2432 1576 2506 uui
1601 2438 1680 2506 iiia·
1704 2440 1734 2508 ii

561 2529 760 2631 περιγραφήν
786 2528 864 2629 (seu
889 2554 971 2606 ante
1001 2532 1277 2609 incarnationem
1304 2534 1459 2608 habuiii'e
1489 2534 1657 2625 propriam
1688 2531 1734 2627 effi

562 2640 631 2709 tiae
648 2626 974 2724 circumscriptionem
1002 2629 1047 2703 h.
1063 2652 1094 2704 e.
1122 2628 1394 2718 subiistentiam,
1417 2630 1476 2701 seu
1492 2626 1682 2702 erientiam
1703 2630 1734 2702 ci

559 2726 820 2810 mereamim,
845 2742 880 2795 et
896 2724 1035 2799 seorsim
1059 2724 1315 2801 subststentem:
1339 2728 1375 2800 id
1393 2717 1493 2815 enini
1514 2722 1671 2821 phrasis,
1695 2750 1734 2799 m

562 2826 609 2898 tis
633 2822 776 2894 obscura
793 2818 887 2908 visa,
912 2824 1059 2913 omnino
1085 2820 1273 2922 significat)
1288 2823 1424 2910 addit,
1451 2815 1609 2894 statuiss'e
1624 2825 1710 2915 ‘pail
1729 2860 1734 2915 p

562 2921 698 3004 &imma
723 2921 801 2989 rito
824 2917 905 3012 ἔχειν
935 2942 1031 3012 neque
1061 2920 1230 2992 Deirarem
1267 2923 1430 3016 propriam
1470 2917 1592 2989 harere
1627 2920 1734 3017 (i'cilit

563 3018 643 3122 post
667 3015 891 3091 nativitatem
924 3038 969 3088 ex
993 3017 1130 3104 Maria,
1172 3016 1263 3112 qood
1295 3038 1367 3087 non
1394 3011 1618 3085 observatum
1644 3016 1734 3089 Do&

562 3113 701 3193 a'vera
739 3113 813 3207 ejus
851 3130 972 3183 mente
1003 3108 1164 3208 abduxit)
1203 3119 1277 3184 im·
1305 3115 1570 3207 {promomine
1602 3119 1734 3209 ὀντῷμ

561 3226 612 3298 «ξι
636 3210 767 3309 suipitii
783 3206 845 3305 sed
859 3213 892 3279 irt
900 3207 941 3301 se
957 3206 1141 3300 rrſsdenrrm
1158 3206 1269 3303 solam
1294 3213 1471 3282 Paternum
1492 3207 1734 3309 Deitarerrr(i1.

563 3315 703 3387 Patrem
735 3312 769 3378 se
803 3305 839 3375 in
874 3304 1013 3377 ernisto
1052 3305 1196 3378 homine
1229 3305 1516 3400 conspiciendum
1551 3307 1734 3398 praeburff

562 3426 714 3496 eumque
739 3399 902 3472 animaffe
926 3419 963 3470 et
980 3399 1143 3496 duxiffe.)
1192 3400 1306 3500 Quam
1324 3404 1661 3494 interpretationem
1682 3426 1734 3501 egr

592 3502 624 3571 ie
646 3495 832 3568 confirmat
850 3492 996 3585 Origen.
1022 3517 1149 3568 comm.
1176 3501 1218 3569 ad
1235 3499 1300 3591 Ep.
1326 3497 1369 3569 ad
1387 3497 1538 3583 Titum,
1568 3495 1626 3566 ubi
1657 3520 1734 3571 eon

565 3524 655 3671 iacit
679 3586 919 3671 mentionem,
961 3592 1112 3680 quiante
1140 3596 1310 3667 omentum
1337 3592 1502 3666 carnalem
1528 3590 1683 3684 Christum
1694 3594 1734 3686 st

559 3688 769 3796 stantialiter
790 3703 820 3755 er
844 3684 971 3776 proprie
993 3682 1148 3777 exstitisse
1175 3705 1316 3779 negant,
1332 3688 1393 3783 sed
1415 3688 1567 3760 iromirrrm
1581 3692 1734 3763 narami

568 3795 631 3866 tris
648 3785 755 3888 seiam
773 3784 806 3855 itt
821 3780 862 3878 se
885 3778 1027 3877 imbuiffr
1049 3779 1227 3856 Deiraterrt.
1277 3784 1384 3886 Quod
1413 3783 1509 3855 idem
1534 3779 1605 3871 est,
1639 3782 1712 3856 acfi

567 3912 643 3974 cas,
669 3888 804 3958 Patrem
829 3881 866 3953 in
889 3902 1029 3952 carnem
1053 3877 1186 3956 venisse
1201 3903 1242 3952 ac
1264 3881 1396 3974 parium
1424 3879 1507 3954 effe.
1556 3880 1628 3953 Sed
1647 3904 1716 3980 qua

570 3986 672 4060 tione
698 3979 809 4051 Patris
825 3977 949 4049 Deitas
975 3975 1012 4045 in
1037 3978 1118 4072 lpso
1139 3976 1326 4063 resederit,
1352 3999 1433 4046 nunt
1458 3999 1525 4068 per
1547 3975 1701 4052 modum
1726 4005 1734 4055 1

566 4083 631 4156 dae
658 4072 893 4171 operationis,
928 4093 971 4141 an
997 4069 1121 4165 efflanti
1144 4071 1307 4165 aiicujus,
1341 4077 1517 4167 inopiam,
1554 4070 1734 4150 definiri:

569 4174 672 4274 quit:
714 4190 781 4239 nec
810 4166 937 4251 etiam,
980 4187 1063 4240 num
1088 4166 1239 4241 animam
1266 4167 1450 4243 humanam
1483 4172 1522 4242 in
1549 4168 1696 4245 Christo
1729 4198 1734 4246 r

520 4358 523 4364 Ι
568 4264 763 4373 gaverint,
803 4259 853 4332 ita
886 4281 923 4333 ut
957 4260 1123 4337 divinitas
1145 4264 1258 4338 Patris
1289 4265 1363 4360 ejus
1397 4264 1515 4339 locum
1548 4266 1734 4364 supplever

558 4367 657 4490 quod
686 4364 820 4438 socrat.
851 4356 901 4432 H.
938 4359 1008 4434 111:
1041 4381 1077 4456 7.
1120 4360 1270 4439 innuere
1301 4360 1467 4457 videtur,
1507 4361 1566 4440 cui
1592 4364 1734 4472 ‘adsurgi

547 4520 563 4542 .
1033 4504 1037 4512 ·
1073 4488 1076 4494 ·
1192 4496 1194 4501 ·
1627 4481 1734 4562 neque
