3609 5500
808 907 922 989 Secul.
945 911 1000 986 Il.
1443 933 1518 1013 499

340 1088 377 1192 n.
400 1086 599 1165 CXXXIII.
631 1085 731 1164 Festa
747 1111 860 1165 annua
875 1092 966 1167 nulla
981 1089 1145 1180 fuerunt,
1167 1111 1339 1189 quantum
1356 1095 1512 1189 constat,

287 1206 437 1293 praeter
459 1186 696 1286 Pusclrntir-et
713 1185 928 1284 Pentecosten
981 1187 1143 1289 Quorum
1173 1187 1255 1261 illud
1280 1190 1331 1264 est
1355 1195 1512 1270 omnium

290 1281 810 1459 iiiqiliimurihffla?
834 1281 1188 1454 iiphiilibiili
1198 1283 1370 1455 nibal?
1379 1344 1391 1378 ’
1424 1314 1534 1458 ab*

292 1500 386 1556 vero
409 1477 455 1550 de
467 1403 613 1573 'jejrinio
630 1432 857 1549 heb’domadrs
872 1404 1154 1573 paichuis’supm
1170 1481 1324 1572 egerim,
1351 1477 1421 1551 duo
1439 1411 1515 1554 tari}

294 1596 375 1651 tum
397 1568 527 1644 restant
550 1571 721 1644 notanda:
755 1595 872 1662 unum,
904 1573 1012 1645 moris
1034 1571 1136 1647 fuilIe
1157 1594 1284 1667 panem
1311 1574 1513 1649 eucharisti·

290 1694 376 1751 cum
410 1666 454 1742 ad
484 1667 569 1743 alios
600 1665 719 1763 episco
746 1690 813 1757 os,
859 1666 1118 1743 communionis
1141 1667 1379 1744 testificandae
1405 1693 1513 1765 ergo,

292 1766 463 1854 mittere3
495 1761 546 1837 uti
565 1785 625 1835 ex·
640 1691 750 1859 Epill.
779 1765 915 1837 Irenaei
941 1763 1034 1860 apud
1056 1764 1135 1836 Eul.
1160 1765 1211 1837 H.
1238 1765 1288 1840 V:
1316 1788 1373 1858 24.
1398 1768 1512 1841 mani·

292 1862 422 1943 festum
437 1859 507 1948 est3
532 1877 703 1954 provocat
717 1856 814 1932 enim
830 1857 880 1934 ibi
889 1862 1052 1935 Irenaeus
1061 1914 1072 1950 ,
1091 1858 1277 1933 Victorem
1295 1862 1512 1962 Episcopum

293 1962 405 2038 Rom.
430 1955 688 2056 perstringens,
714 1954 756 2027 ad
780 1955 924 2053 antiqua
938 1974 1120 2050 tempora,
1146 1957 1270 2054 quibus
1287 1960 1391 2055 presb
1419 1960 1509 2052 teri,

291 2055 385 2134 licet
403 2054 450 2127 de
471 2052 531 2127 die
554 2049 725 2147 paschatis
751 2048 846 2125 inter
868 2052 903 2125 se
929 2049 1191 2140 diffentienter,
1216 1984 1433 2132 transmilille
1450 2053 1514 2135 libi
1634 2110 1636 2113 >

291 2149 455 2231 invicem
479 2148 650 2222 dicuntur·
667 2145 922 2222 eucharistiam.
972 2149 1122 2222 Alterum
1140 2146 1211 2239 est,
1237 2147 1399 2244 noctem,
1425 2176 1516 2250 quae
1601 2180 1605 2184 ⁵

293 2248 397 2324 diem
417 2244 586 2344 paschae,
610 2266 681 2339 quo
698 2241 854 2317 Christus
870 2242 1078 2335 resurrexit,
1120 2244 1284 2339 proxime
1309 2251 1511 2343 praecedit,—

291 2342 419 2421 solitot
439 2338 540 2415 soille
572 2336 766 2437 inpendere
790 2340 933 2436 rigidis,
969 2357 1007 2411 et
1029 2338 1067 2413 in
1089 2338 1252 2413 Ecclesris
1285 2342 1515 2438 pernotiare,
1646 2347 1649 2354 '

293 2439 395 2516 simut
415 2434 479 2512 sibi
504 2452 628 2509 mutuo
650 2433 709 2508 sub
734 2434 847 2508 lucem
871 2434 1035 2533 gratulari
1058 2434 1102 2507 de
1126 2435 1273 2507 Domini
1289 2438 1515 2512 resurreetio·

291 2557 364 2628 ne,
389 2531 559 2620 dicendo,
583 2530 743 2603 Dominus
766 2529 955 2627 resurrexit.
1004 2529 1199 2604 Dicebatur
1214 2534 1421 2627 peruigilium
1444 2536 1514 2610 Pa·
1581 2596 1584 2602 .
1697 2544 1701 2551 '

278 2632 414 2733 sebae,
454 2647 492 2701 et
517 2626 590 2721 ejus
613 2625 742 2700 diserte
765 2626 929 2702 meminit
955 2626 1057 2702 Tert.
1082 2626 1124 2699 ad
1156 2628 1267 2702 Uxor.
1301 2630 1348 2704 II:
1380 2655 1415 2723 4.
1450 2632 1512 2707 ubi

292 2752 376 2807 eam
394 2747 414 2802 a
431 2722 564 2823 nuptiis
579 2745 660 2798 curn
681 2721 816 2796 Gentili
837 2746 903 2820 per
921 2722 1012 2797 hanc
1028 2721 1137 2797 etiam
1172 2723 1380 2800 dehortatur
1405 2728 1515 2802 ratio·

288 2846 398 2903 nem:
431 2825 501 2918 quis
526 2822 656 2914 denique
673 2816 858 2915 solennibus
885 2819 1031 2915 Paschae
1055 2823 1275 2894 abundantem
1288 2821 1426 2918 securus
1435 2822 1514 2921 fus·
1550 2820 1553 2828 “

285 2919 441 2996 tinebit?
474 2917 573 3023 Quae
604 2915 821 2988 consuetudo
872 2914 966 2990 ostea
1000 2936 1071 2988 non
1105 2934 1238 2991 tantum
1270 2922 1514 3008 continuavit,

292 3015 417 3094 sedet
440 3010 615 3089 celebrior
645 3007 735 3086 faeta
758 3008 810 3086 est
832 2939 900 3085 le’c.
931 3012 999 3087 IV.
1032 3011 1169 3106 quando
1202 3012 1430 3105 pervigiliae,
1462 3018 1514 3085 lu·

291 3114 457 3190 cmiter
480 3108 700 3202 lampadibus,
728 3124 788 3202 per
810 3108 926 3180 nudem
951 3104 1170 3193 ardentibus,
1202 3105 1281 3177 sunt
1306 3109 1511 3182 celebratae.

291 3206 383 3287 Vid.
407 3203 487 3281 uus.
513 3206 579 3277 vit.
615 3198 733 3276 Const.
751 3203 827 3276 IV:
857 3223 913 3296 17.
940 3202 1021 3275 ·De
1038 3221 1120 3307 ‘quo
1151 3196 1283 3295 postea.
1331 3203 1512 3279 Praeterea

294 3322 413 3380 totum
436 3302 531 3376 inter
556 3297 682 3372 Pascha
715 3315 752 3370 et
777 3295 1008 3372 Pentecosten
1035 3296 1255 3370 intervallum
1287 3296 1420 3372 laetitia
1442 3296 1514 3374 elle

295 3414 299 3421 '
343 3396 551 3498 regendum,
578 3392 676 3466 omni
701 3393 809 3468 etiam
837 3393 968 3491 'ejunio
986 3390 1135 3482 illicito,
1160 3392 1250 3465 clare
1275 3391 1382 3469 docet
1407 3396 1510 3475 Tert.

289 3425 343 3574 ge
373 3516 495 3571 coron.
527 3489 599 3563 mil.
624 3512 655 3563 c.
683 3514 714 3582 3.
740 3489 807 3561 Die
863 3493 997 3564 orninico
1016 3491 1201 3584 jejunium,
1234 3487 1375 3582 dicens,
1417 3491 1515 3587 nefus

285 3595 458 3682 dutinus,
488 3589 540 3664 rel
559 3588 596 3658 de
617 3588 778 3681 geniculis
804 3589 958 3661 adorare:
983 3588 1089 3657 eudem
1116 3587 1347 3658 innronituteo
1363 3593 1413 3662 die
1431 3589 1516 3684 Pus·

282 3689 393 3790 sthur
424 3689 458 3759 in
481 3681 686 3780 Pentecosten
712 3681 808 3779 nsque
833 3688 1023 3778 gandemus.
1075 3680 1161 3754 Vid.
1195 3700 1231 3753 et
1260 3680 1304 3754 de
1334 3682 1457 3758 Idolol.
1481 3707 1514 3760 c.

299 3784 428 3875 '14-'et
450 3784 545 3878 bapt.
578 3801 609 3852 c.
646 3798 700 3866 19.
749 3778 868 3886 Quare
902 3773 1103 3872 Pentecoster
1136 3797 1229 3865 vox,
1270 3779 1393 3851 eodem
1426 3777 1513 3854 ibid.

298 3876 413 3969 teste,
454 3896 524 3952 tam
550 3877 618 3948 late
639 3873 827 3970 aliquando
850 3873 1072 3958 extenditur,
1112 3889 1152 3942 ut
1178 3888 1293 3944 totum
1319 3871 1401 3947 illud
1426 3891 1515 3951 tem·

293 3999 364 4076 pus
386 3968 632 4048 intermedium
665 3968 927 4066 compledtatur.
978 3968 1143 4064 Denique
1178 3964 1251 4060 ipse
1281 3965 1358 4041 dies
1388 3971 1514 4046 Pente·

289 4070 434 4148 costulis
471 4067 578 4143 festus
607 4088 686 4138 curn
713 4064 865 4140 maxime
897 4064 990 4146 suita
1035 4082 1075 4137 ut
1100 4086 1145 4153 en
1169 4060 1256 4135 locis
1281 4064 1399 4139 citatis
1429 4090 1515 4140 con·

292 4168 375 4245 stat.
424 4166 483 4239 De
505 4160 716 4258 antiquitate
749 4184 889 4261 quoque
918 4160 991 4257 ejus
1019 4158 1163 4232 testatur
1187 4158 1421 4254 fragmentum
1444 4165 1517 4234 Ire·

290 4265 379 4342 na'ei
411 4259 504 4356 apud
540 4256 777 4352 Pseudo-Just.
810 4262 868 4334 M.
904 4253 1044 4354 Quaest.
1083 4276 1150 4342 115
1189 4253 1231 4327 ad
1267 4255 1516 4329 orthodoxos:

281 4356 585 4466 'genuflexionem
620 4350 717 4430 enirn
744 4364 795 4432 eti
817 4352 976 4527 dielpeffe
1000 4350 1171 4443 vetitam,
1209 4369 1247 4424 et
1272 4350 1369 4425 illum
1396 4352 1523 4424 eodem

354 4480 360 4491 ·
810 4523 813 4529 ,
907 4469 997 4522 rra
1196 4525 1198 4528 Α
1463 4471 1530 4548 per

1574 4602 1652 4935 l
