3609 5500
555 923 639 1024 φοι
747 843 751 848 ’
960 917 1108 1022 nnn
1132 907 1264 1016 acciet
1292 916 1407 1012 onte.

569 1141 577 1154 ·
618 1105 651 1204 ς.
676 1103 735 1179 Cl.
770 1101 963 1179 Vertamus
987 1124 1052 1174 not
1080 1122 1174 1176 nunc
1203 1099 1247 1175 ad
1274 1103 1489 1192 Praxeanos,
1529 1099 1734 1178 Noetiauot

567 1199 801 1290 Sabellianos,
844 1201 905 1297 qui
931 1223 1035 1272 unam
1062 1200 1099 1272 in
1127 1195 1302 1271 Trinitate
1336 1200 1550 1296 personam,
1593 1223 1640 1272 ac
1666 1201 1734 1272 Pat:

566 1297 609 1374 in
627 1321 769 1370 carnem
795 1297 947 1386 venille,
971 1295 1134 1367 dicuntur
1157 1290 1329 1379 statuisse,
1353 1315 1392 1368 et
1408 1315 1611 1392 propterea
1628 1295 1734 1390 Patri

569 1391 732 1486 stauarum
756 1394 912 1488 generali
937 1391 1102 1487 epitbeto
1128 1387 1283 1486 inligniti
1302 1389 1390 1465 sunt.
1441 1392 1606 1479 Primus,
1635 1393 1696 1464 vel
1713 1398 1734 1463 u

572 1491 725 1588 primos,
751 1491 810 1583 qui
829 1489 918 1561 lianc
945 1486 1098 1559 haeresin
1118 1486 1156 1560 in
1177 1487 1334 1559 mulium
1357 1489 1528 1582 protulit,
1556 1487 1609 1561 est
1628 1491 1734 1561 Praxi

571 1609 680 1682 quem
708 1587 857 1657 'l'ertull
891 1603 1014 1657 contra
1039 1585 1137 1656 Prax.
1173 1580 1250 1655 init.
1277 1581 1461 1680 depingit,
1504 1602 1686 1680 tanquam
1719 1609 1734 1655 a

570 1685 673 1754 etiam
690 1683 885 1774 inquietam,
916 1681 1042 1776 insuper
1065 1680 1103 1749 de
1113 1681 1295 1773 jallatione
1320 1681 1470 1773 martyrii
1486 1676 1677 1776 inflatum,
1703 1683 1734 1750 oi

571 1779 660 1866 liam,
692 1793 724 1846 et
743 1775 909 1868 finrplcx,
935 1793 966 1846 ct
994 1781 1108 1862 breue,
1132 1777 1276 1847 carceris
1302 1777 1454 1847 taedium.
1503 1775 1577 1849 eui
1603 1799 1656 1850 eo
1692 1777 1734 1848 mi

572 1872 752 1946 fidendum
778 1873 850 1960 ell,
884 1872 977 1966 quod
1004 1868 1157 1944 infensus
1185 1870 1260 1966 ejus
1285 1867 1390 1942 fuerit
1412 1867 1547 1957 bostis,
1584 1872 1675 1969 quia
1701 1873 1730 1944 E

570 1991 703 2061 copum
721 1969 919 2040 Romanurn
936 1991 954 2039 a
972 1964 1201 2038 Montanistis
1218 1961 1414 2038 abstraxiffe
1439 1967 1656 2043 habebatur.
1711 1969 1734 2040 l

570 2084 627 2139 rat
650 2064 745 2136 enim
770 2065 817 2136 ib.
838 2064 961 2150 'li-rt„
987 2063 1153 2134 l’raxeam
1179 2059 1331 2157 primum
1355 2083 1400 2134 ex
1416 2060 1497 2133 Asta
1525 2061 1620 2135 banc
1646 2064 1734 2136 haer

571 2159 712 2234 Romae
738 2157 911 2244 intulill'e,
938 2177 975 2228 et
991 2157 1204 2252 Episcopum
1225 2157 1445 2245 Romanum,
1470 2158 1662 2230 Montano
1680 2159 1734 2231 fas

570 2271 665 2339 tem,
690 2254 819 2346 partim
846 2251 926 2324 salsa
941 2252 985 2325 de
1005 2247 1231 2323 Montanillis
1253 2251 1459 2336 referendo,
1485 2251 1621 2348 partim
1640 2256 1734 2330 dece.

569 2372 649 2423 rum
673 2349 874 2446 exemplum
897 2346 1139 2444 proferendo,
1164 2345 1355 2437 induxisse,
1381 2367 1421 2420 ut
1490 2347 1546 2421 cis
1570 2349 1734 2425 litteras.

571 2443 685 2518 cle-liis
705 2443 808 2518 Asiae
835 2464 872 2519 et
900 2441 1094 2539 Pbrygiae,
1130 2443 1371 2515 Montanil'mo
1397 2443 1434 2515 in
1451 2441 1562 2532 elliu,
1599 2445 1721 2532 datas,

570 2541 769 2614 vocaverit.
818 2541 1032 2634 intelligitur
1057 2536 1187 2610 Vibior
1222 2538 1408 2632 perillum
1440 2537 1689 2636 Episcopum,
1720 2563 1734 2616 t

565 2634 762 2730 decessores,
802 2635 862 2730 qui
898 2637 1112 2707 Montanum
1147 2635 1370 2721 damnarunt,
1411 2633 1471 2707 alii
1503 2635 1579 2708 elle
1615 2659 1734 2736 neque

571 2756 615 2809 ac
640 2733 746 2805 Soter
773 2750 809 2801 et
833 2731 1065 2818 Eleutherus;
1108 2728 1279 2803 Anicetus
1306 2731 1403 2804 enim
1435 2728 1473 2804 in
1499 2728 1652 2806 censum
1679 2756 1734 2807 ver

569 2848 644 2905 non
676 2824 814 2922 potest,
849 2849 931 2899 curn
967 2828 1026 2900 sub
1055 2849 1099 2899 eo
1125 2829 1187 2898 vix
1216 2844 1320 2898 notus
1346 2825 1454 2898 fuerit
1481 2828 1706 2905 Montanus:

571 2922 672 2999 teile
705 2922 861 2994 advertit
896 2923 932 2995 P.
959 2922 1108 2995 Allixius
1139 2922 1184 2994 de
1208 2919 1346 3017 seriptis
1377 2922 1512 2995 Tertull.
1568 2922 1659 3023 Quo
1694 2924 1734 3000 et

571 3019 678 3106 facit,
736 3020 805 3092 uod
840 3017 971 3092 vietor
1005 3021 1138 3091 dicatur
1162 3017 1283 3091 saville
1318 3021 1469 3091 Praxeae
1500 3020 1546 3090 ab
1572 3041 1734 3093 autore⁴

600 3116 679 3190 end.
698 3044 778 3189 libri
798 3114 842 3188 de
859 3113 1061 3212 Praescript.
1078 3118 1196 3186 naeres.
1211 3170 1221 3203 ,
1242 3115 1299 3210 qui
1319 3137 1398 3187 eum
1415 3115 1568 3210 adpellat
1585 3116 1732 3191 thorin

571 3140 679 3290 Picis
705 3214 848 3307 quidem
871 3237 950 3285 eum
969 3210 1176 3306 corroboroffe
1191 3209 1332 3304 lzaerestn
1351 3213 1522 3300 Praxeae,
1550 3209 1609 3282 sed
1629 3236 1734 3288 none

570 3310 773 3403 adoptalle:
815 3309 973 3402 adeoque
1008 3311 1157 3381 Praxeae
1184 3308 1335 3381 fervendo
1368 3307 1400 3379 id
1426 3310 1468 3378 ab
1491 3330 1538 3379 eo
1571 3303 1644 3381 ess'e
1669 3308 1734 3383 fau

573 3402 728 3476 statuere
757 3403 853 3473 licet.
908 3405 963 3474 Ex
993 3428 1038 3473 eo
1065 3404 1179 3499 itaque
1197 3403 1431 3498 colligendum
1450 3426 1521 3474 non
1541 3401 1613 3491 est,
1641 3408 1734 3478 Vltio

568 3495 697 3590 Papam
730 3496 879 3589 intelligi
904 3520 975 3568 non
1000 3499 1107 3592 posse.
1161 3500 1392 3595 Praecipuus,
1431 3496 1490 3571 sed
1516 3517 1556 3570 et
1584 3506 1730 3572 acerrim

570 3593 648 3693 ejus
672 3589 885 3663 atlverl'arius
911 3589 979 3660 fuit
1008 3593 1267 3684 Tertullianus,
1310 3596 1368 3691 qni
1395 3592 1605 3691 Carthagine
1639 3598 1734 3668 Pras

572 3715 636 3766 not
666 3712 786 3761 arettas
821 3682 1074 3760 frnuificantes
1109 3689 1248 3775 avulsit,
1290 3711 1328 3761 ut
1364 3690 1415 3762 cst
1446 3693 1467 3764 Ι.
1501 3714 1557 3778 c.,
1597 3708 1634 3761 et
1666 3693 1734 3765 libr

569 3806 696 3869 contra
722 3788 835 3882 lplittn
862 3784 1086 3882 couscriplit,
1111 3784 1223 3858 adbuc
1248 3785 1392 3861 obvium
1418 3786 1513 3860 inter
1545 3785 1677 3882 scripta
1703 3789 1734 3861 Ί

571 3887 646 3960 tull.
696 3884 761 3957 Cui
789 3883 885 3957 reble
908 3888 1101 3969 convenit,
1129 3882 1222 3979 qnod
1249 3886 1412 3956 Praxeam
1438 3901 1475 3953 et
1502 3882 1734 3977 Hermogene

570 3981 670 4061 idem
713 3982 933 4070 sentientes,
973 3981 1007 4051 in
1042 3978 1166 4051 Africa
1208 3979 1328 4069 luiffe,
1368 3978 1479 4051 refert
1518 3978 1669 4075 August.
1704 3982 1734 4055 h:

602 4101 632 4151 r.

568 4100 649 4269 4§.
676 4170 750 4241 CII.
790 4167 905 4260 Prope
927 4168 970 4238 ab
997 4167 1071 4259 ejus
1098 4184 1214 4236 aetate
1241 4165 1331 4238 afuit
1357 4168 1506 4257 Nol'tut,
1542 4170 1620 4267 ejus
1646 4173 1734 4247 adse*

567 4266 778 4362 Smyrnaeus
804 4281 931 4353 pente,
965 4264 1051 4333 teste
1077 4261 1298 4357 Hippolyto,
1334 4263 1367 4335 in
1396 4266 1484 4336 libro
1509 4288 1637 4340 contra
1668 4271 1731 4365 ipit

565 4378 693 4467 ⁵tutore
717 4357 872 4459 aequali,
913 4379 993 4436 cum
1021 4360 1522 4469 anteauu.220.florue1it‚
1574 4366 1734 4466 Hippoi>

1705 4487 1734 4543 et
