3609 5500
590 693 610 762 Γ·
728 700 837 786 δεταί.
868 704 921 785 II.
1359 715 1433 804 569

199 882 387 963 ‘stennon
407 883 633 978 «emersisse,
662 886 763 981 addit
787 911 818 963 c.
845 910 877 964 2.
903 910 964 962 non
989 887 1121 984 exlege
1143 894 1330 989 praecepti,
1364 912 1426 965 eos

205 984 388 1080 jejunate,
412 1006 640 1086 argumento,
660 1000 869 1079 praeceptum
885 982 1035 1079 viguisse
1054 986 1146 1057 inter
1164 985 1424 1077 Montanistas,
1523 994 1526 1001 '

202 1085 248 1152 b.
273 1079 365 1173 quod
393 1081 530 1179 jejunia
563 1080 901 1176 muluplicaverint,
949 1096 986 1151 et
1033 1078 1188 1154 severius
1223 1083 1425 1159 censuerint

210 1173 357 1269 agendo.
410 1179 513 1253 Tert.
538 1178 560 1252 l.
585 1199 617 1250 c.
643 1186 719 1274 cap‘.
749 1198 780 1251 1.
830 1176 981 1269 Arguunt
1006 1198 1082 1264 nos,
1105 1174 1241 1250 scilicet
1269 1178 1428 1253 Catholi-

195 1274 271 1360 aci,
295 1269 434 1366 inquit,
473 1275 554 1370 quod
569 1275 702 1369 jejunia
729 1275 862 1369 propria
892 1268 1123 1367 custodiamus,
1163 1276 1244 1367 quod
1262 1270 1428 1369 stationes

202 1369 393 1462 pierumque
415 1372 450 1440 in
473 1368 635 1468 uesperam
656 1372 888 1463 producamus,
912 1368 991 1463 quod
1013 1372 1115 1441 etiam
1129 1366 1353 1465 Xerophagias
1362 1373 1426 1460 ,ob-

192 1462 390 1562 ferremus,
415 1464 580 1559 streames
596 1468 701 1535 cibun
719 1466 763 1535 ab
786 1468 870 1539 omni
895 1487 1014 1555 carne,
1047 1480 1080 1537 et
1104 1466 1189 1537 omni
1215 1468 1424 1561 jususentr'a,

200 1576 244 1633 et
268 1560 477 1635 viridioribus
503 1558 675 1659 quibusque
692 1565 816 1656 pomis,
839 1562 980 1655 nequid
1002 1558 1184 1653 tinofitatis
1206 1564 1257 1635 oei
1269 1562 1426 1651 edamus,

198 1655 266 1731 oei
283 1671 451 1749 potemus:
489 1660 616 1732 lauacri
645 1678 761 1753 quoque
791 1656 1040 1752 abstinentiam,
1082 1676 1307 1751 congruentem
1337 1657 1429 1730 aride

217 1754 331 1827 vidui.
364 1752 530 1842 Scilicet,
554 1770 594 1827 ut
609 1750 697 1825 haec
722 1750 849 1829 sestius
866 1750 1124 1849 intelligentur,
1148 1772 1230 1826 curn
1250 1748 1427 1837 Catholici

198 1868 252 1921 ⁵1.
275 1845 461 1937 stationes,
475 1888 478 1895 ·
492 1850 552 1922 seu
575 1845 829 1944 semi-jejunia,
856 1845 1032 1921 solverent
1047 1848 1142 1921 *bora
1165 1870 1278 1940 nonu,
1310 1849 1424 1923 Mon·

198 1940 359 2017 muistae
373 1944 490 2041 possim
513 1942 753 2039 art-vesperam
769 1944 1020 2040 prorogabunt,
1054 1943 1158 2017 Tett.
1182 1944 1207 2020 1.
1228 1968 1265 2019 c.
1289 1966 1366 2041 cap.
1384 1964 1425 2020 t.

211 2062 274 2114 10.
326 2062 373 2113 2.-
386 2040 440 2115 uti
457 2040 585 2113 nutsurn
599 2037 692 2113 atiud
706 2040 885 2135 publicum
901 2040 1075 2115 baberent
1092 2061 1135 2115 ac
1155 2040 1423 2137 antepascbase,
1455 2102 1457 2109 ⁴

208 2136 258 2209 de
275 2156 345 2229 quo
362 2134 460 2234 supra
475 2135 555 2233 egi,
580 2132 822 2209 Montanistae
838 2153 1022 2232 praeterea
1037 2135 1119 2207 dues
1133 2134 1346 2211 hebdomadas
1364 2158 1425 2209 xe·

193 2229 431 2325 ‘eopiogiarum
441 2236 480 2305 -in
493 2254 576 2305 anno
590 2230 786 2317 habebant,
804 2228 966 2327 exceptis
980 2230 1158 2320 Sabbatir,
1175 2246 1208 2305 et
1226 2235 1338 2305 diebus
1354 2232 1426 2305 Do·

144 2344 150 2355 ’
207 2328 360 2401 misticis:
386 2329 490 2401 Tert.
514 2325 619 2402 ib.--c.
651 2346 705 2415 ¹5·
744 2323 997 2424 Hieronymus
1021 2348 1131 2415 vero,
1156 2326 1238 2416 ubi,
1272 2350 1334 2402 eos
1360 2343 1429 2403 tres

209 2427 247 2495 in
265 2446 349 2496 anno
364 2418 779 2517 quomogrstmosstcere,
805 2420 936 2509 refert,
961 2419 1044 2519 quid
1068 2420 1132 2497 srbi
1148 2422 1257 2513 velit,
1283 2422 1427 2518 nescio,
1546 2490 1548 2493 .

208 2516 276 2592 nist
303 2517 387 2593 ittud
412 2518 588 2591 nonnuliis
611 2515 861 2609 Montanistis,
893 2516 967 2591 fine
990 2516 1149 2606 ratione,
1185 2518 1426 2616 imputaverit:

193 2632 344 2701 ,eertum
362 2612 545 2699 enirnest,
570 2636 616 2687 ex
633 2612 736 2687 Tert.
762 2612 811 2687 ib.
837 2634 869 2687 c.
888 2634 953 2703 u4.
977 2610 1212 2689 Montanistas
1236 2615 1427 2713 in-jejuniu

198 2707 365 2810 paschali
390 2730 459 2782 non
483 2707 689 2804 discrepasse
713 2732 734 2784 a
757 2706 960 2782 Catholicis.
1010 2707 1138 2784 Tradit
1154 2709 1296 2805 quidem
1317 2717 1428 2787 Sozo-

206 2827 307 2880 rnen.
336 2803 386 2878 H.
409 2806 497 2880 VII:
526 2829 584 2896 19.
618 2827 680 2878 eos
702 2806 785 2878 dnos
817 2821 954 2876 tanturn
979 2801 1215 2878 hebdomadas
1249 2827 1332 2878 ante
1363 2829 1427 2900 pa·

210 2901 294 2979 scira
311 2897 488 2994 jejunare,
512 2901 593 2992 sed,
622 2899 684 2974 niu
704 2899 748 2974 de
768 2898 1027 3006 recentioribus
1047 2895 1281 3006 Montanistie
1308 2901 1426 3067 loffua·
1536 2904 1540 2912 '

193 3018 291 3085 tur,
308 2995 379 3069 srne
397 2995 634 3072 fundamento.
671 2992 903 3092 Deniqueg.
927 3016 966 3067 rn
982 2991 1089 3068 modo
1107 2992 1283 3089 jejunando
1300 2993 1335 3068 di
1366 3017 1428 3070 en·

193 3093 372 3181 aiebant,
395 3093 488 3189 quod
512 3115 583 3168 non
608 3091 779 3166 automni
795 3088 991 3179 eibo,sed
1008 3109 1145 3179 earne,
1176 3086 1282 3178 vino,
1308 3089 1428 3170 fimiti-

194 3189 340 3286 ’busque
352 3187 539 3284 jurulentis
554 3207 597 3262 et·
608 3185 757 3278 vinofis,
776 3180 1425 3265 tantumabstinuerintMontanistae:

207 3307 250 3360 ut
275 3308 321 3358 ex
344 3284 366 3357 l.
391 3307 423 3359 c.
449 3301 558 3381 patet.
601 3286 792 3373 Ceterum,
817 3279 985 3378 quicquid
1002 3279 1152 3355 divortii
1172 3279 1237 3356 bic
1262 3301 1359 3374 erat,
1385 3285 1428 3360 it-

191 3380 270 3456 ‘sud
288 3377 479 3454 -sehismaei
494 3378 668 3454 ¹faciendo
693 3402 772 3454 non
785 3375 1008 3465 sufficiebat,
1042 3393 1135 3468 ‘cunr
1164 3399 1238 3450 non
1263 3400 1309 3454 ex
1336 3383 1430 3456 malo

196 3473 414 3585 principie,
444 3473 512 3550 acu
540 3495 597 3549 eas
618 3473 692 3549 Dei
731 3491 906 3549 creaturas
928 3470 1127 3547 censuerint
1158 3473 1429 3570 abominabiles,

210 3569 308 3681 quod
333 3593 344 3641 r
373 3568 414 3644 fis
430 3570 580 3666 adfingit
601 3569 776 3667 Epipbun.
801 3569 823 3643 l.
848 3591 904 3660 c.,
929 3589 1070 3642 ucarne
1088 3585 1125 3640 et
1141 3566 1229 3641 vino
1252 3565 1428 3646 abstinue-

203 3683 305 3753 rtnt,
343 3663 387 3740 ed
411 3666 455 3740 ad
479 3667 691 3742 exercendam
695 3665 890 3757 sobrietatis
911 3679 946 3734 et
967 3658 1181 3756 abstinentiae
1205 3661 1435 3760 disciplinam,

209 3780 255 3837 ut
288 3758 403 3856 inquit
438 3760 541 3835 Tert.
573 3783 606 3836 c.
643 3783 699 3835 1.
732 3757 794 3857 qui
834 3781 913 3854 cap.
951 3775 1007 3846 15.
1042 3753 1139 3829 inter
1170 3757 1453 3854 Marcionitas,¹
1578 3805 1581 3810 v

193 3855 428 3946 ,Encratitam
461 3874 500 3929 et
517 3851 774 3943 Montanrstae,
803 3852 871 3929 hac
887 3869 989 3950 parte
1004 3849 1133 3926 diserte
1158 3851 1354 3952 distinguit.

283 4009 292 4026 .
318 3951 482 4026 cxcvl.
515 3973 549 4048 3.
572 3950 720 4026 Nimius
740 3946 930 4048 disciplinae
955 3945 1054 4044 rigor
1076 3968 1149 4022 non
1174 3948 1213 4024 in
1242 3971 1309 4036 eo,
1333 3952 1428 4049 quod

197 4046 517 4139 ·H1eron.tradit,
559 4045 628 4122 suit
648 4046 760 4136 sitne,
790 4045 884 4142 quod
909 4046 954 4118 od
983 4065 1070 4116 omne
1091 4061 1173 4136 pene
1194 4045 1340 4124 deditium
1362 4049 1430 4122 Ec·

189 4138 327 4314 sinistrae
348 4139 495 4313 oilsgaut
510 4141 632 4245 sores,
655 4141 715 4222 sed
737 4139 941 4316 gmgiorusn
958 4161 999 4220 uc
1023 4137 1430 4234 mastaliunetituiuum,

185 4277 192 4288 ·
281 4259 355 4318 ‘mo
441 4291 453 4338 g
840 4255 921 4313 ccc
1393 4249 1437 4332 Bi
