<?xml version="1.0" encoding="UTF-8"?>
<!DOCTYPE html PUBLIC "-//W3C//DTD XHTML 1.0 Transitional//EN"
    "http://www.w3.org/TR/xhtml1/DTD/xhtml1-transitional.dtd">
<html xmlns="http://www.w3.org/1999/xhtml" xml:lang="en" lang="en">
 <head>
  <title>
</title>
<meta http-equiv="Content-Type" content="text/html;charset=utf-8" />
  <meta name='ocr-system' content='tesseract 3.04.00' />
  <meta name='ocr-capabilities' content='ocr_page ocr_carea ocr_par ocr_line ocrx_word'/>
</head>
<body>
  <div class='ocr_page' id='page_1' title='image "./hermannivenemai05venegoog_0560.png"; bbox 0 0 3609 5500; ppageno 0'>
   <div class='ocr_carea' id='block_1_1' title="bbox 274 915 1104 1021">
    <p class='ocr_par' dir='ltr' id='par_1_1' title="bbox 274 915 1104 1021">
     <span class='ocr_line' id='line_1_1' title="bbox 274 915 1104 1021; baseline -0.023 -7"><span class='ocrx_word' id='word_1_1' title='bbox 274 925 348 1014; x_wconf 78' lang='lat'>556</span> <span class='ocrx_word' id='word_1_2' title='bbox 661 918 808 1021; x_wconf 71' lang='lat' dir='ltr'>Historia</span> <span class='ocrx_word' id='word_1_3' title='bbox 829 917 959 1020; x_wconf 82' lang='lat' dir='ltr'>Ecclas.</span> <span class='ocrx_word' id='word_1_4' title='bbox 987 915 1104 1021; x_wconf 70' lang='lat' dir='ltr'>Christ.</span> 
     </span>
    </p>
   </div>
   <div class='ocr_carea' id='block_1_2' title="bbox 162 1094 1517 4526">
    <p class='ocr_par' dir='ltr' id='par_1_2' title="bbox 274 1094 1507 2067">
     <span class='ocr_line' id='line_1_2' title="bbox 279 1094 1502 1195; baseline 0.002 -24"><span class='ocrx_word' id='word_1_5' title='bbox 279 1098 431 1172; x_wconf 84' lang='lat' dir='ltr'>Romam</span> <span class='ocrx_word' id='word_1_6' title='bbox 456 1096 545 1173; x_wconf 90' lang='lat' dir='ltr'>adiit</span> <span class='ocrx_word' id='word_1_7' title='bbox 566 1099 753 1191; x_wconf 82' lang='lat' dir='ltr'>Marcion,</span> <span class='ocrx_word' id='word_1_8' title='bbox 779 1120 816 1175; x_wconf 93' lang='lat' dir='ltr'>et</span> <span class='ocrx_word' id='word_1_9' title='bbox 839 1099 993 1174; x_wconf 89' lang='lat' dir='ltr'>Cerdoni</span> <span class='ocrx_word' id='word_1_10' title='bbox 1019 1099 1054 1175; x_wconf 91' lang='lat' dir='ltr'>se</span> <span class='ocrx_word' id='word_1_11' title='bbox 1070 1094 1262 1195; x_wconf 81' lang='lat' dir='ltr'>adplicuit,</span> <span class='ocrx_word' id='word_1_12' title='bbox 1286 1095 1403 1173; x_wconf 84' lang='lat' dir='ltr'>sedeur</span> <span class='ocrx_word' id='word_1_13' title='bbox 1419 1094 1502 1174; x_wconf 61' lang='lat' dir='ltr'>lte*</span> 
     </span>
     <span class='ocr_line' id='line_1_3' title="bbox 274 1194 1500 1287; baseline 0.004 -22"><span class='ocrx_word' id='word_1_14' title='bbox 274 1214 411 1268; x_wconf 81' lang='lat' dir='ltr'>monam</span> <span class='ocrx_word' id='word_1_15' title='bbox 429 1197 471 1268; x_wconf 90' lang='lat' dir='ltr'>ab</span> <span class='ocrx_word' id='word_1_16' title='bbox 489 1219 519 1270; x_wconf 87' lang='lat' dir='ltr'>a.</span> <span class='ocrx_word' id='word_1_17' title='bbox 548 1219 615 1269; x_wconf 73' lang='lat'>122</span> <span class='ocrx_word' id='word_1_18' title='bbox 639 1197 683 1269; x_wconf 90' lang='lat' dir='ltr'>ad</span> <span class='ocrx_word' id='word_1_19' title='bbox 709 1200 789 1270; x_wconf 82' lang='lat'>126.</span> <span class='ocrx_word' id='word_1_20' title='bbox 819 1196 993 1286; x_wconf 87' lang='lat' dir='ltr'>terruerit,</span> <span class='ocrx_word' id='word_1_21' title='bbox 1017 1220 1098 1271; x_wconf 87' lang='lat' dir='ltr'>eum</span> <span class='ocrx_word' id='word_1_22' title='bbox 1115 1219 1146 1270; x_wconf 87' lang='lat' dir='ltr'>a.</span> <span class='ocrx_word' id='word_1_23' title='bbox 1173 1216 1243 1287; x_wconf 77' lang='lat'>127</span> <span class='ocrx_word' id='word_1_24' title='bbox 1267 1194 1423 1268; x_wconf 85' lang='lat' dir='ltr'>Romam</span> <span class='ocrx_word' id='word_1_25' title='bbox 1434 1219 1500 1270; x_wconf 85' lang='lat' dir='ltr'>ve·</span> 
     </span>
     <span class='ocr_line' id='line_1_4' title="bbox 282 1288 1505 1388; baseline 0.003 -28"><span class='ocrx_word' id='word_1_26' title='bbox 282 1288 391 1380; x_wconf 80' lang='lat' dir='ltr'>nisse,</span> <span class='ocrx_word' id='word_1_27' title='bbox 415 1309 452 1362; x_wconf 89' lang='lat' dir='ltr'>et</span> <span class='ocrx_word' id='word_1_28' title='bbox 476 1314 507 1364; x_wconf 89' lang='lat' dir='ltr'>a.</span> <span class='ocrx_word' id='word_1_29' title='bbox 536 1300 617 1370; x_wconf 83' lang='lat'>128.</span> <span class='ocrx_word' id='word_1_30' title='bbox 642 1293 794 1365; x_wconf 85' lang='lat' dir='ltr'>haeresin</span> <span class='ocrx_word' id='word_1_31' title='bbox 810 1290 1007 1387; x_wconf 85' lang='lat' dir='ltr'>adoptasse,</span> <span class='ocrx_word' id='word_1_32' title='bbox 1031 1292 1092 1367; x_wconf 88' lang='lat' dir='ltr'>sub</span> <span class='ocrx_word' id='word_1_33' title='bbox 1107 1289 1210 1364; x_wconf 88' lang='lat' dir='ltr'>initia</span> <span class='ocrx_word' id='word_1_34' title='bbox 1227 1288 1304 1379; x_wconf 90' lang='lat' dir='ltr'>Pii,</span> <span class='ocrx_word' id='word_1_35' title='bbox 1329 1288 1505 1388; x_wconf 75' lang='lat' dir='ltr'>Episcopi</span> 
     </span>
     <span class='ocr_line' id='line_1_5' title="bbox 276 1382 1505 1482; baseline 0.003 -25"><span class='ocrx_word' id='word_1_36' title='bbox 276 1382 455 1474; x_wconf 85' lang='lat' dir='ltr'>Romani,</span> <span class='ocrx_word' id='word_1_37' title='bbox 481 1386 577 1462; x_wconf 69' lang='lat' dir='ltr'>recle</span> <span class='ocrx_word' id='word_1_38' title='bbox 602 1385 771 1462; x_wconf 84' lang='lat' dir='ltr'>statuitur.</span> <span class='ocrx_word' id='word_1_39' title='bbox 821 1391 890 1460; x_wconf 82' lang='lat' dir='ltr'>Sed</span> <span class='ocrx_word' id='word_1_40' title='bbox 914 1386 1036 1480; x_wconf 84' lang='lat' dir='ltr'>postea</span> <span class='ocrx_word' id='word_1_41' title='bbox 1049 1385 1227 1474; x_wconf 84' lang='lat' dir='ltr'>haeresin,</span> <span class='ocrx_word' id='word_1_42' title='bbox 1250 1382 1289 1458; x_wconf 91' lang='lat' dir='ltr'>iu</span> <span class='ocrx_word' id='word_1_43' title='bbox 1315 1385 1505 1482; x_wconf 84' lang='lat' dir='ltr'>proprium</span> 
     </span>
     <span class='ocr_line' id='line_1_6' title="bbox 281 1478 1507 1580; baseline 0 -26"><span class='ocrx_word' id='word_1_44' title='bbox 281 1479 519 1555; x_wconf 68' lang='lat' dir='ltr'>characterem</span> <span class='ocrx_word' id='word_1_45' title='bbox 548 1482 753 1571; x_wconf 83' lang='lat' dir='ltr'>formatam,</span> <span class='ocrx_word' id='word_1_46' title='bbox 795 1482 946 1578; x_wconf 78' lang='lat' dir='ltr'>vulgasse</span> <span class='ocrx_word' id='word_1_47' title='bbox 973 1483 1132 1556; x_wconf 88' lang='lat' dir='ltr'>censetur</span> <span class='ocrx_word' id='word_1_48' title='bbox 1154 1504 1187 1554; x_wconf 87' lang='lat' dir='ltr'>a.</span> <span class='ocrx_word' id='word_1_49' title='bbox 1216 1503 1308 1575; x_wconf 64' lang='lat'>134,</span> <span class='ocrx_word' id='word_1_50' title='bbox 1345 1478 1408 1553; x_wconf 89' lang='lat' dir='ltr'>De</span> <span class='ocrx_word' id='word_1_51' title='bbox 1432 1504 1507 1580; x_wconf 88' lang='lat' dir='ltr'>quo</span> 
     </span>
     <span class='ocr_line' id='line_1_7' title="bbox 281 1572 1505 1652; baseline 0.001 -3"><span class='ocrx_word' id='word_1_52' title='bbox 281 1575 356 1651; x_wconf 81' lang='lat' dir='ltr'>vid.</span> <span class='ocrx_word' id='word_1_53' title='bbox 382 1579 491 1650; x_wconf 85' lang='lat' dir='ltr'>Pears.</span> <span class='ocrx_word' id='word_1_54' title='bbox 517 1578 561 1649; x_wconf 92' lang='lat' dir='ltr'>de</span> <span class='ocrx_word' id='word_1_55' title='bbox 593 1580 628 1651; x_wconf 87' lang='lat' dir='ltr'>P.</span> <span class='ocrx_word' id='word_1_56' title='bbox 654 1578 690 1650; x_wconf 92' lang='lat' dir='ltr'>P.</span> <span class='ocrx_word' id='word_1_57' title='bbox 716 1580 763 1651; x_wconf 87' lang='lat' dir='ltr'>R.</span> <span class='ocrx_word' id='word_1_58' title='bbox 796 1578 1007 1651; x_wconf 87' lang='lat' dir='ltr'>succellioue</span> <span class='ocrx_word' id='word_1_59' title='bbox 1038 1577 1127 1652; x_wconf 80' lang='lat' dir='ltr'>Dru.</span> <span class='ocrx_word' id='word_1_60' title='bbox 1159 1577 1207 1651; x_wconf 86' lang='lat'>11.</span> <span class='ocrx_word' id='word_1_61' title='bbox 1242 1592 1279 1648; x_wconf 91' lang='lat' dir='ltr'>et</span> <span class='ocrx_word' id='word_1_62' title='bbox 1316 1572 1371 1650; x_wconf 88' lang='lat' dir='ltr'>ibi</span> <span class='ocrx_word' id='word_1_63' title='bbox 1404 1576 1505 1650; x_wconf 83' lang='lat' dir='ltr'>Dod-</span> 
     </span>
     <span class='ocr_line' id='line_1_8' title="bbox 283 1667 1504 1770; baseline 0.001 -25"><span class='ocrx_word' id='word_1_64' title='bbox 283 1674 413 1745; x_wconf 77' lang='lat' dir='ltr'>wellus.</span> <span class='ocrx_word' id='word_1_65' title='bbox 461 1671 566 1770; x_wconf 81' lang='lat' dir='ltr'>Quod</span> <span class='ocrx_word' id='word_1_66' title='bbox 592 1696 678 1746; x_wconf 88' lang='lat' dir='ltr'>vcro</span> <span class='ocrx_word' id='word_1_67' title='bbox 704 1675 806 1746; x_wconf 90' lang='lat' dir='ltr'>Tert.</span> <span class='ocrx_word' id='word_1_68' title='bbox 839 1673 861 1746; x_wconf 90' lang='lat' dir='ltr'>l.</span> <span class='ocrx_word' id='word_1_69' title='bbox 886 1695 917 1746; x_wconf 87' lang='lat' dir='ltr'>c.</span> <span class='ocrx_word' id='word_1_70' title='bbox 944 1671 1068 1763; x_wconf 85' lang='lat' dir='ltr'>tradit,</span> <span class='ocrx_word' id='word_1_71' title='bbox 1109 1669 1224 1765; x_wconf 86' lang='lat' dir='ltr'>ipsum</span> <span class='ocrx_word' id='word_1_72' title='bbox 1244 1671 1307 1744; x_wconf 93' lang='lat' dir='ltr'>sub</span> <span class='ocrx_word' id='word_1_73' title='bbox 1334 1667 1437 1754; x_wconf 75' lang='lat' dir='ltr'>uitae</span> <span class='ocrx_word' id='word_1_74' title='bbox 1461 1671 1504 1746; x_wconf 85' lang='lat' dir='ltr'>fi·</span> 
     </span>
     <span class='ocr_line' id='line_1_9' title="bbox 283 1763 1500 1863; baseline -0.001 -21"><span class='ocrx_word' id='word_1_75' title='bbox 283 1789 366 1842; x_wconf 88' lang='lat' dir='ltr'>nem</span> <span class='ocrx_word' id='word_1_76' title='bbox 385 1767 571 1863; x_wconf 84' lang='lat' dir='ltr'>professum</span> <span class='ocrx_word' id='word_1_77' title='bbox 589 1767 657 1842; x_wconf 82' lang='lat' dir='ltr'>else</span> <span class='ocrx_word' id='word_1_78' title='bbox 674 1767 955 1862; x_wconf 88' lang='lat' dir='ltr'>poenitentiam,</span> <span class='ocrx_word' id='word_1_79' title='bbox 987 1785 1025 1841; x_wconf 91' lang='lat' dir='ltr'>et</span> <span class='ocrx_word' id='word_1_80' title='bbox 1040 1764 1283 1863; x_wconf 88' lang='lat' dir='ltr'>recipiendum</span> <span class='ocrx_word' id='word_1_81' title='bbox 1303 1763 1432 1856; x_wconf 78' lang='lat' dir='ltr'>luisse,</span> <span class='ocrx_word' id='word_1_82' title='bbox 1455 1766 1500 1856; x_wconf 83' lang='lat' dir='ltr'>fi,</span> 
     </span>
     <span class='ocr_line' id='line_1_10' title="bbox 285 1859 1505 1960; baseline -0.002 -22"><span class='ocrx_word' id='word_1_83' title='bbox 285 1885 374 1960; x_wconf 85' lang='lat' dir='ltr'>quos</span> <span class='ocrx_word' id='word_1_84' title='bbox 412 1863 622 1959; x_wconf 81' lang='lat' dir='ltr'>deceperat,</span> <span class='ocrx_word' id='word_1_85' title='bbox 661 1863 833 1937; x_wconf 76' lang='lat' dir='ltr'>Ecclesiae</span> <span class='ocrx_word' id='word_1_86' title='bbox 866 1860 1088 1954; x_wconf 87' lang='lat' dir='ltr'>restitueret,</span> <span class='ocrx_word' id='word_1_87' title='bbox 1130 1878 1247 1944; x_wconf 84' lang='lat' dir='ltr'>morte</span> <span class='ocrx_word' id='word_1_88' title='bbox 1278 1881 1371 1936; x_wconf 84' lang='lat' dir='ltr'>vero</span> <span class='ocrx_word' id='word_1_89' title='bbox 1401 1859 1505 1939; x_wconf 82' lang='lat' dir='ltr'>luisse</span> 
     </span>
     <span class='ocr_line' id='line_1_11' title="bbox 285 1956 1401 2067; baseline 0 -35"><span class='ocrx_word' id='word_1_90' title='bbox 285 1977 539 2057; x_wconf 66' lang='lat' dir='ltr'>praeventum</span> <span class='ocrx_word' id='word_1_91' title='bbox 563 1960 685 2032; x_wconf 85' lang='lat' dir='ltr'>lubens</span> <span class='ocrx_word' id='word_1_92' title='bbox 707 1960 768 2031; x_wconf 91' lang='lat' dir='ltr'>suo</span> <span class='ocrx_word' id='word_1_93' title='bbox 792 1961 879 2067; x_wconf 42' lang='lat' dir='ltr'>loco·</span> <span class='ocrx_word' id='word_1_94' title='bbox 894 1956 982 2032; x_wconf 86' lang='lat' dir='ltr'>telin</span> <span class='ocrx_word' id='word_1_95' title='bbox 1008 1980 1064 2034; x_wconf 83' lang='lat' dir='ltr'>uo.</span> <span class='ocrx_word' id='word_1_96' title='bbox 1399 2027 1401 2032; x_wconf 89' lang='lat'><em>.</em></span> 
     </span>
    </p>

    <p class='ocr_par' dir='ltr' id='par_1_3' title="bbox 208 2049 1508 2525">
     <span class='ocr_line' id='line_1_12' title="bbox 208 2049 1508 2256; baseline 0.001 -33"><span class='ocrx_word' id='word_1_97' title='bbox 208 2237 212 2242; x_wconf 53' lang='grc'><strong>,</strong></span> <span class='ocrx_word' id='word_1_98' title='bbox 283 2052 881 2256; x_wconf 59' lang='lat' dir='ltr'>al1plllllllmls‘tllll</span> <span class='ocrx_word' id='word_1_99' title='bbox 894 2049 1173 2247; x_wconf 48' lang='lat' dir='ltr'>sigilli}</span> <span class='ocrx_word' id='word_1_100' title='bbox 1222 2049 1508 2242; x_wconf 49' lang='lat' dir='ltr'>&#39;inliditiiiiif</span> 
     </span>
     <span class='ocr_line' id='line_1_13' title="bbox 285 2240 1504 2340; baseline 0.002 -22"><span class='ocrx_word' id='word_1_101' title='bbox 285 2242 347 2319; x_wconf 90' lang='lat' dir='ltr'>sub</span> <span class='ocrx_word' id='word_1_102' title='bbox 374 2242 523 2340; x_wconf 77' lang='lat' dir='ltr'>Hygino</span> <span class='ocrx_word' id='word_1_103' title='bbox 545 2243 743 2340; x_wconf 74' lang='lat' dir='ltr'>Episcopo,</span> <span class='ocrx_word' id='word_1_104' title='bbox 767 2266 814 2317; x_wconf 83' lang='lat' dir='ltr'>ex</span> <span class='ocrx_word' id='word_1_105' title='bbox 842 2240 961 2339; x_wconf 80' lang='lat' dir='ltr'>Syria,</span> <span class='ocrx_word' id='word_1_106' title='bbox 986 2244 1080 2317; x_wconf 86' lang='lat' dir='ltr'>unde</span> <span class='ocrx_word' id='word_1_107' title='bbox 1103 2242 1269 2318; x_wconf 81' lang='lat' dir='ltr'>oriundus</span> <span class='ocrx_word' id='word_1_108' title='bbox 1292 2261 1392 2336; x_wconf 89' lang='lat' dir='ltr'>erat,</span> <span class='ocrx_word' id='word_1_109' title='bbox 1418 2244 1504 2320; x_wconf 89' lang='lat' dir='ltr'>hae·</span> 
     </span>
     <span class='ocr_line' id='line_1_14' title="bbox 282 2337 1507 2435; baseline 0.004 -22"><span class='ocrx_word' id='word_1_110' title='bbox 282 2337 376 2415; x_wconf 79' lang='lat' dir='ltr'>aestu</span> <span class='ocrx_word' id='word_1_111' title='bbox 400 2362 488 2413; x_wconf 91' lang='lat' dir='ltr'>vero</span> <span class='ocrx_word' id='word_1_112' title='bbox 520 2337 621 2433; x_wconf 87' lang='lat' dir='ltr'>saepe</span> <span class='ocrx_word' id='word_1_113' title='bbox 646 2337 805 2413; x_wconf 84' lang='lat' dir='ltr'>abdicare</span> <span class='ocrx_word' id='word_1_114' title='bbox 831 2338 946 2429; x_wconf 83' lang='lat' dir='ltr'>visus,</span> <span class='ocrx_word' id='word_1_115' title='bbox 982 2339 1118 2435; x_wconf 76' lang='lat' dir='ltr'>saepius</span> <span class='ocrx_word' id='word_1_116' title='bbox 1146 2338 1316 2434; x_wconf 75' lang='lat' dir='ltr'>relapsus,</span> <span class='ocrx_word' id='word_1_117' title='bbox 1358 2340 1507 2418; x_wconf 82' lang='lat' dir='ltr'>tandem</span> 
     </span>
     <span class='ocr_line' id='line_1_15' title="bbox 282 2432 1508 2525; baseline 0 -12"><span class='ocrx_word' id='word_1_118' title='bbox 282 2435 327 2513; x_wconf 89' lang='lat' dir='ltr'>in</span> <span class='ocrx_word' id='word_1_119' title='bbox 358 2459 400 2509; x_wconf 87' lang='lat' dir='ltr'>ea</span> <span class='ocrx_word' id='word_1_120' title='bbox 416 2434 658 2525; x_wconf 79' lang='lat' dir='ltr'>confirmatus,</span> <span class='ocrx_word' id='word_1_121' title='bbox 683 2434 904 2509; x_wconf 86' lang='lat' dir='ltr'>renunciavit</span> <span class='ocrx_word' id='word_1_122' title='bbox 927 2432 1170 2508; x_wconf 85' lang='lat' dir='ltr'>communioni</span> <span class='ocrx_word' id='word_1_123' title='bbox 1194 2433 1386 2512; x_wconf 83' lang='lat' dir='ltr'>Ecclefiae.</span> <span class='ocrx_word' id='word_1_124' title='bbox 1411 2435 1508 2513; x_wconf 85' lang='lat' dir='ltr'>lren.</span> 
     </span>
    </p>

    <p class='ocr_par' dir='ltr' id='par_1_4' title="bbox 243 2525 1517 3586">
     <span class='ocr_line' id='line_1_16' title="bbox 243 2525 1517 2626; baseline -0.004 -21"><span class='ocrx_word' id='word_1_125' title='bbox 243 2535 246 2540; x_wconf 74' lang='grc'>’</span> <span class='ocrx_word' id='word_1_126' title='bbox 281 2532 312 2605; x_wconf 78' lang='lat' dir='ltr'>l.</span> <span class='ocrx_word' id='word_1_127' title='bbox 335 2533 403 2604; x_wconf 88' lang='lat' dir='ltr'>lll:</span> <span class='ocrx_word' id='word_1_128' title='bbox 426 2554 462 2622; x_wconf 82' lang='lat'>4.</span> <span class='ocrx_word' id='word_1_129' title='bbox 487 2550 524 2604; x_wconf 89' lang='lat' dir='ltr'>et</span> <span class='ocrx_word' id='word_1_130' title='bbox 546 2553 592 2603; x_wconf 86' lang='lat' dir='ltr'>ex</span> <span class='ocrx_word' id='word_1_131' title='bbox 610 2532 751 2605; x_wconf 84' lang='lat' dir='ltr'>eoEus.</span> <span class='ocrx_word' id='word_1_132' title='bbox 777 2532 827 2604; x_wconf 89' lang='lat' dir='ltr'>H.</span> <span class='ocrx_word' id='word_1_133' title='bbox 852 2529 921 2605; x_wconf 89' lang='lat' dir='ltr'>IV:</span> <span class='ocrx_word' id='word_1_134' title='bbox 951 2552 1007 2604; x_wconf 89' lang='lat'>11.</span> <span class='ocrx_word' id='word_1_135' title='bbox 1031 2549 1073 2603; x_wconf 86' lang='lat' dir='ltr'>ac</span> <span class='ocrx_word' id='word_1_136' title='bbox 1094 2525 1225 2626; x_wconf 86' lang='lat' dir='ltr'>Epiph.</span> <span class='ocrx_word' id='word_1_137' title='bbox 1249 2527 1385 2607; x_wconf 86' lang='lat' dir='ltr'>haeres.</span> <span class='ocrx_word' id='word_1_138' title='bbox 1407 2530 1517 2607; x_wconf 84' lang='lat' dir='ltr'><strong>XLI..</strong></span> 
     </span>
     <span class='ocr_line' id='line_1_17' title="bbox 278 2623 1505 2731; baseline 0.002 -31"><span class='ocrx_word' id='word_1_139' title='bbox 278 2626 500 2731; x_wconf 81' lang='lat' dir='ltr'>-Praecipuus</span> <span class='ocrx_word' id='word_1_140' title='bbox 526 2646 616 2698; x_wconf 89' lang='lat' dir='ltr'>vero</span> <span class='ocrx_word' id='word_1_141' title='bbox 644 2628 718 2721; x_wconf 86' lang='lat' dir='ltr'>ejus</span> <span class='ocrx_word' id='word_1_142' title='bbox 747 2623 935 2721; x_wconf 86' lang='lat' dir='ltr'>discipulus</span> <span class='ocrx_word' id='word_1_143' title='bbox 960 2624 1029 2698; x_wconf 85' lang='lat' dir='ltr'>suit</span> <span class='ocrx_word' id='word_1_144' title='bbox 1051 2624 1202 2720; x_wconf 84' lang='lat' dir='ltr'>Apelles,</span> <span class='ocrx_word' id='word_1_145' title='bbox 1241 2625 1371 2719; x_wconf 72' lang='lat' dir='ltr'>Syrus,</span> <span class='ocrx_word' id='word_1_146' title='bbox 1386 2661 1393 2690; x_wconf 80' lang='lat'>.=</span> <span class='ocrx_word' id='word_1_147' title='bbox 1410 2627 1505 2704; x_wconf 80' lang='lat' dir='ltr'>uude</span> 
     </span>
     <span class='ocr_line' id='line_1_18' title="bbox 279 2716 1507 2817; baseline 0 -20"><span class='ocrx_word' id='word_1_148' title='bbox 279 2718 505 2817; x_wconf 69' lang='lat' dir='ltr'>Apelleum,</span> <span class='ocrx_word' id='word_1_149' title='bbox 549 2718 661 2794; x_wconf 86' lang='lat' dir='ltr'>velll</span> <span class='ocrx_word' id='word_1_150' title='bbox 712 2719 806 2795; x_wconf 89' lang='lat' dir='ltr'>llitae</span> <span class='ocrx_word' id='word_1_151' title='bbox 839 2718 926 2794; x_wconf 76' lang='lat' dir='ltr'>diui</span> <span class='ocrx_word' id='word_1_152' title='bbox 952 2720 1042 2796; x_wconf 88' lang='lat' dir='ltr'>sunt.</span> <span class='ocrx_word' id='word_1_153' title='bbox 1092 2719 1170 2817; x_wconf 92' lang='lat' dir='ltr'>lpse</span> <span class='ocrx_word' id='word_1_154' title='bbox 1195 2718 1304 2817; x_wconf 76' lang='lat' dir='ltr'>lapsas</span> <span class='ocrx_word' id='word_1_155' title='bbox 1327 2724 1363 2798; x_wconf 84' lang='lat' dir='ltr'>ira</span> <span class='ocrx_word' id='word_1_156' title='bbox 1380 2716 1507 2816; x_wconf 79' lang='lat' dir='ltr'>foeni·</span> 
     </span>
     <span class='ocr_line' id='line_1_19' title="bbox 284 2814 1505 2913; baseline 0.002 -22"><span class='ocrx_word' id='word_1_157' title='bbox 284 2841 386 2903; x_wconf 86' lang='lat' dir='ltr'>nam,</span> <span class='ocrx_word' id='word_1_158' title='bbox 424 2816 531 2889; x_wconf 87' lang='lat' dir='ltr'>verba</span> <span class='ocrx_word' id='word_1_159' title='bbox 562 2814 639 2888; x_wconf 90' lang='lat' dir='ltr'>sunt</span> <span class='ocrx_word' id='word_1_160' title='bbox 690 2818 768 2891; x_wconf 78' lang='lat' dir='ltr'>&#39;ert</span> <span class='ocrx_word' id='word_1_161' title='bbox 800 2815 1005 2913; x_wconf 85' lang='lat' dir='ltr'>praescript.</span> <span class='ocrx_word' id='word_1_162' title='bbox 1037 2816 1172 2890; x_wconf 84' lang='lat' dir='ltr'>haeret.</span> <span class='ocrx_word' id='word_1_163' title='bbox 1205 2837 1238 2890; x_wconf 87' lang='lat' dir='ltr'>c.</span> <span class='ocrx_word' id='word_1_164' title='bbox 1266 2839 1326 2910; x_wconf 79' lang='lat'>30.</span> <span class='ocrx_word' id='word_1_165' title='bbox 1361 2814 1505 2913; x_wconf 79' lang='lat' dir='ltr'>desertor</span> 
     </span>
     <span class='ocr_line' id='line_1_20' title="bbox 284 2909 1505 3009; baseline 0.007 -29"><span class='ocrx_word' id='word_1_166' title='bbox 284 2914 502 2990; x_wconf 65' lang='lat' dir='ltr'>continentiae</span> <span class='ocrx_word' id='word_1_167' title='bbox 528 2912 733 3001; x_wconf 83' lang='lat' dir='ltr'>Marcionis,</span> <span class='ocrx_word' id='word_1_168' title='bbox 771 2918 815 2985; x_wconf 83' lang='lat' dir='ltr'>ab</span> <span class='ocrx_word' id='word_1_169' title='bbox 846 2913 946 2988; x_wconf 84' lang='lat' dir='ltr'>oeulis</span> <span class='ocrx_word' id='word_1_170' title='bbox 960 2909 1156 3008; x_wconf 80' lang='lat' dir='ltr'>sanilifflmi</span> <span class='ocrx_word' id='word_1_171' title='bbox 1179 2911 1334 3009; x_wconf 82' lang='lat' dir='ltr'>magistri</span> <span class='ocrx_word' id='word_1_172' title='bbox 1355 2918 1505 2991; x_wconf 71' lang='lat' dir='ltr'>Alexan·</span> 
     </span>
     <span class='ocr_line' id='line_1_21' title="bbox 282 3004 1507 3108; baseline -0.001 -24"><span class='ocrx_word' id='word_1_173' title='bbox 282 3012 396 3086; x_wconf 75' lang='lat' dir='ltr'>-driaen</span> <span class='ocrx_word' id='word_1_174' title='bbox 420 3004 583 3104; x_wconf 82' lang='lat' dir='ltr'>diseeffir,·</span> <span class='ocrx_word' id='word_1_175' title='bbox 615 3010 690 3096; x_wconf 86' lang='lat' dir='ltr'>nbi,</span> <span class='ocrx_word' id='word_1_176' title='bbox 723 3026 762 3081; x_wconf 91' lang='lat' dir='ltr'>ut</span> <span class='ocrx_word' id='word_1_177' title='bbox 786 3008 870 3082; x_wconf 87' lang='lat' dir='ltr'>ibid.</span> <span class='ocrx_word' id='word_1_178' title='bbox 896 3008 1024 3095; x_wconf 84' lang='lat' dir='ltr'>refert,</span> <span class='ocrx_word' id='word_1_179' title='bbox 1058 3012 1091 3079; x_wconf 89' lang='lat' dir='ltr'>in</span> <span class='ocrx_word' id='word_1_180' title='bbox 1115 3007 1215 3081; x_wconf 85' lang='lat' dir='ltr'>aliam</span> <span class='ocrx_word' id='word_1_181' title='bbox 1244 3008 1355 3102; x_wconf 81' lang='lat' dir='ltr'>polleo</span> <span class='ocrx_word' id='word_1_182' title='bbox 1383 3013 1507 3108; x_wconf 76' lang='lat' dir='ltr'>inpegit</span> 
     </span>
     <span class='ocr_line' id='line_1_22' title="bbox 283 3103 1511 3205; baseline 0.001 -25"><span class='ocrx_word' id='word_1_183' title='bbox 283 3107 488 3205; x_wconf 84' lang='lat' dir='ltr'>soerninam,</span> <span class='ocrx_word' id='word_1_184' title='bbox 520 3124 628 3199; x_wconf 82' lang='lat' dir='ltr'>nempe</span> <span class='ocrx_word' id='word_1_185' title='bbox 654 3110 686 3178; x_wconf 89' lang='lat' dir='ltr'>in</span> <span class='ocrx_word' id='word_1_186' title='bbox 709 3105 930 3178; x_wconf 76' lang='lat' dir='ltr'>Philumenam</span> <span class='ocrx_word' id='word_1_187' title='bbox 953 3106 1130 3197; x_wconf 75' lang='lat' dir='ltr'>uirginem,</span> <span class='ocrx_word' id='word_1_188' title='bbox 1160 3103 1222 3200; x_wconf 87' lang='lat' dir='ltr'>sea</span> <span class='ocrx_word' id='word_1_189' title='bbox 1243 3104 1353 3195; x_wconf 81' lang='lat' dir='ltr'>potins</span> <span class='ocrx_word' id='word_1_190' title='bbox 1379 3109 1511 3182; x_wconf 74' lang='lat' dir='ltr'>inmane</span> 
     </span>
     <span class='ocr_line' id='line_1_23' title="bbox 288 3195 1508 3300; baseline 0.002 -25"><span class='ocrx_word' id='word_1_191' title='bbox 288 3204 517 3300; x_wconf 81' lang='lat' dir='ltr'>prostibulam,</span> <span class='ocrx_word' id='word_1_192' title='bbox 558 3204 652 3294; x_wconf 84' lang='lat' dir='ltr'>cujas</span> <span class='ocrx_word' id='word_1_193' title='bbox 685 3218 884 3293; x_wconf 81' lang='lat' dir='ltr'>energemate</span> <span class='ocrx_word' id='word_1_194' title='bbox 911 3198 1033 3298; x_wconf 82' lang='lat' dir='ltr'>(fignis</span> <span class='ocrx_word' id='word_1_195' title='bbox 1064 3218 1102 3272; x_wconf 93' lang='lat' dir='ltr'>et</span> <span class='ocrx_word' id='word_1_196' title='bbox 1127 3200 1251 3293; x_wconf 90' lang='lat' dir='ltr'>praesti</span> <span class='ocrx_word' id='word_1_197' title='bbox 1280 3195 1343 3294; x_wconf 79' lang='lat' dir='ltr'>iis)</span> <span class='ocrx_word' id='word_1_198' title='bbox 1369 3206 1508 3281; x_wconf 69' lang='lat' dir='ltr'>ciram·</span> 
     </span>
     <span class='ocr_line' id='line_1_24' title="bbox 448 3291 1190 3464; baseline 0.004 -0.353"><span class='ocrx_word' id='word_1_199' title='bbox 448 3319 536 3461; x_wconf 58' lang='lat' dir='ltr'>,ert</span> <span class='ocrx_word' id='word_1_200' title='bbox 561 3299 667 3458; x_wconf 75' lang='lat' dir='ltr'>a</span> <span class='ocrx_word' id='word_1_201' title='bbox 681 3298 818 3460; x_wconf 74' lang='lat' dir='ltr'>ren</span> <span class='ocrx_word' id='word_1_202' title='bbox 835 3291 1190 3464; x_wconf 44' lang='lat' dir='ltr'>ituraeae</span> 
     </span>
     <span class='ocr_line' id='line_1_25' title="bbox 294 3413 1506 3586; baseline 0.007 -29"><span class='ocrx_word' id='word_1_203' title='bbox 294 3479 501 3567; x_wconf 85' lang='lat' dir='ltr'>Catholico,</span> <span class='ocrx_word' id='word_1_204' title='bbox 526 3478 696 3553; x_wconf 80' lang='lat' dir='ltr'>ditatura</span> <span class='ocrx_word' id='word_1_205' title='bbox 726 3482 770 3553; x_wconf 87' lang='lat' dir='ltr'>ud</span> <span class='ocrx_word' id='word_1_206' title='bbox 794 3413 949 3558; x_wconf 71' lang='lat' dir='ltr'>EuspH.</span> <span class='ocrx_word' id='word_1_207' title='bbox 975 3487 1024 3560; x_wconf 91' lang='lat' dir='ltr'>V:</span> <span class='ocrx_word' id='word_1_208' title='bbox 1049 3510 1109 3580; x_wconf 83' lang='lat'>43.</span> <span class='ocrx_word' id='word_1_209' title='bbox 1143 3494 1178 3568; x_wconf 77' lang='grc' dir='ltr'><strong>τῆ</strong></span> <span class='ocrx_word' id='word_1_210' title='bbox 1200 3495 1342 3577; x_wconf 64' lang='grc' dir='ltr'>πολιτέφ</span> <span class='ocrx_word' id='word_1_211' title='bbox 1369 3447 1506 3586; x_wconf 56' lang='lat' dir='ltr'>irpini-</span> 
     </span>
    </p>

    <p class='ocr_par' dir='ltr' id='par_1_5' title="bbox 162 3579 1507 3773">
     <span class='ocr_line' id='line_1_26' title="bbox 162 3579 1507 3683; baseline 0.008 -34"><span class='ocrx_word' id='word_1_212' title='bbox 162 3654 169 3661; x_wconf 66' lang='grc'><strong>,</strong></span> <span class='ocrx_word' id='word_1_213' title='bbox 295 3608 378 3678; x_wconf 71' lang='lat' dir='ltr'>pan</span> <span class='ocrx_word' id='word_1_214' title='bbox 400 3585 452 3648; x_wconf 73' lang='lat' dir='ltr'>aar</span> <span class='ocrx_word' id='word_1_215' title='bbox 476 3585 517 3669; x_wconf 75' lang='grc' dir='ltr'>τῷ</span> <span class='ocrx_word' id='word_1_216' title='bbox 540 3579 621 3673; x_wconf 62' lang='lat' dir='ltr'>pipp</span> <span class='ocrx_word' id='word_1_217' title='bbox 644 3582 686 3648; x_wconf 85' lang='lat' dir='ltr'>ab</span> <span class='ocrx_word' id='word_1_218' title='bbox 718 3582 839 3650; x_wconf 85' lang='lat' dir='ltr'>inentia</span> <span class='ocrx_word' id='word_1_219' title='bbox 863 3595 895 3653; x_wconf 81' lang='lat' dir='ltr'>et</span> <span class='ocrx_word' id='word_1_220' title='bbox 910 3579 1073 3673; x_wconf 77' lang='lat' dir='ltr'>sentilam</span> <span class='ocrx_word' id='word_1_221' title='bbox 1097 3582 1224 3654; x_wconf 85' lang='lat' dir='ltr'>claras:</span> <span class='ocrx_word' id='word_1_222' title='bbox 1250 3589 1343 3678; x_wconf 88' lang='lat' dir='ltr'>quod</span> <span class='ocrx_word' id='word_1_223' title='bbox 1369 3611 1438 3683; x_wconf 91' lang='lat' dir='ltr'>qua</span> <span class='ocrx_word' id='word_1_224' title='bbox 1453 3610 1507 3662; x_wconf 89' lang='lat' dir='ltr'>ra·</span> 
     </span>
     <span class='ocr_line' id='line_1_27' title="bbox 295 3673 1507 3773; baseline 0.007 -24"><span class='ocrx_word' id='word_1_225' title='bbox 295 3681 396 3752; x_wconf 90' lang='lat' dir='ltr'>tione</span> <span class='ocrx_word' id='word_1_226' title='bbox 415 3695 495 3745; x_wconf 87' lang='lat' dir='ltr'>cnm</span> <span class='ocrx_word' id='word_1_227' title='bbox 513 3676 615 3746; x_wconf 89' lang='lat' dir='ltr'>Tert.</span> <span class='ocrx_word' id='word_1_228' title='bbox 640 3673 898 3747; x_wconf 81' lang='lat' dir='ltr'>conciliandum</span> <span class='ocrx_word' id='word_1_229' title='bbox 914 3674 976 3765; x_wconf 89' lang='lat' dir='ltr'>srt,</span> <span class='ocrx_word' id='word_1_230' title='bbox 996 3675 1133 3750; x_wconf 84' lang='lat' dir='ltr'>nescio:</span> <span class='ocrx_word' id='word_1_231' title='bbox 1159 3676 1246 3772; x_wconf 77' lang='lat' dir='ltr'>legit</span> <span class='ocrx_word' id='word_1_232' title='bbox 1269 3675 1415 3773; x_wconf 88' lang='lat' dir='ltr'>quidem</span> <span class='ocrx_word' id='word_1_233' title='bbox 1432 3685 1507 3758; x_wconf 84' lang='lat' dir='ltr'>Va·</span> 
     </span>
    </p>

    <p class='ocr_par' dir='ltr' id='par_1_6' title="bbox 295 3767 1510 3876">
     <span class='ocr_line' id='line_1_28' title="bbox 295 3767 1510 3876; baseline 0.003 -26"><span class='ocrx_word' id='word_1_234' title='bbox 295 3772 353 3850; x_wconf 85' lang='lat' dir='ltr'>les.</span> <span class='ocrx_word' id='word_1_235' title='bbox 379 3767 495 3861; x_wconf 63' lang='grc' dir='ltr'>πολιῷ,</span> <span class='ocrx_word' id='word_1_236' title='bbox 528 3767 586 3844; x_wconf 91' lang='lat' dir='ltr'>sed</span> <span class='ocrx_word' id='word_1_237' title='bbox 610 3767 723 3842; x_wconf 88' lang='lat' dir='ltr'>minus</span> <span class='ocrx_word' id='word_1_238' title='bbox 746 3769 919 3860; x_wconf 84' lang='lat' dir='ltr'>feliciter,</span> <span class='ocrx_word' id='word_1_239' title='bbox 959 3791 1040 3844; x_wconf 87' lang='lat' dir='ltr'>curn</span> <span class='ocrx_word' id='word_1_240' title='bbox 1065 3771 1120 3845; x_wconf 81' lang='lat' dir='ltr'>illa</span> <span class='ocrx_word' id='word_1_241' title='bbox 1140 3794 1210 3844; x_wconf 81' lang='lat' dir='ltr'>vox</span> <span class='ocrx_word' id='word_1_242' title='bbox 1231 3772 1301 3846; x_wconf 91' lang='lat' dir='ltr'>huc</span> <span class='ocrx_word' id='word_1_243' title='bbox 1328 3796 1402 3851; x_wconf 91' lang='lat' dir='ltr'>non</span> <span class='ocrx_word' id='word_1_244' title='bbox 1426 3802 1510 3876; x_wconf 83' lang='lat' dir='ltr'>qua·</span> 
     </span>
    </p>

    <p class='ocr_par' dir='ltr' id='par_1_7' title="bbox 294 3866 1508 4157">
     <span class='ocr_line' id='line_1_29' title="bbox 295 3866 1508 3962; baseline 0 -22"><span class='ocrx_word' id='word_1_245' title='bbox 295 3871 395 3954; x_wconf 91' lang='lat' dir='ltr'>drer,</span> <span class='ocrx_word' id='word_1_246' title='bbox 429 3889 533 3962; x_wconf 87' lang='lat' dir='ltr'>quate</span> <span class='ocrx_word' id='word_1_247' title='bbox 565 3891 610 3940; x_wconf 84' lang='lat' dir='ltr'>ex</span> <span class='ocrx_word' id='word_1_248' title='bbox 639 3866 728 3939; x_wconf 87' lang='lat' dir='ltr'>sama</span> <span class='ocrx_word' id='word_1_249' title='bbox 753 3867 871 3961; x_wconf 87' lang='lat' dir='ltr'>potius</span> <span class='ocrx_word' id='word_1_250' title='bbox 895 3885 1008 3943; x_wconf 87' lang='lat' dir='ltr'>natam</span> <span class='ocrx_word' id='word_1_251' title='bbox 1043 3868 1236 3962; x_wconf 88' lang='lat' dir='ltr'>putaverim</span> <span class='ocrx_word' id='word_1_252' title='bbox 1262 3870 1363 3944; x_wconf 90' lang='lat' dir='ltr'>Tert.</span> <span class='ocrx_word' id='word_1_253' title='bbox 1390 3898 1508 3950; x_wconf 80' lang='lat' dir='ltr'>narra·</span> 
     </span>
     <span class='ocr_line' id='line_1_30' title="bbox 294 3961 1507 4052; baseline 0.003 -13"><span class='ocrx_word' id='word_1_254' title='bbox 294 3964 453 4050; x_wconf 87' lang='lat' dir='ltr'>tionem,</span> <span class='ocrx_word' id='word_1_255' title='bbox 495 3985 563 4035; x_wconf 87' lang='lat' dir='ltr'>nec</span> <span class='ocrx_word' id='word_1_256' title='bbox 580 3961 721 4034; x_wconf 89' lang='lat' dir='ltr'>veritati</span> <span class='ocrx_word' id='word_1_257' title='bbox 747 3964 954 4052; x_wconf 84' lang='lat' dir='ltr'>consonam3</span> <span class='ocrx_word' id='word_1_258' title='bbox 990 3985 1069 4035; x_wconf 82' lang='lat' dir='ltr'>cunr</span> <span class='ocrx_word' id='word_1_259' title='bbox 1089 3962 1274 4051; x_wconf 87' lang='lat' dir='ltr'>Rhodoni,</span> <span class='ocrx_word' id='word_1_260' title='bbox 1307 3967 1429 4043; x_wconf 87' lang='lat' dir='ltr'>autori</span> <span class='ocrx_word' id='word_1_261' title='bbox 1449 3993 1507 4043; x_wconf 89' lang='lat' dir='ltr'>ae·</span> 
     </span>
     <span class='ocr_line' id='line_1_31' title="bbox 295 4056 1503 4157; baseline 0.009 -27"><span class='ocrx_word' id='word_1_262' title='bbox 295 4056 408 4157; x_wconf 90' lang='lat' dir='ltr'>quali,</span> <span class='ocrx_word' id='word_1_263' title='bbox 433 4057 551 4149; x_wconf 89' lang='lat' dir='ltr'>potius</span> <span class='ocrx_word' id='word_1_264' title='bbox 575 4056 785 4131; x_wconf 88' lang='lat' dir='ltr'>credendum</span> <span class='ocrx_word' id='word_1_265' title='bbox 813 4059 877 4147; x_wconf 78' lang='lat' dir='ltr'>sit,</span> <span class='ocrx_word' id='word_1_266' title='bbox 901 4078 938 4130; x_wconf 87' lang='lat' dir='ltr'>et</span> <span class='ocrx_word' id='word_1_267' title='bbox 961 4057 1077 4153; x_wconf 88' lang='lat' dir='ltr'>quivis</span> <span class='ocrx_word' id='word_1_268' title='bbox 1100 4081 1256 4131; x_wconf 86' lang='lat' dir='ltr'>rumores</span> <span class='ocrx_word' id='word_1_269' title='bbox 1279 4058 1324 4135; x_wconf 88' lang='lat' dir='ltr'>de</span> <span class='ocrx_word' id='word_1_270' title='bbox 1349 4062 1503 4140; x_wconf 87' lang='lat' dir='ltr'>haereti·</span> 
     </span>
    </p>

    <p class='ocr_par' dir='ltr' id='par_1_8' title="bbox 281 4148 1508 4521">
     <span class='ocr_line' id='line_1_32' title="bbox 296 4148 1508 4247; baseline 0.007 -19"><span class='ocrx_word' id='word_1_271' title='bbox 296 4156 347 4229; x_wconf 87' lang='lat' dir='ltr'>cis</span> <span class='ocrx_word' id='word_1_272' title='bbox 371 4150 473 4225; x_wconf 86' lang='lat' dir='ltr'>avide</span> <span class='ocrx_word' id='word_1_273' title='bbox 499 4150 631 4244; x_wconf 85' lang='lat' dir='ltr'>captari</span> <span class='ocrx_word' id='word_1_274' title='bbox 656 4148 804 4237; x_wconf 87' lang='lat' dir='ltr'>soleant,</span> <span class='ocrx_word' id='word_1_275' title='bbox 829 4152 1047 4227; x_wconf 78' lang='lat' dir='ltr'>sicutmodo</span> <span class='ocrx_word' id='word_1_276' title='bbox 1072 4151 1109 4224; x_wconf 91' lang='lat' dir='ltr'>in</span> <span class='ocrx_word' id='word_1_277' title='bbox 1135 4153 1208 4247; x_wconf 87' lang='lat' dir='ltr'>ipso</span> <span class='ocrx_word' id='word_1_278' title='bbox 1233 4156 1428 4235; x_wconf 85' lang='lat' dir='ltr'>Marcione</span> <span class='ocrx_word' id='word_1_279' title='bbox 1443 4161 1508 4235; x_wconf 86' lang='lat' dir='ltr'>ha·</span> 
     </span>
     <span class='ocr_line' id='line_1_33' title="bbox 296 4242 1505 4331; baseline 0.004 -6"><span class='ocrx_word' id='word_1_280' title='bbox 296 4249 444 4325; x_wconf 78' lang='lat' dir='ltr'>ruimus.</span> <span class='ocrx_word' id='word_1_281' title='bbox 493 4242 676 4319; x_wconf 87' lang='lat' dir='ltr'>Consentit</span> <span class='ocrx_word' id='word_1_282' title='bbox 701 4247 802 4319; x_wconf 88' lang='lat' dir='ltr'>nobis</span> <span class='ocrx_word' id='word_1_283' title='bbox 827 4247 1010 4322; x_wconf 85' lang='lat' dir='ltr'>Beausobr.</span> <span class='ocrx_word' id='word_1_284' title='bbox 1037 4247 1072 4319; x_wconf 88' lang='lat' dir='ltr'>in</span> <span class='ocrx_word' id='word_1_285' title='bbox 1096 4249 1189 4325; x_wconf 88' lang='lat' dir='ltr'>Hist.</span> <span class='ocrx_word' id='word_1_286' title='bbox 1213 4251 1375 4328; x_wconf 89' lang='lat' dir='ltr'>Manich.</span> <span class='ocrx_word' id='word_1_287' title='bbox 1400 4274 1428 4329; x_wconf 86' lang='lat' dir='ltr'>t.</span> <span class='ocrx_word' id='word_1_288' title='bbox 1453 4257 1505 4331; x_wconf 89' lang='lat' dir='ltr'>ll.</span> 
     </span>
     <span class='ocr_line' id='line_1_34' title="bbox 281 4332 1504 4521; baseline -0.002 -97"><span class='ocrx_word' id='word_1_289' title='bbox 281 4348 462 4451; x_wconf 80' lang='lat' dir='ltr'>¹Ceterum</span> <span class='ocrx_word' id='word_1_290' title='bbox 488 4332 629 4436; x_wconf 79' lang='lat' dir='ltr'>Apelles</span> <span class='ocrx_word' id='word_1_291' title='bbox 652 4340 696 4430; x_wconf 22' lang='lat' dir='ltr'>,io</span> <span class='ocrx_word' id='word_1_292' title='bbox 728 4341 863 4423; x_wconf 86' lang='lat' dir='ltr'>duobus</span> <span class='ocrx_word' id='word_1_293' title='bbox 890 4341 1070 4450; x_wconf 17' lang='lat' dir='ltr'>*capitibus</span> <span class='ocrx_word' id='word_1_294' title='bbox 1100 4345 1248 4423; x_wconf 87' lang='lat' dir='ltr'>traditur</span> <span class='ocrx_word' id='word_1_295' title='bbox 1282 4371 1302 4420; x_wconf 89' lang='lat' dir='ltr'>a</span> <span class='ocrx_word' id='word_1_296' title='bbox 1312 4347 1504 4521; x_wconf 55' lang='lat' dir='ltr'>Bpraragissro</span> 
     </span>
    </p>

    <p class='ocr_par' dir='ltr' id='par_1_9' title="bbox 279 4463 1505 4526">
     <span class='ocr_line' id='line_1_35' title="bbox 279 4463 1505 4526; baseline 0.005 -12"><span class='ocrx_word' id='word_1_297' title='bbox 279 4492 283 4501; x_wconf 84' lang='lat'><em>-</em></span> <span class='ocrx_word' id='word_1_298' title='bbox 808 4504 811 4510; x_wconf 97' lang='lat'>.</span> <span class='ocrx_word' id='word_1_299' title='bbox 954 4504 961 4517; x_wconf 87' lang='lat'>.</span> <span class='ocrx_word' id='word_1_300' title='bbox 1391 4463 1505 4526; x_wconf 80' lang='lat' dir='ltr'>etone</span> 
     </span>
    </p>
   </div>
   <div class='ocr_carea' id='block_1_3' title="bbox 0 0 1832 5500">
    <p class='ocr_par' dir='ltr' id='par_1_10' title="bbox 0 0 1832 5500">
     <span class='ocr_line' id='line_1_36' title="bbox 0 0 1832 5500; baseline 0 0"><span class='ocrx_word' id='word_1_301' title='bbox 0 0 1832 5500; x_wconf 95' lang='lat' dir='ltr'> </span> 
     </span>
    </p>
   </div>
  </div>
 </body>
</html>
