3609 5500
597 959 673 1040 ttt
950 915 1445 1026 'utormtmmmm

603 1119 743 1196 durante
777 1100 901 1208 'adhuc
923 1125 1014 1194 -ea,
1056 1099 1098 1176 stt
1128 1099 1339 1200 agendum,
1374 1097 1534 1202 ,quodve
1575 1116 1734 1200 temper.

606 1232 682 1288 tum
726 1191 973 1304 poenitentiae
1014 1195 1250 1296 praescriptae
1292 1197 1401 1290 fuerit
1438 1197 1610 1274 additum.
1669 1199 1734 1274 No

605 1308 749 1406 itaque,
768 1321 876 1398 -quae
899 1292 1054 1398 qualisve
1076 1295 1303 1396 poenitentia
1333 1291 1444 1390 ¹fuerit
1468 1293 1551 1394 ipsrs
1577 1293 1734 1394 injuncta

633 1423 706 1478 uet.
1215 1445 1225 1458 -·
1270 1441 1302 1450 ··
1352 1459 1357 1476 .

606 1427 685 1600 ης.
710 1487 897 1572 CXXXV.
923 1455 1122 1578 Videamus
1143 1511 1239 1586 rrum,
1253 1477 1346 1564 aiibi
1365 1487 1459 1574 illud¹
1476 1487 1607 1564 clarius
1634 1509 1673 1580 et
1697 1473 1734 1563 di

605 1595 680 1690 jtius
704 1587 935 1692 exprimatur.
973 1581 1084 1686 Epist
1112 1580 1295 1684 synodica
1321 1583 1364 1660 ad
1391 1586 1633 1677 Corneliurm,-
1652 1585 1732 1660 inte

608 1683 786 1791 prianicat
801 1708 869 1779 57,
893 1679 1154 1784 decretumita
1168 1681 1343 1780 exponit,
1366 1698 1403 1756 ut
1442 1682 1612 1776 aurificata·
1635 1706 1734 1779 agere

539 1797 542 1804 '
604 1783 837 1884 poeniteutiam
855 1776 1011 1882 plemam,
1030 1797 1099 1874 Uet,
1112 1773 1342 1876 stgptrt'culrtm
1368 1780 1401 1850 in
1428 1781 1576 1852 rmitotis
1602 1799 1734 1874 urgeret

607 1909 675 1960 rem
689 1875 757 1980 sub
783 1873 848 1950 itio
870 1877 985 1978 martir
1010 1879 1214 1974 acciperent:
1247 1878 1306 1968 ubi
1331 1893 1368 1948 et
1396 1889 1689 1969 temperamentum
1715 1899 1734 1949 o

608 1981 680 2069 rit,
705 1994 737 2052 ct
751 1974 948 2070 poenitentia
962 1965 1080 2066 ptem,
1104 1971 1203 2068 cujus
1226 1971 1309 2046 illud
1326 1967 1377 2044 est
1396 1971 1577 2067 exceptio.
1628 1972 1734 2046 Poeni

606 2097 698 2170 pero
718 2075 816 2170 plera
842 2090 915 2142 non
940 2066 992 2170 est
1016 2071 1157 2164 eadem,
1182 2088 1226 2166 ac
1248 2067 1292 2142 ad
1314 2086 1466 2142 mortem
1492 2067 1624 2164 usque,
1663 2091 1734 2144 non

598 2191 708 2255 trum,
734 2165 828 2265 quod
854 2160 1024 2261 exceptio
1048 2159 1132 2262 tuuc
1150 2159 1246 2236 soret
1278 2161 1485 2254 frustranea,
1511 2166 1589 2238 imo
1615 2164 1734 2255 uuila,

608 2267 722 2364 ipsum
746 2265 929 2336 decretum
955 2255 1068 2352 effer,
1085 2277 1132 2333 ut
1156 2281 1229 2334 non
1256 2257 1318 2334 nist
1346 2255 1406 2332 sub
1434 2260 1553 2349 exitu,
1580 2279 1622 2333 et
1650 2280 1734 2336 tun<

603 2386 696 2451 mes,
718 2356 1012 2443 admitterentur,
1035 2353 1092 2431 sed
1110 2351 1238 2445 etiam,
1255 2356 1356 2453 ,quod
1370 2356 1499 2450 plemam
1515 2378 1627 2464 agere
1644 2380 1734 2454 poet

605 2459 718 2550 tiam,
759 2473 799 2531 et
823 2453 860 2528 iu
886 2471 1045 2528 extrema
1070 2451 1209 2526 admitti
1244 2449 1468 2542 infirmitate,
1508 2450 1642 2526 diserte
1670 2470 1734 2528 tan

605 2553 773 2641 diversa,
797 2547 1056 2648 distinguantur
1079 2547 1154 2624 aliis
1180 2546 1415 2644 in-EpistoIis.
1450 2545 1511 2622 Sic
1533 2570 1595 2645 ep.
1622 2556 1686 2642 64.
1714 2574 1734 2625 a

607 2652 693 2728 dum
710 2642 938 2744 conqueritur
955 2643 1168 2744 Cyprianus,
1186 2639 1374 2719 Vidtorem
1391 2640 1461 2718 effe
1477 2662 1646 2739 receptum
1665 2662 1734 2720 amtr

602 2753 735 2849 pletum
755 2742 989 2839 poeniteutiam
1012 2739 1143 2839 egiffet,
1176 2735 1266 2815 nulla
1285 2740 1477 2839 imfirmitate
1503 2758 1668 2839 urgente,
1704 2740 1734 2817 ir

607 2840 793 2924 discessum
819 2835 898 2913 effe'
913 2836 966 2914 ait
988 2863 1011 2911 a
1036 2839 1157 2917 decreti
1177 2840 1365 2913 autoritate.
1411 2837 1478 2935 Ep.
1502 2861 1538 2928 4.
1563 2838 1609 2914 ad
1627 2840 1734 2934 Pomp

606 2945 732 3045 Jubct,
763 2954 800 3012 ut
828 2937 918 3031 virgo
945 2951 1096 3034 corrupto
1120 2951 1202 3031 agat
1222 2937 1452 3029 poenitentiam
1471 2936 1605 3028 plemam
1627 2969 1690 2990 ·-
1714 2972 1734 2991 ·

609 3059 666 3131 at,
690 3033 859 3135 aestimato
879 3031 969 3133 julio
994 3049 1149 3128 tempore,
1168 3031 1277 3129 postea
1300 3029 1506 3127 exomologest
1524 3030 1629 3128 sada
1659 3036 1734 3108 adi

604 3138 695 3236 fiam
728 3134 849 3210 redeat.
898 3130 1094 3220 Elucescit,
1139 3148 1178 3204 ut
1212 3128 1439 3219 concludam,
1479 3153 1525 3204 eu
1552 3127 1734 3226 disputati.

611 3230 769 3312 concilio
795 3226 999 3326 Carthagin.
1022 3226 1203 3302 decretum
1226 3227 1316 3316 esse,
1345 3244 1438 3324 1.·ut
1460 3225 1679 3321 Libellatice',
1713 3255 1734 3327 p

609 3328 764 3406 tentiam
788 3324 951 3423 profusit,
991 3347 1076 3398 mox
1107 3322 1387 3399 admitterentur.
1436 3344 1468 3399 2.
1494 3322 1713 3401 sacrificatis

607 3421 866 3522 praescribatur
883 3420 1129 3517 poenitentia,
1155 3440 1316 3517 ternpore
1338 3435 1409 3493 non
1427 3418 1599 3511 definito,
1622 3420 1685 3496 sed
1709 3444 1734 3496 a«

513 3575 518 3593 .
606 3519 771 3620 gulorum
805 3515 956 3590 crimina
982 3514 1308 3607 adcommodando,
1345 3538 1427 3591 curu
1457 3539 1581 3592 omnes
1613 3538 1688 3591 non
1721 3539 1734 3588 a

607 3635 717 3721 grave
734 3606 943 3708 peccassent.
977 3613 1143 3705 Cypriam.
1169 3637 1226 3708 ep.
1251 3634 1310 3703 55.
1349 3635 1382 3708 3.
1407 3628 1487 3688 cum
1505 3613 1578 3691 hoc
1600 3633 1713 3688 tamen

608 3724 860 3816 peramento,
875 3723 916 3780 ut
942 3707 1103 3781 omnibus
1126 3705 1342 3782 succurratur
1371 3707 1409 3781 in
1436 3707 1549 3786 exitu.
1597 3732 1631 3803 4.
1653 3709 1734 3783 Not

605 3835 674 3891 nur
699 3801 1050 3897 excommunicetur,
1080 3824 1118 3881 et
1143 3828 1208 3902 pro
1234 3804 1414 3880 haeretico
1440 3804 1632 3895 habeatur,
1669 3828 1734 3881 orm

459 4004 465 4012 Ι
626 3910 748 4004 ‘noque
772 3900 875 3990 aiiit',
899 3902 959 4007 qui
985 3925 1064 3977 cum
1092 3903 1173 4001 ipso
1196 3902 1374 3992 sentiunt,
1398 3898 1518 3978 eadem
1534 3902 1676 3980 inflieta
1702 3928 1734 4015 p<

605 3934 714 4103 {ujus
732 3999 927 4077 sententiae
949 3997 1036 4072 duae
1054 3999 1181 4078 dautur
1204 3999 1376 4088 rationes,
1400 4024 1487 4090 utra,
1513 4000 1608 4099 quod
1632 3998 1734 4076 schrs:

605 4128 669 4183 cus
694 4096 757 4186 fit,
783 4111 821 4168 et
843 4095 886 4167 ab
907 4091 1060 4170 Ecclesia
1077 4092 1113 4170 se
1138 4093 1370 4193 separaverit,
1396 4096 1525 4187 altero,
1550 4094 1647 4197 quod
1674 4097 1734 4174 dis

600 4223 688 4286 nae,
712 4192 749 4267 iu
791 4187 936 4287 Synodo
953 4186 1144 4281 stabilitae,
1168 4189 1338 4266 calculum
1361 4190 1549 4291 negaverit
1573 4191 1729 4288 addere,

596 4298 714 4473 priam.
740 4312 797 4387 ep.
823 4306 883 4377 5'5.
930 4285 1096 4359 Ceterum
1121 4287 1191 4361 huc
1212 4282 1366 4385 spectat,
1407 4307 1445 4363 et
1469 4289 1543 4363 hoc
1572 4310 1734 4388 tempore

675 4384 747 4483 est,
772 4376 1129 4521 mmtdutfflifm
1143 4404 1228 4487 442
1252 4380 1315 4485 qut
1330 4379 1516 4517 hotoft
1531 4391 1609 4493 rtis
1624 4388 1732 4515 app

1088 4540 1105 4606 .;·
1139 4542 1245 4591 retr:
1280 4556 1291 4585 t
