<?xml version="1.0" encoding="UTF-8"?>
<!DOCTYPE html PUBLIC "-//W3C//DTD XHTML 1.0 Transitional//EN"
    "http://www.w3.org/TR/xhtml1/DTD/xhtml1-transitional.dtd">
<html xmlns="http://www.w3.org/1999/xhtml" xml:lang="en" lang="en">
 <head>
  <title>
</title>
<meta http-equiv="Content-Type" content="text/html;charset=utf-8" />
  <meta name='ocr-system' content='tesseract 3.04.00' />
  <meta name='ocr-capabilities' content='ocr_page ocr_carea ocr_par ocr_line ocrx_word'/>
</head>
<body>
  <div class='ocr_page' id='page_1' title='image "./hermannivenemai05venegoog_0273.png"; bbox 0 0 3609 5500; ppageno 0'>
   <div class='ocr_carea' id='block_1_1' title="bbox 636 875 1518 1045">
    <p class='ocr_par' dir='ltr' id='par_1_1' title="bbox 636 875 1518 1045">
     <span class='ocr_line' id='line_1_1' title="bbox 636 875 1518 1045; baseline 0.009 -49"><span class='ocrx_word' id='word_1_1' title='bbox 636 875 639 880; x_wconf 19' lang='grc' dir='ltr'>Ι</span> <span class='ocrx_word' id='word_1_2' title='bbox 786 943 791 950; x_wconf 87' lang='lat'>·</span> <span class='ocrx_word' id='word_1_3' title='bbox 824 921 932 1003; x_wconf 80' lang='lat' dir='ltr'>Strui.</span> <span class='ocrx_word' id='word_1_4' title='bbox 957 925 988 1000; x_wconf 88' lang='lat'>1.</span> <span class='ocrx_word' id='word_1_5' title='bbox 1445 953 1518 1045; x_wconf 75' lang='lat'>²⁶7</span> 
     </span>
    </p>
   </div>
   <div class='ocr_carea' id='block_1_2' title="bbox 239 1099 1645 4465">
    <p class='ocr_par' dir='ltr' id='par_1_2' title="bbox 311 1099 1505 1277">
     <span class='ocr_line' id='line_1_2' title="bbox 319 1099 1505 1222; baseline 0.024 -46"><span class='ocrx_word' id='word_1_6' title='bbox 319 1099 439 1200; x_wconf 80' lang='lat' dir='ltr'>pidem</span> <span class='ocrx_word' id='word_1_7' title='bbox 466 1099 722 1197; x_wconf 79' lang='lat' dir='ltr'>permittente,</span> <span class='ocrx_word' id='word_1_8' title='bbox 746 1104 805 1182; x_wconf 89' lang='lat' dir='ltr'>sed</span> <span class='ocrx_word' id='word_1_9' title='bbox 829 1104 928 1183; x_wconf 78' lang='lat' dir='ltr'>simul</span> <span class='ocrx_word' id='word_1_10' title='bbox 957 1107 997 1184; x_wconf 94' lang='lat' dir='ltr'>in</span> <span class='ocrx_word' id='word_1_11' title='bbox 1020 1107 1150 1185; x_wconf 91' lang='lat' dir='ltr'>bonum</span> <span class='ocrx_word' id='word_1_12' title='bbox 1174 1111 1282 1191; x_wconf 88' lang='lat' dir='ltr'>finem</span> <span class='ocrx_word' id='word_1_13' title='bbox 1307 1117 1505 1222; x_wconf 80' lang='lat' dir='ltr'>dirigente:</span> 
     </span>
     <span class='ocr_line' id='line_1_3' title="bbox 311 1198 664 1277; baseline 0.011 -5"><span class='ocrx_word' id='word_1_14' title='bbox 311 1216 503 1274; x_wconf 82' lang='lat' dir='ltr'>uterentur</span> <span class='ocrx_word' id='word_1_15' title='bbox 529 1198 664 1277; x_wconf 89' lang='lat' dir='ltr'>docuit.</span> 
     </span>
    </p>

    <p class='ocr_par' dir='ltr' id='par_1_3' title="bbox 283 1295 1521 2465">
     <span class='ocr_line' id='line_1_4' title="bbox 340 1295 1521 1412; baseline 0.019 -43"><span class='ocrx_word' id='word_1_16' title='bbox 340 1295 371 1394; x_wconf 66' lang='lat'>5.</span> <span class='ocrx_word' id='word_1_17' title='bbox 395 1295 588 1372; x_wconf 78' lang='lat' dir='ltr'>ccxxix.</span> <span class='ocrx_word' id='word_1_18' title='bbox 622 1296 749 1373; x_wconf 82' lang='lat' dir='ltr'>Statim</span> <span class='ocrx_word' id='word_1_19' title='bbox 772 1323 815 1374; x_wconf 87' lang='lat' dir='ltr'>ac</span> <span class='ocrx_word' id='word_1_20' title='bbox 840 1300 1004 1393; x_wconf 90' lang='lat' dir='ltr'>Paulum,</span> <span class='ocrx_word' id='word_1_21' title='bbox 1041 1300 1222 1380; x_wconf 84' lang='lat' dir='ltr'>confilium</span> <span class='ocrx_word' id='word_1_22' title='bbox 1252 1333 1521 1412; x_wconf 76' lang='lat' dir='ltr'>executurum,</span> 
     </span>
     <span class='ocr_line' id='line_1_5' title="bbox 297 1387 1504 1496; baseline 0.025 -34"><span class='ocrx_word' id='word_1_23' title='bbox 297 1387 333 1466; x_wconf 89' lang='lat' dir='ltr'>iu</span> <span class='ocrx_word' id='word_1_24' title='bbox 354 1391 510 1487; x_wconf 88' lang='lat' dir='ltr'>Templo</span> <span class='ocrx_word' id='word_1_25' title='bbox 533 1392 698 1469; x_wconf 84' lang='lat' dir='ltr'>vidissent</span> <span class='ocrx_word' id='word_1_26' title='bbox 714 1395 838 1491; x_wconf 85' lang='lat' dir='ltr'>Judaei</span> <span class='ocrx_word' id='word_1_27' title='bbox 862 1399 966 1496; x_wconf 81' lang='lat' dir='ltr'>aliqui</span> <span class='ocrx_word' id='word_1_28' title='bbox 984 1396 1150 1489; x_wconf 80' lang='lat' dir='ltr'>Asiatici,</span> <span class='ocrx_word' id='word_1_29' title='bbox 1176 1405 1270 1478; x_wconf 87' lang='lat' dir='ltr'>Pauli</span> <span class='ocrx_word' id='word_1_30' title='bbox 1288 1415 1504 1493; x_wconf 87' lang='lat' dir='ltr'>concionum</span> 
     </span>
     <span class='ocr_line' id='line_1_6' title="bbox 294 1484 1505 1601; baseline 0.02 -40"><span class='ocrx_word' id='word_1_31' title='bbox 294 1484 385 1561; x_wconf 88' lang='lat' dir='ltr'>inter</span> <span class='ocrx_word' id='word_1_32' title='bbox 411 1487 549 1561; x_wconf 85' lang='lat' dir='ltr'>Gentes</span> <span class='ocrx_word' id='word_1_33' title='bbox 584 1491 707 1585; x_wconf 84' lang='lat' dir='ltr'>gnari,</span> <span class='ocrx_word' id='word_1_34' title='bbox 748 1491 844 1567; x_wconf 82' lang='lat' dir='ltr'>fimui</span> <span class='ocrx_word' id='word_1_35' title='bbox 877 1496 1045 1588; x_wconf 87' lang='lat' dir='ltr'>gentilem</span> <span class='ocrx_word' id='word_1_36' title='bbox 1076 1496 1226 1592; x_wconf 89' lang='lat' dir='ltr'>aliquem</span> <span class='ocrx_word' id='word_1_37' title='bbox 1268 1503 1505 1601; x_wconf 85' lang='lat' dir='ltr'>&#39;l&#39;roplrimum</span> 
     </span>
     <span class='ocr_line' id='line_1_7' title="bbox 286 1579 1501 1704; baseline 0.018 -48"><span class='ocrx_word' id='word_1_38' title='bbox 286 1581 501 1680; x_wconf 84' lang='lat' dir='ltr'>Ephesium,</span> <span class='ocrx_word' id='word_1_39' title='bbox 524 1579 698 1684; x_wconf 88' lang='lat' dir='ltr'>(nonnulli</span> <span class='ocrx_word' id='word_1_40' title='bbox 727 1590 807 1661; x_wconf 90' lang='lat' dir='ltr'>cod.</span> <span class='ocrx_word' id='word_1_41' title='bbox 834 1595 910 1663; x_wconf 70' lang='lat' dir='ltr'>rlror</span> <span class='ocrx_word' id='word_1_42' title='bbox 937 1592 1045 1663; x_wconf 76' lang='lat' dir='ltr'>litum</span> <span class='ocrx_word' id='word_1_43' title='bbox 1068 1590 1218 1681; x_wconf 86' lang='lat' dir='ltr'>habent,</span> <span class='ocrx_word' id='word_1_44' title='bbox 1245 1595 1338 1672; x_wconf 82' lang='lat' dir='ltr'>sorte</span> <span class='ocrx_word' id='word_1_45' title='bbox 1355 1624 1501 1704; x_wconf 85' lang='lat' dir='ltr'>corrup·</span> 
     </span>
     <span class='ocr_line' id='line_1_8' title="bbox 283 1682 1502 1783; baseline 0.016 -27"><span class='ocrx_word' id='word_1_46' title='bbox 283 1697 325 1756; x_wconf 84' lang='lat' dir='ltr'>te</span> <span class='ocrx_word' id='word_1_47' title='bbox 353 1701 423 1776; x_wconf 92' lang='lat' dir='ltr'>pro</span> <span class='ocrx_word' id='word_1_48' title='bbox 451 1682 571 1778; x_wconf 69' lang='grc' dir='ltr'>τνχιιὺ</span> <span class='ocrx_word' id='word_1_49' title='bbox 603 1704 649 1755; x_wconf 83' lang='lat' dir='ltr'>en</span> <span class='ocrx_word' id='word_1_50' title='bbox 680 1682 760 1758; x_wconf 73' lang='grc' dir='ltr'>Αὲὶ.</span> <span class='ocrx_word' id='word_1_51' title='bbox 784 1686 866 1758; x_wconf 86' lang='lat' dir='ltr'>XX:</span> <span class='ocrx_word' id='word_1_52' title='bbox 890 1684 947 1781; x_wconf 88' lang='lat'>4.)</span> <span class='ocrx_word' id='word_1_53' title='bbox 981 1684 1250 1783; x_wconf 87' lang='lat' dir='ltr'>Hierosolymae</span> <span class='ocrx_word' id='word_1_54' title='bbox 1281 1716 1361 1769; x_wconf 91' lang='lat' dir='ltr'>cum</span> <span class='ocrx_word' id='word_1_55' title='bbox 1395 1701 1502 1776; x_wconf 89' lang='lat' dir='ltr'>Paulo</span> 
     </span>
     <span class='ocr_line' id='line_1_9' title="bbox 284 1776 1503 1884; baseline 0.018 -34"><span class='ocrx_word' id='word_1_56' title='bbox 284 1776 529 1875; x_wconf 80' lang='lat' dir='ltr'>praesentem,</span> <span class='ocrx_word' id='word_1_57' title='bbox 568 1777 685 1851; x_wconf 88' lang='lat' dir='ltr'>secum</span> <span class='ocrx_word' id='word_1_58' title='bbox 719 1803 740 1852; x_wconf 89' lang='lat' dir='ltr'>a</span> <span class='ocrx_word' id='word_1_59' title='bbox 771 1781 875 1854; x_wconf 89' lang='lat' dir='ltr'>Paulo</span> <span class='ocrx_word' id='word_1_60' title='bbox 908 1784 945 1854; x_wconf 90' lang='lat' dir='ltr'>in</span> <span class='ocrx_word' id='word_1_61' title='bbox 973 1783 1163 1877; x_wconf 89' lang='lat' dir='ltr'>Templum</span> <span class='ocrx_word' id='word_1_62' title='bbox 1193 1785 1394 1884; x_wconf 55' lang='lat' dir='ltr'>adductum,</span> <span class='ocrx_word' id='word_1_63' title='bbox 1415 1795 1503 1871; x_wconf 86' lang='lat' dir='ltr'>falso</span> 
     </span>
     <span class='ocr_line' id='line_1_10' title="bbox 283 1870 1502 1971; baseline 0.019 -26"><span class='ocrx_word' id='word_1_64' title='bbox 283 1870 536 1969; x_wconf 80' lang='lat' dir='ltr'>opinarentur,</span> <span class='ocrx_word' id='word_1_65' title='bbox 575 1872 744 1949; x_wconf 86' lang='lat' dir='ltr'>israelitas</span> <span class='ocrx_word' id='word_1_66' title='bbox 769 1874 819 1948; x_wconf 92' lang='lat' dir='ltr'>ibi</span> <span class='ocrx_word' id='word_1_67' title='bbox 857 1876 1057 1971; x_wconf 82' lang='lat' dir='ltr'>praesentes</span> <span class='ocrx_word' id='word_1_68' title='bbox 1092 1878 1300 1957; x_wconf 86' lang='lat' dir='ltr'>clamoribus</span> <span class='ocrx_word' id='word_1_69' title='bbox 1331 1887 1502 1968; x_wconf 84' lang='lat' dir='ltr'>seditiosis</span> 
     </span>
     <span class='ocr_line' id='line_1_11' title="bbox 286 1966 1499 2084; baseline 0.014 -41"><span class='ocrx_word' id='word_1_70' title='bbox 286 1966 518 2044; x_wconf 86' lang='lat' dir='ltr'>concitarunt</span> <span class='ocrx_word' id='word_1_71' title='bbox 533 1969 572 2040; x_wconf 90' lang='lat' dir='ltr'>in</span> <span class='ocrx_word' id='word_1_72' title='bbox 595 1993 699 2060; x_wconf 90' lang='lat' dir='ltr'>eum,</span> <span class='ocrx_word' id='word_1_73' title='bbox 734 1989 894 2066; x_wconf 90' lang='lat' dir='ltr'>tanquam</span> <span class='ocrx_word' id='word_1_74' title='bbox 918 1973 1006 2067; x_wconf 88' lang='lat' dir='ltr'>legis</span> <span class='ocrx_word' id='word_1_75' title='bbox 1020 1971 1178 2063; x_wconf 91' lang='lat' dir='ltr'>hostem,</span> <span class='ocrx_word' id='word_1_76' title='bbox 1202 1997 1239 2049; x_wconf 89' lang='lat' dir='ltr'>et</span> <span class='ocrx_word' id='word_1_77' title='bbox 1260 1980 1402 2079; x_wconf 90' lang='lat' dir='ltr'>Templi</span> <span class='ocrx_word' id='word_1_78' title='bbox 1418 2011 1499 2084; x_wconf 87' lang='lat' dir='ltr'>pro·</span> 
     </span>
     <span class='ocr_line' id='line_1_12' title="bbox 285 2063 1500 2157; baseline 0.014 -17"><span class='ocrx_word' id='word_1_79' title='bbox 285 2064 505 2154; x_wconf 72' lang='lat' dir='ltr'>sanatorem,</span> <span class='ocrx_word' id='word_1_80' title='bbox 530 2086 576 2136; x_wconf 90' lang='lat' dir='ltr'>eo</span> <span class='ocrx_word' id='word_1_81' title='bbox 598 2089 679 2138; x_wconf 89' lang='lat' dir='ltr'>cum</span> <span class='ocrx_word' id='word_1_82' title='bbox 703 2063 875 2155; x_wconf 85' lang='lat' dir='ltr'>saccello,</span> <span class='ocrx_word' id='word_1_83' title='bbox 908 2088 947 2140; x_wconf 91' lang='lat' dir='ltr'>ut</span> <span class='ocrx_word' id='word_1_84' title='bbox 971 2087 1047 2141; x_wconf 92' lang='lat' dir='ltr'>tota</span> <span class='ocrx_word' id='word_1_85' title='bbox 1075 2069 1203 2144; x_wconf 89' lang='lat' dir='ltr'>civitas</span> <span class='ocrx_word' id='word_1_86' title='bbox 1222 2072 1330 2148; x_wconf 87' lang='lat' dir='ltr'>fuerit</span> <span class='ocrx_word' id='word_1_87' title='bbox 1354 2101 1500 2157; x_wconf 80' lang='lat' dir='ltr'>conmo-</span> 
     </span>
     <span class='ocr_line' id='line_1_13' title="bbox 291 2159 1510 2269; baseline 0.012 -36"><span class='ocrx_word' id='word_1_88' title='bbox 291 2179 347 2249; x_wconf 87' lang='lat' dir='ltr'>ta,</span> <span class='ocrx_word' id='word_1_89' title='bbox 368 2179 406 2232; x_wconf 91' lang='lat' dir='ltr'>et</span> <span class='ocrx_word' id='word_1_90' title='bbox 433 2159 473 2234; x_wconf 93' lang='lat' dir='ltr'>in</span> <span class='ocrx_word' id='word_1_91' title='bbox 499 2163 686 2234; x_wconf 90' lang='lat' dir='ltr'>tumultum</span> <span class='ocrx_word' id='word_1_92' title='bbox 711 2161 885 2251; x_wconf 84' lang='lat' dir='ltr'>excitata,</span> <span class='ocrx_word' id='word_1_93' title='bbox 919 2163 969 2235; x_wconf 90' lang='lat' dir='ltr'>ita</span> <span class='ocrx_word' id='word_1_94' title='bbox 994 2184 1032 2236; x_wconf 91' lang='lat' dir='ltr'>ut</span> <span class='ocrx_word' id='word_1_95' title='bbox 1056 2166 1195 2240; x_wconf 90' lang='lat' dir='ltr'>Paulum</span> <span class='ocrx_word' id='word_1_96' title='bbox 1227 2171 1510 2269; x_wconf 85' lang='lat' dir='ltr'>prehenderint,¹</span> 
     </span>
     <span class='ocr_line' id='line_1_14' title="bbox 291 2255 1497 2358; baseline 0.014 -29"><span class='ocrx_word' id='word_1_97' title='bbox 291 2255 329 2329; x_wconf 78' lang='lat' dir='ltr'>T</span> <span class='ocrx_word' id='word_1_98' title='bbox 407 2255 443 2328; x_wconf 89' lang='lat' dir='ltr'>lo</span> <span class='ocrx_word' id='word_1_99' title='bbox 469 2256 706 2344; x_wconf 75' lang='lat' dir='ltr'>extraxerint,</span> <span class='ocrx_word' id='word_1_100' title='bbox 742 2275 779 2329; x_wconf 87' lang='lat' dir='ltr'>et</span> <span class='ocrx_word' id='word_1_101' title='bbox 804 2259 1044 2353; x_wconf 83' lang='lat' dir='ltr'>perculserint.</span> <span class='ocrx_word' id='word_1_102' title='bbox 1094 2260 1176 2358; x_wconf 78' lang='lat' dir='ltr'>Quo</span> <span class='ocrx_word' id='word_1_103' title='bbox 1200 2265 1320 2338; x_wconf 88' lang='lat' dir='ltr'>audito</span> <span class='ocrx_word' id='word_1_104' title='bbox 1347 2271 1497 2345; x_wconf 87' lang='lat' dir='ltr'>Clriliar·</span> 
     </span>
     <span class='ocr_line' id='line_1_15' title="bbox 295 2279 1500 2465; baseline 0.016 -41"><span class='ocrx_word' id='word_1_105' title='bbox 295 2279 528 2448; x_wconf 48' lang='lat' dir='ltr'>elegimus,</span> <span class='ocrx_word' id='word_1_106' title='bbox 558 2347 619 2425; x_wconf 86' lang='lat' dir='ltr'>seu</span> <span class='ocrx_word' id='word_1_107' title='bbox 642 2351 840 2450; x_wconf 61' lang='lat' dir='ltr'>praescitus</span> <span class='ocrx_word' id='word_1_108' title='bbox 862 2353 1022 2449; x_wconf 85' lang='lat' dir='ltr'>praesidii</span> <span class='ocrx_word' id='word_1_109' title='bbox 1041 2355 1200 2465; x_wconf 63' lang='lat' dir='ltr'>R⁰s¹¹ss²¹li.,</span> <span class='ocrx_word' id='word_1_110' title='bbox 1216 2358 1253 2430; x_wconf 91' lang='lat' dir='ltr'>in</span> <span class='ocrx_word' id='word_1_111' title='bbox 1279 2360 1413 2454; x_wconf 79' lang='lat' dir='ltr'>castra,</span> <span class='ocrx_word' id='word_1_112' title='bbox 1439 2367 1500 2443; x_wconf 83' lang='lat' dir='ltr'>sen</span> 
     </span>
    </p>

    <p class='ocr_par' dir='ltr' id='par_1_4' title="bbox 293 2445 1501 2554">
     <span class='ocr_line' id='line_1_16' title="bbox 293 2445 1501 2554; baseline 0.012 -34"><span class='ocrx_word' id='word_1_113' title='bbox 293 2467 370 2520; x_wconf 86' lang='lat' dir='ltr'>arce</span> <span class='ocrx_word' id='word_1_114' title='bbox 390 2445 549 2520; x_wconf 74' lang='lat' dir='ltr'>Antonia</span> <span class='ocrx_word' id='word_1_115' title='bbox 582 2448 735 2544; x_wconf 88' lang='lat' dir='ltr'>Templo</span> <span class='ocrx_word' id='word_1_116' title='bbox 761 2449 944 2544; x_wconf 84' lang='lat' dir='ltr'>proxima,</span> <span class='ocrx_word' id='word_1_117' title='bbox 988 2472 1069 2522; x_wconf 90' lang='lat' dir='ltr'>cum</span> <span class='ocrx_word' id='word_1_118' title='bbox 1099 2452 1269 2527; x_wconf 85' lang='lat' dir='ltr'>mrlrnbus</span> <span class='ocrx_word' id='word_1_119' title='bbox 1290 2458 1501 2554; x_wconf 82' lang='lat' dir='ltr'>adcurrens,</span> 
     </span>
    </p>

    <p class='ocr_par' dir='ltr' id='par_1_5' title="bbox 239 2543 1645 4465">
     <span class='ocr_line' id='line_1_17' title="bbox 291 2543 1645 2651; baseline 0.013 -35"><span class='ocrx_word' id='word_1_120' title='bbox 291 2565 365 2616; x_wconf 88' lang='lat' dir='ltr'>eum</span> <span class='ocrx_word' id='word_1_121' title='bbox 392 2543 555 2616; x_wconf 86' lang='lat' dir='ltr'>manibus</span> <span class='ocrx_word' id='word_1_122' title='bbox 579 2567 699 2616; x_wconf 91' lang='lat' dir='ltr'>eorum</span> <span class='ocrx_word' id='word_1_123' title='bbox 721 2546 874 2639; x_wconf 83' lang='lat' dir='ltr'>eripuit,</span> <span class='ocrx_word' id='word_1_124' title='bbox 916 2545 1115 2641; x_wconf 85' lang='lat' dir='ltr'>catenisque</span> <span class='ocrx_word' id='word_1_125' title='bbox 1143 2547 1279 2639; x_wconf 79' lang='lat' dir='ltr'>vinxit,</span> <span class='ocrx_word' id='word_1_126' title='bbox 1313 2571 1501 2651; x_wconf 89' lang='lat' dir='ltr'>tanquam,</span> <span class='ocrx_word' id='word_1_127' title='bbox 1642 2566 1645 2573; x_wconf 87' lang='lat'>&#39;</span> 
     </span>
     <span class='ocr_line' id='line_1_18' title="bbox 239 2636 1509 2738; baseline 0.017 -32"><span class='ocrx_word' id='word_1_128' title='bbox 239 2697 241 2706; x_wconf 93' lang='lat'><em>.</em></span> <span class='ocrx_word' id='word_1_129' title='bbox 291 2657 327 2716; x_wconf 87' lang='lat' dir='ltr'>nt</span> <span class='ocrx_word' id='word_1_130' title='bbox 346 2636 575 2736; x_wconf 86' lang='lat' dir='ltr'>opinabatur,</span> <span class='ocrx_word' id='word_1_131' title='bbox 603 2639 797 2713; x_wconf 86' lang='lat' dir='ltr'>maleficum</span> <span class='ocrx_word' id='word_1_132' title='bbox 824 2641 1073 2738; x_wconf 76' lang='lat' dir='ltr'>Aligyptium,</span> <span class='ocrx_word' id='word_1_133' title='bbox 1100 2642 1159 2738; x_wconf 88' lang='lat' dir='ltr'>qui</span> <span class='ocrx_word' id='word_1_134' title='bbox 1185 2664 1289 2721; x_wconf 88' lang='lat' dir='ltr'>antea</span> <span class='ocrx_word' id='word_1_135' title='bbox 1314 2647 1375 2723; x_wconf 88' lang='lat' dir='ltr'>sub</span> <span class='ocrx_word' id='word_1_136' title='bbox 1400 2654 1509 2728; x_wconf 91' lang='lat' dir='ltr'>Clau··</span> 
     </span>
     <span class='ocr_line' id='line_1_19' title="bbox 289 2731 1500 2834; baseline 0.012 -23"><span class='ocrx_word' id='word_1_137' title='bbox 289 2733 364 2827; x_wconf 82' lang='lat' dir='ltr'>dio,</span> <span class='ocrx_word' id='word_1_138' title='bbox 391 2731 484 2809; x_wconf 82' lang='lat' dir='ltr'>teste</span> <span class='ocrx_word' id='word_1_139' title='bbox 507 2734 683 2831; x_wconf 89' lang='lat' dir='ltr'>Josepho,</span> <span class='ocrx_word' id='word_1_140' title='bbox 719 2735 927 2810; x_wconf 85' lang='lat' dir='ltr'>seditionem</span> <span class='ocrx_word' id='word_1_141' title='bbox 945 2736 1204 2830; x_wconf 85' lang='lat' dir='ltr'>concitaverat,</span> <span class='ocrx_word' id='word_1_142' title='bbox 1239 2761 1276 2813; x_wconf 88' lang='lat' dir='ltr'>et</span> <span class='ocrx_word' id='word_1_143' title='bbox 1291 2767 1392 2834; x_wconf 80' lang='lat'>4000</span> <span class='ocrx_word' id='word_1_144' title='bbox 1415 2747 1500 2825; x_wconf 85' lang='lat' dir='ltr'>fica·</span> 
     </span>
     <span class='ocr_line' id='line_1_20' title="bbox 288 2827 1495 2929; baseline 0.012 -25"><span class='ocrx_word' id='word_1_145' title='bbox 288 2828 407 2905; x_wconf 82' lang='lat' dir='ltr'>riotin</span> <span class='ocrx_word' id='word_1_146' title='bbox 424 2827 602 2905; x_wconf 81' lang='lat' dir='ltr'>desertum</span> <span class='ocrx_word' id='word_1_147' title='bbox 620 2832 805 2906; x_wconf 79' lang='lat' dir='ltr'>eduxerat:</span> <span class='ocrx_word' id='word_1_148' title='bbox 840 2833 1012 2929; x_wconf 87' lang='lat' dir='ltr'>Joseplrus</span> <span class='ocrx_word' id='word_1_149' title='bbox 1034 2833 1139 2907; x_wconf 85' lang='lat' dir='ltr'>habet</span> <span class='ocrx_word' id='word_1_150' title='bbox 1157 2859 1206 2929; x_wconf 85' lang='lat'>30</span> <span class='ocrx_word' id='word_1_151' title='bbox 1229 2839 1359 2929; x_wconf 90' lang='lat' dir='ltr'>millia,</span> <span class='ocrx_word' id='word_1_152' title='bbox 1386 2845 1495 2917; x_wconf 86' lang='lat' dir='ltr'>adnu-</span> 
     </span>
     <span class='ocr_line' id='line_1_21' title="bbox 291 2923 1501 3024; baseline 0.012 -24"><span class='ocrx_word' id='word_1_153' title='bbox 291 2945 419 3001; x_wconf 78' lang='lat' dir='ltr'>merata</span> <span class='ocrx_word' id='word_1_154' title='bbox 438 2923 573 3022; x_wconf 83' lang='lat' dir='ltr'>reliqua</span> <span class='ocrx_word' id='word_1_155' title='bbox 598 2930 717 3017; x_wconf 88' lang='lat' dir='ltr'>turba,</span> <span class='ocrx_word' id='word_1_156' title='bbox 761 2948 901 3024; x_wconf 88' lang='lat' dir='ltr'>praeter</span> <span class='ocrx_word' id='word_1_157' title='bbox 925 2928 1086 3017; x_wconf 62' lang='lat' dir='ltr'>sicarium</span> <span class='ocrx_word' id='word_1_158' title='bbox 1118 2933 1216 3004; x_wconf 86' lang='lat' dir='ltr'>seda</span> <span class='ocrx_word' id='word_1_159' title='bbox 1239 2935 1344 3009; x_wconf 87' lang='lat' dir='ltr'>Paulo</span> <span class='ocrx_word' id='word_1_160' title='bbox 1367 2937 1501 3014; x_wconf 67' lang='lat' dir='ltr'>restitas</span> 
     </span>
     <span class='ocr_line' id='line_1_22' title="bbox 287 3021 1501 3128; baseline 0.007 -31"><span class='ocrx_word' id='word_1_161' title='bbox 287 3021 512 3111; x_wconf 79' lang='lat' dir='ltr'>informatur,</span> <span class='ocrx_word' id='word_1_162' title='bbox 556 3021 591 3095; x_wconf 89' lang='lat' dir='ltr'>ei</span> <span class='ocrx_word' id='word_1_163' title='bbox 622 3022 821 3099; x_wconf 82' lang='lat' dir='ltr'>facultatem</span> <span class='ocrx_word' id='word_1_164' title='bbox 853 3023 1063 3098; x_wconf 85' lang='lat' dir='ltr'>concionem</span> <span class='ocrx_word' id='word_1_165' title='bbox 1106 3026 1150 3098; x_wconf 89' lang='lat' dir='ltr'>ad</span> <span class='ocrx_word' id='word_1_166' title='bbox 1182 3030 1317 3102; x_wconf 88' lang='lat' dir='ltr'>turbam</span> <span class='ocrx_word' id='word_1_167' title='bbox 1352 3053 1501 3128; x_wconf 82' lang='lat' dir='ltr'>congre·</span> 
     </span>
     <span class='ocr_line' id='line_1_23' title="bbox 284 3119 1501 3233; baseline 0.012 -45"><span class='ocrx_word' id='word_1_168' title='bbox 284 3138 422 3217; x_wconf 74' lang='lat' dir='ltr'>garam,</span> <span class='ocrx_word' id='word_1_169' title='bbox 462 3141 563 3215; x_wconf 90' lang='lat' dir='ltr'>quam</span> <span class='ocrx_word' id='word_1_170' title='bbox 597 3121 776 3226; x_wconf 63' lang='lat' dir='ltr'>petebat,</span> <span class='ocrx_word' id='word_1_171' title='bbox 801 3120 952 3228; x_wconf 74' lang='lat' dir='ltr'>habendi</span> <span class='ocrx_word' id='word_1_172' title='bbox 981 3119 1160 3225; x_wconf 79' lang='lat' dir='ltr'>concessit</span> <span class='ocrx_word' id='word_1_173' title='bbox 1210 3122 1289 3227; x_wconf 70' lang='lat' dir='ltr'>Qua</span> <span class='ocrx_word' id='word_1_174' title='bbox 1313 3128 1501 3233; x_wconf 77' lang='lat' dir='ltr'>occasione</span> 
     </span>
     <span class='ocr_line' id='line_1_24' title="bbox 285 3213 1501 3419; baseline -0.005 -34"><span class='ocrx_word' id='word_1_175' title='bbox 285 3213 1501 3419; x_wconf 49' lang='lat' dir='ltr'>iiilldhql,llas‘illslgerlsllt‘llltlllsslzla</span> 
     </span>
     <span class='ocr_line' id='line_1_25' title="bbox 285 3405 1497 3503; baseline 0.007 -22"><span class='ocrx_word' id='word_1_176' title='bbox 285 3406 357 3498; x_wconf 83' lang='lat' dir='ltr'>rit,</span> <span class='ocrx_word' id='word_1_177' title='bbox 382 3407 575 3492; x_wconf 88' lang='lat' dir='ltr'>narrando,</span> <span class='ocrx_word' id='word_1_178' title='bbox 600 3426 746 3501; x_wconf 88' lang='lat' dir='ltr'>quantus</span> <span class='ocrx_word' id='word_1_179' title='bbox 763 3405 870 3480; x_wconf 89' lang='lat' dir='ltr'>fuerit</span> <span class='ocrx_word' id='word_1_180' title='bbox 888 3407 977 3503; x_wconf 81' lang='lat' dir='ltr'>legis</span> <span class='ocrx_word' id='word_1_181' title='bbox 998 3407 1131 3492; x_wconf 85' lang='lat' dir='ltr'>zelota,</span> <span class='ocrx_word' id='word_1_182' title='bbox 1157 3426 1193 3478; x_wconf 89' lang='lat' dir='ltr'>et</span> <span class='ocrx_word' id='word_1_183' title='bbox 1213 3405 1360 3480; x_wconf 79' lang='lat' dir='ltr'>furiosus</span> <span class='ocrx_word' id='word_1_184' title='bbox 1379 3413 1497 3489; x_wconf 88' lang='lat' dir='ltr'>Chris·</span> 
     </span>
     <span class='ocr_line' id='line_1_26' title="bbox 286 3500 1499 3601; baseline -0.005 -24"><span class='ocrx_word' id='word_1_185' title='bbox 286 3506 461 3577; x_wconf 58' lang='lat' dir='ltr'>mnarum</span> <span class='ocrx_word' id='word_1_186' title='bbox 486 3500 616 3588; x_wconf 86' lang='lat' dir='ltr'>hostis,</span> <span class='ocrx_word' id='word_1_187' title='bbox 649 3525 715 3601; x_wconf 88' lang='lat' dir='ltr'>qua</span> <span class='ocrx_word' id='word_1_188' title='bbox 742 3501 940 3574; x_wconf 88' lang='lat' dir='ltr'>rationein</span> <span class='ocrx_word' id='word_1_189' title='bbox 967 3501 1027 3574; x_wconf 87' lang='lat' dir='ltr'>via&#39;</span> <span class='ocrx_word' id='word_1_190' title='bbox 1048 3502 1255 3574; x_wconf 86' lang='lat' dir='ltr'>Damascum</span> <span class='ocrx_word' id='word_1_191' title='bbox 1279 3503 1427 3580; x_wconf 86' lang='lat' dir='ltr'>fulmine</span> <span class='ocrx_word' id='word_1_192' title='bbox 1447 3512 1499 3585; x_wconf 84' lang='lat' dir='ltr'>ic.</span> 
     </span>
     <span class='ocr_line' id='line_1_27' title="bbox 286 3595 1498 3692; baseline 0.005 -17"><span class='ocrx_word' id='word_1_193' title='bbox 286 3616 360 3686; x_wconf 75' lang='lat' dir='ltr'>tm,</span> <span class='ocrx_word' id='word_1_194' title='bbox 383 3596 420 3671; x_wconf 86' lang='lat' dir='ltr'>in</span> <span class='ocrx_word' id='word_1_195' title='bbox 446 3616 577 3670; x_wconf 86' lang='lat' dir='ltr'>terram</span> <span class='ocrx_word' id='word_1_196' title='bbox 595 3597 803 3691; x_wconf 86' lang='lat' dir='ltr'>prostratus,</span> <span class='ocrx_word' id='word_1_197' title='bbox 830 3595 976 3692; x_wconf 87' lang='lat' dir='ltr'>visoque</span> <span class='ocrx_word' id='word_1_198' title='bbox 994 3595 1169 3691; x_wconf 86' lang='lat' dir='ltr'>privatus,</span> <span class='ocrx_word' id='word_1_199' title='bbox 1197 3597 1372 3676; x_wconf 81' lang='lat' dir='ltr'>christum</span> <span class='ocrx_word' id='word_1_200' title='bbox 1399 3605 1498 3681; x_wconf 55' lang='lat' dir='ltr'>vide</span> 
     </span>
     <span class='ocr_line' id='line_1_28' title="bbox 283 3690 1558 3799; baseline 0.007 -32"><span class='ocrx_word' id='word_1_201' title='bbox 283 3694 351 3784; x_wconf 80' lang='lat' dir='ltr'>rit,</span> <span class='ocrx_word' id='word_1_202' title='bbox 371 3718 413 3768; x_wconf 85' lang='lat' dir='ltr'>ac</span> <span class='ocrx_word' id='word_1_203' title='bbox 435 3691 613 3767; x_wconf 81' lang='lat' dir='ltr'>audiverit</span> <span class='ocrx_word' id='word_1_204' title='bbox 641 3690 742 3766; x_wconf 88' lang='lat' dir='ltr'>adse</span> <span class='ocrx_word' id='word_1_205' title='bbox 769 3693 992 3788; x_wconf 88' lang='lat' dir='ltr'>loquentem,</span> <span class='ocrx_word' id='word_1_206' title='bbox 1019 3691 1166 3766; x_wconf 83' lang='lat' dir='ltr'>testibus</span> <span class='ocrx_word' id='word_1_207' title='bbox 1190 3696 1403 3787; x_wconf 85' lang='lat' dir='ltr'>comitibus,</span> <span class='ocrx_word' id='word_1_208' title='bbox 1431 3702 1495 3799; x_wconf 89' lang='lat' dir='ltr'>qui</span> <span class='ocrx_word' id='word_1_209' title='bbox 1547 3784 1558 3795; x_wconf 62' lang='lat'><strong><em>„</em></strong></span> 
     </span>
     <span class='ocr_line' id='line_1_29' title="bbox 284 3788 1497 3888; baseline 0.002 -23"><span class='ocrx_word' id='word_1_210' title='bbox 284 3793 385 3865; x_wconf 67' lang='lat' dir='ltr'>hcetn</span> <span class='ocrx_word' id='word_1_211' title='bbox 406 3791 550 3886; x_wconf 86' lang='lat' dir='ltr'>quidem</span> <span class='ocrx_word' id='word_1_212' title='bbox 584 3793 750 3877; x_wconf 64' lang='lat' dir='ltr'>rideant,</span> <span class='ocrx_word' id='word_1_213' title='bbox 791 3788 847 3861; x_wconf 90' lang='lat' dir='ltr'>sed</span> <span class='ocrx_word' id='word_1_214' title='bbox 873 3813 978 3863; x_wconf 81' lang='lat' dir='ltr'>racem</span> <span class='ocrx_word' id='word_1_215' title='bbox 1012 3790 1167 3882; x_wconf 81' lang='lat' dir='ltr'>loquentis</span> <span class='ocrx_word' id='word_1_216' title='bbox 1193 3815 1252 3863; x_wconf 82' lang='lat' dir='ltr'>nort</span> <span class='ocrx_word' id='word_1_217' title='bbox 1284 3799 1497 3888; x_wconf 77' lang='lat' dir='ltr'>audiuerant,</span> 
     </span>
     <span class='ocr_line' id='line_1_30' title="bbox 284 3882 1499 3983; baseline -0.002 -23"><span class='ocrx_word' id='word_1_218' title='bbox 284 3887 416 3961; x_wconf 86' lang='lat' dir='ltr'>scilicet</span> <span class='ocrx_word' id='word_1_219' title='bbox 443 3884 608 3960; x_wconf 69' lang='lat' dir='ltr'>distineie</span> <span class='ocrx_word' id='word_1_220' title='bbox 637 3884 711 3983; x_wconf 90' lang='lat' dir='ltr'>(cui</span> <span class='ocrx_word' id='word_1_221' title='bbox 741 3907 811 3956; x_wconf 90' lang='lat' dir='ltr'>non</span> <span class='ocrx_word' id='word_1_222' title='bbox 847 3902 1019 3980; x_wconf 84' lang='lat' dir='ltr'>repugnat</span> <span class='ocrx_word' id='word_1_223' title='bbox 1044 3882 1123 3956; x_wconf 70' lang='lat' dir='ltr'>Ati.</span> <span class='ocrx_word' id='word_1_224' title='bbox 1149 3885 1211 3956; x_wconf 90' lang='lat' dir='ltr'>IX:</span> <span class='ocrx_word' id='word_1_225' title='bbox 1238 3908 1271 3978; x_wconf 81' lang='lat'>7.</span> <span class='ocrx_word' id='word_1_226' title='bbox 1307 3890 1365 3963; x_wconf 87' lang='lat' dir='ltr'>ubi</span> <span class='ocrx_word' id='word_1_227' title='bbox 1392 3918 1499 3968; x_wconf 65' lang='lat' dir='ltr'>vocem</span> 
     </span>
     <span class='ocr_line' id='line_1_31' title="bbox 283 3977 1499 4085; baseline 0.003 -28"><span class='ocrx_word' id='word_1_228' title='bbox 283 3982 451 4057; x_wconf 80' lang='lat' dir='ltr'>audivisse</span> <span class='ocrx_word' id='word_1_229' title='bbox 476 3983 660 4077; x_wconf 86' lang='lat' dir='ltr'>leguntur,</span> <span class='ocrx_word' id='word_1_230' title='bbox 686 4006 765 4055; x_wconf 91' lang='lat' dir='ltr'>cum</span> <span class='ocrx_word' id='word_1_231' title='bbox 791 3977 852 4050; x_wconf 92' lang='lat' dir='ltr'>hic</span> <span class='ocrx_word' id='word_1_232' title='bbox 877 3979 1004 4051; x_wconf 89' lang='lat' dir='ltr'>diserte</span> <span class='ocrx_word' id='word_1_233' title='bbox 1030 3980 1196 4067; x_wconf 90' lang='lat' dir='ltr'>addatur,</span> <span class='ocrx_word' id='word_1_234' title='bbox 1221 4004 1346 4056; x_wconf 88' lang='lat' dir='ltr'>vocem</span> <span class='ocrx_word' id='word_1_235' title='bbox 1372 3990 1499 4085; x_wconf 80' lang='lat' dir='ltr'>laqtter·</span> 
     </span>
     <span class='ocr_line' id='line_1_32' title="bbox 284 4073 1497 4173; baseline 0.005 -21"><span class='ocrx_word' id='word_1_236' title='bbox 284 4083 329 4152; x_wconf 85' lang='lat' dir='ltr'>tit</span> <span class='ocrx_word' id='word_1_237' title='bbox 351 4102 431 4151; x_wconf 88' lang='lat' dir='ltr'>cnm</span> <span class='ocrx_word' id='word_1_238' title='bbox 456 4080 583 4152; x_wconf 86' lang='lat' dir='ltr'>Paulo:</span> <span class='ocrx_word' id='word_1_239' title='bbox 609 4076 724 4173; x_wconf 84' lang='lat' dir='ltr'>sonam</span> <span class='ocrx_word' id='word_1_240' title='bbox 750 4079 867 4170; x_wconf 88' lang='lat' dir='ltr'>itaque</span> <span class='ocrx_word' id='word_1_241' title='bbox 890 4073 971 4149; x_wconf 71' lang='lat' dir='ltr'>Art.</span> <span class='ocrx_word' id='word_1_242' title='bbox 998 4075 1081 4164; x_wconf 89' lang='lat' dir='ltr'>lX.‚</span> <span class='ocrx_word' id='word_1_243' title='bbox 1109 4076 1166 4148; x_wconf 90' lang='lat' dir='ltr'>sed</span> <span class='ocrx_word' id='word_1_244' title='bbox 1190 4098 1260 4148; x_wconf 87' lang='lat' dir='ltr'>non</span> <span class='ocrx_word' id='word_1_245' title='bbox 1276 4085 1375 4153; x_wconf 71' lang='lat' dir='ltr'>rerba</span> <span class='ocrx_word' id='word_1_246' title='bbox 1401 4086 1497 4157; x_wconf 88' lang='lat' dir='ltr'>audi·</span> 
     </span>
     <span class='ocr_line' id='line_1_33' title="bbox 283 4170 1496 4272; baseline 0.002 -24"><span class='ocrx_word' id='word_1_247' title='bbox 283 4194 428 4263; x_wconf 79' lang='lat' dir='ltr'>rerunt,</span> <span class='ocrx_word' id='word_1_248' title='bbox 455 4195 496 4248; x_wconf 90' lang='lat' dir='ltr'>ut</span> <span class='ocrx_word' id='word_1_249' title='bbox 519 4172 582 4247; x_wconf 89' lang='lat' dir='ltr'>hic</span> <span class='ocrx_word' id='word_1_250' title='bbox 598 4170 764 4272; x_wconf 86' lang='lat' dir='ltr'>habetur)</span> <span class='ocrx_word' id='word_1_251' title='bbox 790 4170 942 4265; x_wconf 88' lang='lat' dir='ltr'>denique</span> <span class='ocrx_word' id='word_1_252' title='bbox 968 4194 1039 4265; x_wconf 92' lang='lat' dir='ltr'>quo</span> <span class='ocrx_word' id='word_1_253' title='bbox 1063 4170 1171 4243; x_wconf 89' lang='lat' dir='ltr'>modo</span> <span class='ocrx_word' id='word_1_254' title='bbox 1194 4171 1304 4247; x_wconf 86' lang='lat' dir='ltr'>visum</span> <span class='ocrx_word' id='word_1_255' title='bbox 1325 4199 1388 4269; x_wconf 87' lang='lat' dir='ltr'>per</span> <span class='ocrx_word' id='word_1_256' title='bbox 1403 4180 1496 4250; x_wconf 83' lang='lat' dir='ltr'>Ana·</span> 
     </span>
     <span class='ocr_line' id='line_1_34' title="bbox 286 4264 1497 4367; baseline 0.003 -27"><span class='ocrx_word' id='word_1_257' title='bbox 286 4271 375 4343; x_wconf 84' lang='lat' dir='ltr'>niam</span> <span class='ocrx_word' id='word_1_258' title='bbox 401 4269 601 4367; x_wconf 86' lang='lat' dir='ltr'>receperit,</span> <span class='ocrx_word' id='word_1_259' title='bbox 644 4289 682 4341; x_wconf 90' lang='lat' dir='ltr'>et</span> <span class='ocrx_word' id='word_1_260' title='bbox 709 4273 742 4344; x_wconf 87' lang='lat' dir='ltr'>se</span> <span class='ocrx_word' id='word_1_261' title='bbox 768 4268 939 4364; x_wconf 84' lang='lat' dir='ltr'>baptizari</span> <span class='ocrx_word' id='word_1_262' title='bbox 964 4264 1076 4363; x_wconf 83' lang='lat' dir='ltr'>passus</span> <span class='ocrx_word' id='word_1_263' title='bbox 1100 4268 1150 4342; x_wconf 83' lang='lat' dir='ltr'>stt.</span> <span class='ocrx_word' id='word_1_264' title='bbox 1202 4269 1392 4363; x_wconf 86' lang='lat' dir='ltr'>Hucusque</span> <span class='ocrx_word' id='word_1_265' title='bbox 1415 4295 1497 4344; x_wconf 88' lang='lat' dir='ltr'>eum</span> 
     </span>
     <span class='ocr_line' id='line_1_35' title="bbox 284 4363 1496 4465; baseline 0.005 -26"><span class='ocrx_word' id='word_1_266' title='bbox 284 4368 464 4465; x_wconf 80' lang='lat' dir='ltr'>tranquile</span> <span class='ocrx_word' id='word_1_267' title='bbox 500 4387 540 4441; x_wconf 89' lang='lat' dir='ltr'>et</span> <span class='ocrx_word' id='word_1_268' title='bbox 575 4365 719 4443; x_wconf 87' lang='lat' dir='ltr'>adtente</span> <span class='ocrx_word' id='word_1_269' title='bbox 750 4364 920 4449; x_wconf 74' lang='lat' dir='ltr'>audivisse</span> <span class='ocrx_word' id='word_1_270' title='bbox 961 4363 1150 4459; x_wconf 86' lang='lat' dir='ltr'>videntur,</span> <span class='ocrx_word' id='word_1_271' title='bbox 1190 4386 1257 4440; x_wconf 86' lang='lat' dir='ltr'>nec</span> <span class='ocrx_word' id='word_1_272' title='bbox 1298 4364 1392 4436; x_wconf 84' lang='lat' dir='ltr'>lurre</span> <span class='ocrx_word' id='word_1_273' title='bbox 1424 4364 1496 4445; x_wconf 80' lang='lat' dir='ltr'>stne</span> 
     </span>
    </p>
   </div>
   <div class='ocr_carea' id='block_1_3' title="bbox 824 4462 1666 4838">
    <p class='ocr_par' dir='ltr' id='par_1_6' title="bbox 824 4462 1666 4838">
     <span class='ocr_line' id='line_1_36' title="bbox 824 4462 1666 4838; baseline 0.008 -303"><span class='ocrx_word' id='word_1_274' title='bbox 824 4462 876 4537; x_wconf 87' lang='lat' dir='ltr'>Li</span> <span class='ocrx_word' id='word_1_275' title='bbox 901 4483 922 4534; x_wconf 85' lang='lat'>2</span> <span class='ocrx_word' id='word_1_276' title='bbox 1346 4464 1496 4541; x_wconf 63' lang='lat' dir='ltr'>nonnlss·</span> <span class='ocrx_word' id='word_1_277' title='bbox 1581 4500 1666 4838; x_wconf 66' lang='grc' dir='ltr'>Ι</span> 
     </span>
    </p>
   </div>
   <div class='ocr_carea' id='block_1_4' title="bbox 0 0 1810 5500">
    <p class='ocr_par' dir='ltr' id='par_1_7' title="bbox 0 0 1810 5500">
     <span class='ocr_line' id='line_1_37' title="bbox 0 0 1810 5500; baseline 0 4"><span class='ocrx_word' id='word_1_278' title='bbox 0 0 1810 5500; x_wconf 95' lang='lat' dir='ltr'> </span> 
     </span>
    </p>
   </div>
  </div>
 </body>
</html>
