3609 5500
289 927 364 1000 524
672 895 824 1000 uastata
854 893 988 998 Eccles.
1009 891 1128 1000 (bess.

287 1081 368 1158 tilae
392 1075 486 1178 apud
512 1075 618 1154 Tert.
641 1078 783 1176 apolog.
805 1099 840 1155 c.
867 1091 954 1176 39„
986 1075 1086 1178 arse
1109 1077 1246 1154 ierim
1272 1075 1439 1176 Bflgu,
1476 1091 1525 1152 et

286 1197 324 1256 ao
351 1199 411 1274 pra
431 1177 588 1250 alteram
610 1178 693 1248 meri
707 1171 780 1268 fine
797 1181 925 1272 parati.
976 1179 1061 1282 Quo
1087 1179 1196 1250 etiam
1223 1171 1334 1267 facit,
1359 1171 1454 1274 qnod
1475 1171 1513 1248 se

284 1297 410 1352 mutuo
429 1273 654 1348 salutaverint
662 1270 814 1363 fratrer,
840 1272 1001 1369 croscule
1026 1295 1072 1348 er
1182 1271 1192 1286 ‘
1220 1289 1256 1362 t,
1289 1293 1335 1348 ac
1360 1271 1518 1358 celebra·¹

289 1371 411 1448 verint
434 1388 574 1465 agapas.
625 1369 685 1442 De
708 1391 780 1465 quo
804 1368 906 1465 snpra
928 1367 999 1465 egi
1177 1367 1269 1442 tion
1291 1367 1367 1442 duo
1398 1363 1517 1442 chari·

284 1471 372 1544 tatie
395 1467 532 1540 indicta
560 1487 618 1538 er.
642 1485 697 1560 gr.
728 1463 906 1560 proferam
930 1462 1058 1554 realia;
1096 1485 1247 1562 qnorum
1269 1459 1517 1566 aamest,

312 1564 384 1640 nod
414 1563 545 1635 mutuis
579 1557 839 1634 necellitatibus
869 1561 1033 1634 lubenter
1063 1577 1103 1633 ct
1135 1559 1283 1657 &giter
1306 1559 1517 1654 strocprrere

347 1659 418 1732 rint
443 1655 549 1730 soliti.
583 1651 684 1768 ,Just
708 1655 767 1730 Μ.
791 1678 848 1751 ap.
863 1678 903 1770 ‘c
921 1675 989 1770 ,3⁹·
1012 1678 1107 1769 ‘eene
1128 1678 1170 1768 aa
1198 1675 1282 1750 qaae
1303 1655 1517 1768 balantia,

281 1747 1287 1958 iwriiiiiiii‘ip‘oifflffirffi
1311 1845 1370 1924 en
1402 1847 1512 1924 tom

282 1946 424 2044 insigne
461 1963 603 2041 qnoque
635 1942 854 2026 hberalrtatn
880 1939 1123 2018 testimomum
1152 1947 1301 2040 praebet
1333 1939 1520 2038 Νῶε,

280 2045 471 2120 Romanae
496 2039 598 2112 Dion
624 2037 676 2127 s,
700 2037 864 2114 Corinth.
887 2041 920 2113 E
945 2037 1029 2129 ise,
1051 2039 1143 2148 apud
1165 2039 1248 2114 Ens.
1271 2039 1323 2114 H.
1350 2039 1426 2116 1V:
1454 2059 1516 2136 23.

283 2157 379 2214 utet
395 2135 464 2210 sec.
489 2133 566 2238 seq,
623 2129 686 2204 ion
744 2133 885 2222 ,allen
902 2063 1047 2232 ἔμπα,
1072 2157 1185 2234 rnep.
1202 2135 1247 2210 ad
1264 2133 1515 2232 Stephanum,

282 2235 353 2331 Ep.
384 2231 515 2317 Rom.,
554 2225 604 2300 ab.
640 2227 681 2302 V
717 2249 814 2320 ·a4.
863 2230 1015 2305 Alterura
1047 2229 1119 2321 est,
1159 2230 1255 2342 quod
1285 2229 1326 2304 in
1350 2229 1512 2324 morbis,

283 2324 425 2416 ailiia,
456 2317 678 2412 carceribus,
707 2319 852 2421 aliisque
875 2323 1067 2424 periculie,
1113 2325 1178 2402 liba
1201 2323 1364 2406 invicem
1387 2325 1517 2404 sabve-

283 2428 365 2504 nire
389 2417 500 2499 adnisa
525 2414 593 2490 lint
614 2417 714 2496 onrni
738 2415 856 2496 studio
878 2440 917 2495 et
941 2445 1034 2520 ope,
1066 2423 1154 2498 licet
1175 2431 1263 2495 cuin
1287 2420 1392 2498 vitae
1414 2421 1515 2522 peri·

283 2524 377 2598 culo
426 2516 513 2593 Vid.
537 2509 618 2586 Eas.
650 2515 732 2593 lc.
755 2515 817 2590 sed
838 2516 1049 2592 luculentiae
1076 2539 1150 2594 non
1184 2516 1237 2592 cst
1262 2513 1513 2596 testimoninm

281 2640 348 2704 eo,
391 2608 655 2709 quodLucian.
688 2611 728 2684 in
753 2610 815 2688 lib.
848 2613 894 2687 de
924 2613 1101 2711 Peregrina
1125 2614 1295 2711 praebet,
1335 2611 1401 2690 ubi
1424 2635 1514 2694 orn

280 2731 406 2789 earnm
433 2707 470 2781 in
496 2705 706 2797 Peregrinam
739 2707 835 2784 vivit
867 2708 1075 2809 depingitur
1099 2708 1290 2787 coloribus.
1343 2708 1437 2789 Vid.
1470 2729 1513 2789 et

281 2808 385 2885 Tert.
407 2801 451 2877 ad
469 2802 659 2894 Martyres.
709 2802 794 2910 Quo
817 2802 924 2880 etiarn
944 2808 1121 2902 pertinet,
1151 2806 1269 2903 quod,
1294 2823 1337 2879 ut
1363 2806 1514 2903 liberior

281 2903 370 2981 ellet
393 2900 438 2974 ad
464 2897 699 2971 incarceratos
729 2899 863 2989 aditus,
904 2901 1064 2978 custodee
1094 2900 1313 2999 placaverint
1350 2902 1509 2980 muneri-

280 3005 367 3092 bnr,
400 2990 654 3072 confelsoribue
679 2998 800 3072 omnia
823 2997 1125 3095 suppeditaverint
1150 2997 1391 3090 abundanter,
1423 3020 1514 3077 con-

281 3099 615 3271 {lllmqllbuif
628 3092 1513 3289 mrrpitdergpqugupepppvffi

282 3293 300 3363 1
328 3308 398 3361 nat.
452 3340 459 3355 .
488 3284 533 3356 ΙΙ.
1350 3358 1353 3363 .

325 3381 357 3478 s.
382 3311 532 3454 cdvii.
563 3406 598 3472 y.
625 3376 925 3473 Temperantiae,
965 3398 1004 3455 et
1030 3380 1288 3456 moderationis
1319 3381 1361 3456 in
1388 3383 1518 3482 vieta,
1555 3438 1558 3444 -

278 3475 430 3561 amictu,
455 3472 600 3568 aliisque
617 3470 713 3577 vitae
738 3472 953 3567 actionibus,
977 3477 1074 3574 leger
1089 3477 1239 3552 studiose
1255 3478 1508 3562 observantur.

277 3574 337 3648 De
370 3565 502 3643 vestitu
536 3585 584 3638 et·
601 3564 700 3640 iaetu
727 3568 800 3644 vid.
834 3571 945 3643 Clem.
971 3572 1075 3647 Alex.
1109 3575 1255 3671 Paedag.
1278 3576 1301 3648 l.
1326 3577 1378 3651 ll:
1408 3601 1440 3667 r,-
1466 3600 1512 3656 a..

276 3688 316 3745 et
341 3667 408 3740 111:
434 3684 482 3770 a..
500 3680 537 3735 et
565 3660 668 3736 Tert
693 3660 739 3737 de
769 3664 860 3738 calta
870 3663 1118 3834 panarum.
1168 3670 1287 3745 Nobis
1317 3668 1508 3750 suffecerit

278 3763 431 3847 notasse,
470 3757 749 3868 inter-vulgares
781 3761 868 3857 Chri
900 3763 998 3839 ianoe
1030 3783 1068 3837 et
1095 3763 1245 3861 ascetae,
1286 3766 1334 3840 sic
1362 3766 1507 3866 diane,

302 3862 337 3936 ni
364 3855 529 3931 austerius
547 3855 695 3929 vivendi
712 3879 823 3952 genua
841 3856 1077 3953 sectabantur,
1101 3862 1171 3937 else
1195 3861 1299 3936 distin
1327 3867 1504 3945 nendum.

276 3887 473 4064 inflatiores
498 3949 535 4023 in
561 3949 679 4034 vitta.
716 3974 754 4026 et
771 3950 923 4046 vestitu,
955 3958 1097 4053 allisque
1112 3959 1236 4048 rebus,
1275 3887 1507 4039 aberrarunt

278 4053 550 4163 fingularrtatenp
587 4045 725 4119 ascetae
758 4069 797 4123 et
831 4053 1123 4150 contemplativi,
1164 4055 1245 4150 qni,
1270 4057 1502 4132 Platonis-et

274 4146 433 4227 Philonis
447 4145 578 4241 placita
603 4138 736 4230 secuti,
770 4166 948 4236 mentem,
981 4170 1028 4222 ex
1050 4149 1131 4223 Dea
1159 4170 1301 4238 natam,
1334 4154 1381 4225 ab
1403 4153 1507 4233 omni

275 4241 474 4328 sensatione
498 4257 535 4313 et
563 4236 782 4347 commercio
800 4242 962 4351 corporis
986 4243 1209 4340 separandam
1239 4245 1331 4336 elle,
1359 4248 1508 4345 opinati

274 4345 426 4423 suerunt
448 4359 516 4441 per
540 4332 805 4430 ablltnenttarn,
835 4356 1018 4437 quietern,
1043 4360 1082 4417 et
1111 4342 1228 4439 carnis
1252 4340 1509 4519 subadjonptm,

796 4506 803 4513 .
849 4508 884 4521 ‚,
921 4508 927 4523 ,
959 4498 961 4503 .
1390 4460 1434 4511 ene
1466 4461 1512 4516 at
