3609 5500
411 759 485 853 328
816 739 1308 846 armamentorum.

418 923 570 1006 Samaria
595 921 794 1022 praetulisse
816 926 952 1002 Patrem
975 929 1103 1018 tradit,
1144 927 1286 1027 Judaeis
1307 943 1348 1002 ut
1372 921 1494 1000 Filium
1517 925 1614 1024 adpo·-

409 1026 538 1112 ruisse,
563 1022 704 1116 reliquis
728 1021 902 1098 Gentibus
930 1027 969 1097 ut
993 1024 1164 1120 Spiritum
1181 1029 1240 1102 S:
1278 1023 1436 1113 scilicet,
1460 1046 1531 1096 curn
1544 1048 1612 1119 per·

415 1121 514 1196 sonas
539 1118 575 1191 in
603 1116 783 1190 Trinitate
807 1119 941 1193 censeri
967 1122 1070 1215 poffir
1087 1120 1304 1210 consudrffe,
1328 1120 1416 1194 sicut
1435 1117 1611 1214 posteaSa·

415 1219 538 1292 beslius
563 1213 670 1300 fecit,
698 1211 847 1285 statuere
872 1216 1016 1300 liceret,
1043 1239 1125 1291 eum
1155 1216 1351 1314 significare
1366 1213 1529 1302 voluisse,
1551 1215 1613 1286 De·

414 1337 474 1388 um
501 1311 589 1406 apud
619 1307 872 1397 Samaritanos,
915 1311 1006 1384 unde
1035 1313 1210 1408 originem
1242 1333 1385 1408 putatur
1415 1309 1547 1383 traxisse
1567 1310 1613 1382 Si·

411 1433 517 1496 mou,
545 1405 720 1500 propriam
746 1403 876 1478 habere
905 1407 1039 1497 sedem,
1064 1409 1168 1503 quare
1185 1429 1345 1484 montem
1364 1406 1517 1484 Garizim
1537 1405 1611 1501 legi·

413 1491 471 1580 tur
498 1504 607 1574 Ham.
635 1502 679 1572 11.
705 1501 834 1590 Cleua,
857 1500 1067 1583 substituisse
1092 1504 1382 1602 Hierosolymae3
1419 1500 1539 1600 mififfe
1563 1525 1612 1576 au·
1682 1516 1683 1519 ’

413 1621 488 1677 tem
506 1598 614 1696 fih'uur
641 1595 682 1668 ad
707 1593 877 1691 Judaeos,
917 1600 975 1672 vel
1004 1600 1049 1672 iis
1073 1600 1106 1672 se
1130 1619 1291 1696 tanquam
1326 1600 1438 1674 sisium
1467 1595 1610 1671 manifes-
1682 1652 1683 1659 κ

418 1695 523 1780 tasse,
550 1691 703 1766 adsumta
722 1714 826 1764 carne
838 1693 1025 1788 putentia,
1039 1696 1153 1791 'quare
1169 1695 1204 1767 se
1222 1694 1396 1769 Christum
1413 1695 1522 1781 dixit,
1545 1714 1615 1764 cum

416 1811 535 1868 autem
560 1812 643 1862 vera
666 1809 738 1859 non
763 1785 850 1860 ess'er
873 1788 1174 1878 ,indutus2carne,
1194 1791 1396 1888 arcessunt,
1422 1791 1480 1864 seu
1503 1792 1617 1863 inmor-
1682 1844 1683 1881 2

413 1888 512 1976 talis,
546 1879 736 1976 diciusestr
762 1907 867 1979 quare
884 1885 1006 1957 Petrus
1029 1885 1164 1959 Simoni
1179 1886 1217 1960 in
1234 1892 1343 1962 Hom.
1361 1891 1472 1960 Ciem.
1492 1885 1615 1959 XVIII.
1682 1918 1683 1955 2

411 1984 544 2081 legitur
569 1977 713 2066 dixiss'e,
752 1994 788 2049 tu
805 2004 875 2054 ‚non
897 2006 933 2054 er
956 1986 1064 2063 dirue
1083 1987 1143 2058 darc
1168 1981 1268 2080 stans
1283 1986 1416 2080 filiun·
1440 1985 1536 2064 Inter
1555 1979 1621 2052 reli·
1682 1992 1683 2079 ζ

417 2104 502 2178 quaa
525 2099 612 2151 vero
635 2093 760 2172 gentes
784 2073 852 2147 suit
875 2093 1038 2173 tanquam
1060 2082 1204 2171 Spiritus
1226 2081 1284 2170 8.,
1367 2078 1374 2090 ’
1427 2077 1499 2150 sola
1522 2079 1616 2149 ratio·
1682 2098 1683 2129 ¹

411 2199 460 2252 ne
484 2171 620 2273 gavisae
645 2169 733 2244 sunt.
755 2205 759 2210 ·
784 2171 963 2272 Quicquid
983 2175 1030 2248 de
1052 2173 1107 2248 his
1134 2175 1297 2254 omnibus
1325 2193 1371 2263 rt,
1396 2171 1479 2253 iilud
1502 2172 1612 2244 clarius

412 2271 487 2361 est,
511 2265 691 2360 ennoiam,
708 2265 767 2338 seu
784 2270 976 2357 rationem,
992 2272 1036 2344 ab
1054 2269 1199 2366 Angelis
1215 2271 1417 2355 detentam,
1435 2267 1620 2364 intelligen«.

413 2366 495 2440 dam
519 2362 589 2438 effe
612 2361 657 2434 de
675 2359 819 2436 ratione
842 2387 862 2435 a
885 2387 991 2439 carne
1025 2364 1219 2461 suppressa,
1251 2365 1310 2438 ita
1332 2383 1372 2439 ut
1396 2363 1557 2439 homines
1577 2362 1617 2434 se·
1654 2434 1656 2437 ,
1682 2404 1683 2447 3

198 2553 200 2560 Α
268 2503 298 2552 ·.
412 2460 567 2548 cundum
593 2479 670 2529 earn
702 2479 774 2542 nou
799 2456 945 2547 uiuant,
968 2480 1022 2538 ,et
1044 2459 1225 2535 Simonem
1250 2461 1284 2535 se
1304 2455 1447 2557 perne
1469 2455 1617 2545 menide,
1682 2498 1683 2505 ¹

439 2581 483 2635 ua
498 2553 625 2643 Filium
641 2549 733 2640 Dei,
767 2571 805 2624 et
827 2553 864 2626 in
892 2577 996 2638 carne
1013 2554 1229 2724 adparuisse,
1249 2576 1297 2631 -ut
1326 2553 1492 2628 homiues
1514 2553 1555 2630 ad
1574 2577 1620 2627 ras
1682 2550 1683 2583 ¹

413 2651 523 2726 tronis
545 2650 641 2724 usum
669 2668 876 2736 revocaret,
914 2652 1023 2732 acad

425 2738 430 2748 ι

415 2750 476 2826 De
499 2773 569 2847 quo
593 2745 700 2818 modo
725 2744 881 2841 exposui.

1071 2675 1254 2750 upremum
1269 2652 1396 2729 Deum
1431 2651 1616 2730 adduceret.

462 2844 493 2945 ᾗ.
520 2842 759 2921 CCLXXXiI.
791 2842 972 2927 Simonem
999 2842 1289 2935 haeresiarcham,
1321 2842 1414 2917 uude
1438 2839 1620 2918 Simoniani

415 2964 545 3019 nomen
570 2956 770 3039 traxerunt,
794 2939 945 3012 eundem
972 2938 1041 3013 eise
1065 2966 1108 3016 ae
1129 2943 1310 3030 Simonem
1333 2941 1508 3035 Magum,
1531 2941 1620 3013 aPe·
1682 2989 1683 3020 f

411 3059 472 3111 tro
489 3098 492 3103 .
524 3036 694 3110 ercussum
710 3051 747 3107 et
761 3032 1003 3125 deturbatum,
1029 3036 1133 3110 tradit
1149 3036 1349 3115 Irenaeush
1374 3058 1406 3107 c.
1420 3088 1431 3123 ,
1446 3031 1621 3131 quemahi
1682 3045 1683 3096 i

413 3124 465 3206 ita
490 3062 599 3205 iicon
627 3131 723 3217 suut,
766 3150 805 3202 ut
830 3130 1027 3203 communis
1050 3131 1148 3207 saeta
1181 3131 1290 3206 suerit
1328 3128 1474 3226 opinio:
1514 3150 1619 3239 aqua
1682 3155 1683 3198 r

409 3222 611 3301 disceisrtC.
630 3222 798 3319 Vitringa
817 3226 898 3298 Obs.
924 3228 958 3299 S.
985 3226 1035 3298 V:
1066 3226 1388 3316 12.;existimans,
1413 3221 1621 3302 aliumsiuffe
1682 3293 1683 3328 ,

416 3320 712 3405 haeresiarcham,
735 3339 844 3416 gente
861 3320 1050 3417 Judaeum,
1082 3323 1337 3421 Pythagoricae
1351 3318 1553 3419 disciplinae
1566 3319 1620 3418 de·
1682 3341 1683 3350 ¹

413 3413 632 3515 ditum,„qui
668 3414 727 3488 sub
754 3415 962 3489 Domitiano
985 3416 1130 3509 floruit,
1161 3418 1228 3493 hac
1252 3416 1468 3515 potiffimum
1493 3415 1621 3491 ratione

287 3532 290 3539 '
413 3513 563 3597 dusius,
588 3510 700 3610 quod,
724 3511 906 3584 Simonem
940 3513 1108 3606 Magum,
1133 3538 1153 3588 a
1174 3516 1281 3588 Petro
1308 3512 1389 3587 Ast.
1414 3515 1520 3587 VIII.
1544 3534 1620 3609 pro·
1682 3539 1683 3554 ¹

412 3601 597 3699 stitirtum,
622 3606 728 3681 fidem
755 3606 848 3680 inter
869 3604 1096 3683 ›Christianos
1121 3613 1278 3705 reperire
1300 3607 1474 3706 potuisse,
1500 3609 1616 3705 proba·
1682 3617 1683 3646 ³

413 3706 485 3785 bile
511 3728 581 3779 non
606 3700 657 3777 iit.
705 3702 861 3777 Eandem
879 3702 1002 3791 sovit,
1027 3724 1065 3779 et
1087 3704 1338 3780 demonstravit
1353 3704 1561 3779 sententiam
1578 3699 1619 3773 de

409 3799 669 3878 haeresiarcha.
695 3823 715 3871 a
732 3802 844 3897 Mago
862 3796 1020 3889 diverso,
1038 3803 1220 3885 Beausohr.
1246 3800 1291 3873 de
1308 3799 1483 3876 Ademitis
1501 3796 1617 3873 adcel-

411 3922 492 3977 cem
509 3893 688 3969 Lansantii
705 3894 798 3973 Hist.
823 3896 909 3971 Belli
924 3896 1053 3971 Husiit.
1078 3922 1113 3993 p.
1130 3899 1177 3971 11.
1225 3894 1617 4008 Ipsequoquedudum,
1682 3983 1683 3988 Ἰ

411 3996 489 4077 aliis
511 3989 744 4091 argumentis,
768 3991 914 4065 eandem
940 3989 1147 4089 opinionem
1162 3990 1314 4067 adstruxi
1333 4016 1370 4066 rn
1388 3991 1522 4075 Differt
1537 4011 1617 4063 con·

410 4112 464 4171 tra
483 4086 749 4177 Artemoniurn,
773 4087 870 4163 initii
887 4087 1072 4183 Euangelii
1090 4087 1260 4183 Johannir
1275 4088 1539 4174 restitutorem,
1558 4106 1618 4177 pu·

401 4190 473 4267 tius
504 4204 771 4287 corruptorem,
794 4208 902 4303 ¹quae
925 4206 1010 4279 eum
1034 4182 1119 4259 inde
1138 4184 1260 4282 ,repeti
1284 4178 1622 4356 poffinmaspffiffi
