3609 5500
242 913 246 972 ³
804 961 969 1046 nati.
1073 1041 1076 1065 ἶ
1428 981 1505 1064 2⁷⁹

311 1143 369 1224 rut
382 1139 535 1224 Valeliut
558 1142 603 1222 td
629 1139 732 1238 aut,
764 1145 1022 1238 accusatorem,
1053 1138 1246 1222 constantia
1272 1140 1396 1244 Jacobi
1418 1171 1500 1247 per·

312 1261 448 1333 nuum,
472 1243 581 1318 fidem
599 1241 784 1339 suseepille
801 1240 1054 1330 Christianam
1087 1259 1125 1315 et
1149 1264 1319 1315 unacum
1343 1244 1420 1342 ipso
1443 1243 1505 1320 fu·

304 1337 354 1414 ile
381 1339 552 1436 martyrio
581 1338 779 1412 adfectum:
821 1338 918 1434 cujus
950 1340 1140 1412 veritatem
1174 1356 1291 1412 tamen
1325 1336 1498 1434 praestare

303 1435 418 1524 roim,
457 1457 539 1508 cum
561 1433 675 1508 Lucas
708 1453 779 1507 tam
802 1434 994 1508 notabilem
1027 1431 1322 1507 circumstantiam
1348 1457 1420 1508 non
1443 1435 1499 1512 vi·

298 1531 410 1606 dentur
436 1527 575 1602 silentio
601 1532 863 1627 praeteriturus.
910 1532 1052 1605 Petrum
1080 1529 1220 1626 quidem
1247 1530 1381 1602 carceri
1404 1552 1501 1603 man·

295 1622 1145 1818 ‘llll‘’gallllllta'lfflbbnltll
1158 1622 1502 1816 llllffltllstltl

345 1819 539 1892 clnculum:
579 1816 639 1890 sed
661 1817 780 1907 Deus,
816 1775 963 1891 i'etrum
992 1816 1151 1914 singulari
1177 1818 1284 1891 modo
1311 1841 1332 1888 e
1357 1772 1504 1891 carcerei

291 1913 496 2002 educendo,
521 1929 561 1985 et
583 1912 783 2000 liberando,
808 1910 1021 2002 interceffit,
1053 1930 1090 1985 et
1113 1911 1207 2010 Regi
1232 1936 1274 1986 ac
1298 1916 1434 2026 populo
1461 1913 1503 1986 il

287 2007 393 2100 biit,
432 2029 541 2115 quare
571 2009 654 2082 Rex
688 2007 773 2080 iram
799 2005 837 2079 in
862 2006 1023 2083 custodes
1053 2007 1201 2098 effudit,
1241 2008 1317 2081 illos
1343 2009 1504 2106 Jubendo

289 2109 388 2195 duci,
414 2101 611 2178 scilicet'ad
635 2102 841 2199 supplicium
858 2104 1004 2179 mortis:
1041 2126 1078 2177 v.
1115 2123 1172 2194 19.
1220 2106 1384 2178 Ceterum
1407 2107 1501 2178 acci·

286 2202 345 2278 dit
359 2195 558 2296 persecutio
574 2221 654 2272 ann.
680 2197 813 2274 Claudii
837 2215 919 2289 4to,
945 2221 1017 2274 aer.
1043 2200 1094 2273 V.
1118 2221 1187 2290 44,
1223 2199 1277 2272 uti
1293 2223 1338 2273 ex
1365 2219 1503 2296 tempo·

265 2315 337 2372 're
359 2295 481 2368 nonis
504 2294 685 2384 Herodis,
724 2293 770 2367 de
798 2316 870 2391 quo
895 2294 933 2367 in
964 2296 1038 2391 ejus
1061 2294 1137 2367 vita
1163 2291 1243 2390 egi,
1283 2294 1504 2369 manifestum

293 2387 368 2482 cll,
389 2411 457 2464 nec
475 2407 580 2463 extra
605 2388 888 2487 Hierosolymam
912 2389 983 2464 sese
1006 2387 1172 2479 diffudit,
1196 2406 1258 2464 aut
1283 2390 1369 2467 alios
1392 2388 1503 2466 cdrri·

286 2485 393 2594 puit:
415 2485 576 2582 adeoque
604 2483 778 2560 Ecclesiae
800 2508 923 2583 parum
948 2485 1084 2560 nocuit.

334 2583 367 2686 ς.
388 2580 665 2658 ccxxxvffl.
690 2582 798 2657 Milia
816 2586 918 2656 tertia
942 2579 1205 2676 persecutione,
1229 2601 1308 2658 ann.
1335 2604 1408 2678 ymo
1425 2579 1506 2656 Ne·

284 2679 407 2772 zonis,
436 2699 545 2765 cum,
567 2676 695 2752 Porcio
719 2676 822 2752 Festo
841 2677 998 2775 praelide
1021 2677 1176 2774 Judaeae
1201 2698 1366 2767 mortuo,
1402 2677 1502 2753 Albi·

285 2774 475 2953 bbdd*
491 2772 1165 2967 ffilss’,,2⁰l‘lsslsseldlfilssm‘a3?
1178 2775 1307 2967 lab?
1322 2775 1508 2945 illle

289 2923 581 3061 &luguriam
605 2963 749 3060 Joseph.
773 2966 857 3041 Ant.
882 2965 966 3057 XX,
992 2924 1127 3053 ndrrat,
1151 2991 1234 3040 cum
1260 2990 1337 3040 eam
1362 2927 1505 3041 in³vita

291 3062 421 3167 Jreobi
440 3058 712 3149 ·enarraverim;
751 3062 794 3134 ad
823 3062 1001 3135 Romanos
1022 3082 1165 3226 pergo,
1206 3060 1265 3157 qui
1300 3061 1360 3132 sub
1394 3061 1507 3136 finem

252 3216 255 3221 -
289 3157 437 3259 periodi
455 3156 623 3251 inpetum
646 3157 683 3230 in
708 3155 917 3253 religionem
935 3154 1019 3228 Chri
1052 3155 1164 3228 ianam
1187 3173 1385 3254 coeperunt
1410 3156 1508 3231 face·

293 3274 339 3331 rc
362 3252 423 3329 iub
444 3252 607 3333 Nerone.
657 3251 759 3357 Quae
781 3251 897 3351 prima
921 3249 990 3323 fuit
1016 3249 1239 3346 persecutio,
1272 3252 1314 3325 ab
1343 3248 1387 3324 iis
1413 3271 1505 3331 ortu.

423 3347 521 3422 enim
544 3347 589 3420 de
615 3345 776 3442 Judaeis,
807 3348 903 3421 inter
927 3369 1014 3443 quoa
1036 3343 1144 3419 etiam
1169 3365 1269 3419 erant
1294 3343 1506 3442 Christiani,

287 3446 327 3523 A
395 3444 539 3520 xvm.
571 3441 633 3515 sub
659 3442 803 3517 Claudio
827 3446 963 3532 Roma,
1002 3447 1079 3538 quia
1103 3439 1260 3540 inpulsore
1284 3442 1409 3539 Clrresto
1428 3470 1502 3519 con·

289 3539 700 3629 manumittebantur,
725 3538 884 3633 amalfis,
909 3535 1015 3611 tradit
1031 3537 1241 3626 Suetonius,
1263 3536 1345 3612 illud
1363 3540 1405 3613 ad
1423 3565 1507 3638 per·

293 3636 535 3725 secutionem,
567 3630 682 3707 minus
704 3633 999 3722 Christianorum,
1031 3658 1099 3731 qua
1126 3634 1270 3723 talium,
1310 3634 1401 3708 trabi
1429 3661 1503 3713 non

291 3734 418 3824 debet,
440 3730 496 3806 uti
513 3728 552 3802 in
576 3726 670 3804 Hist.
693 3730 772 3825 Jud.
795 3727 1042 3805 demonstravi.
1088 3727 1297 3805 Neroniana
1316 3754 1404 3804 vero
1421 3757 1506 3829 per·

291 3828 448 3919 lenutio,
488 3847 569 3899 cum
592 3847 665 3898 non
689 3844 760 3900 tam
784 3826 966 3924 religionis
989 3821 1105 3914 causa,
1145 3846 1247 3935 quam
1274 3826 1431 3901 Neronis
1453 3828 1508 3902 fa·

297 3924 431 4013 cirionis
451 3921 501 3996 'in
526 3922 643 3994 Roma
677 3920 846 4007 incendio
877 3920 1044 4010 delenda,
1086 3942 1127 3992 ac
1154 3919 1370 3995 instauranda
1404 3923 1509 3999 dein·-

293 4044 400 4121 αρε,
425 4016 594 4115 tegendi,
626 4016 734 4090 fuerit
756 4014 935 4106 instituta,
967 4015 1054 4088 ficut
1081 4034 1119 4088 et
1142 4015 1354 4114 peculiarem
1381 4017 1505 4093 habuit

294 4118 470 4193 rationem
486 4111 669 4211 politicam
688 4137 730 4187 ea
740 4112 959 4201 Domitiani,
984 4110 1152 4210 deinceps
1170 4112 1306 4202 secuta,
1333 4137 1408 4188 eam
1426 4112 1508 4186 lim·

318 4212 437 4289 liciter
475 4208 661 4297 enarrabo,
700 4207 821 4304 postea
846 4208 883 4281 in
916 4206 1071 4281 rationes
1097 4208 1340 4307 inquisiturus,
1380 4208 1510 4301 quibus

294 4236 477 4407 icquenter
501 4307 723 4402 Inperatores
745 4303 837 4378 moti
862 4303 1005 4376 fuerunt
1029 4302 1072 4376 ad
1101 4304 1334 4392 Christianos,
1361 4326 1425 4396 qua
1452 4321 1503 4374 ta-

285 4407 360 4500 les,
376 4420 562 4499 tantopere
578 4401 842 4498 oppugnandos.
867 4400 917 4569 Bi}
919 4422 1008 4591 {poi
1017 4400 1184 4497 libidine,
1201 4396 1347 4475 saevitia
1354 4452 1388 4567 ,k
1385 4397 1506 4569 ἓξὲξ
1653 4426 1660 4437 ·

922 4571 924 4576 ·
1490 4553 1510 4595 2
