3609 5500
670 885 676 892 ·
794 823 974 957 nentia
1420 831 1499 975 ³⁵⁶5

270 1052 447 1156 lirlymae,
471 1052 675 1155 Episcopis,
698 1052 734 1131 in
752 1058 853 1132 Ponto
869 1057 1028 1155 praesrde
1038 1057 1171 1146 Palma,
1195 1054 1233 1131 in
1250 1058 1370 1133 Galliis
1393 1080 1496 1155 prae·

269 1152 344 1230 fide
362 1154 530 1244 Irenaeo,
554 1152 590 1225 iu
609 1154 786 1228 Osroenae
804 1154 992 1228 Provincia
1003 1152 1295 1250 Mesopotameua
1312 1177 1382 1230 etc.
1417 1156 1493 1227 Ro·

270 1271 417 1326 manum
433 1271 570 1322 morem
586 1249 895 1337 confirmantibus,
915 1272 985 1321 non
1003 1267 1212 1336 contentus,
1236 1248 1406 1326 Asiaticas
1424 1250 1494 1323 Ec·

270 1341 411 1435 denas,
427 1344 552 1442 quibus
562 1346 761 1440 Polycrates
776 1343 989 1441 Ephesium,
1013 1345 1118 1419 senex
1135 1344 1374 1432 venerandus,
1393 1346 1491 1440 pius,

272 1461 477 1537 etmagnae
500 1440 719 1532 autoritatis,
747 1461 929 1537 praeerat,
961 1438 1207 1514 consuetudini
1231 1438 1311 1513 suae
1334 1441 1487 1536 pacifice

270 1533 348 1616 non
363 1534 486 1634 'passus
508 1533 714 1626 inhaerere,
746 1559 802 1610 eas
825 1537 1076 1612 communione
1092 1534 1151 1610 sua
1176 1534 1356 1633 privavit,
1381 1533 1491 1609 maxi·

273 1657 335 1712 me
360 1656 442 1708 cum
467 1631 602 1727 synodo
619 1632 760 1723 coacta,
788 1632 945 1727 praefide
962 1632 1166 1729 Polycrate,
1190 1653 1268 1705 earn
1295 1629 1495 1705 confirmas·

272 1730 376 1816 seut,
403 1746 442 1800 ut
460 1727 565 1802 habet
587 1726 668 1801 Eus.
691 1728 742 1801 H.
768 1729 817 1802 V:
846 1750 926 1819 24,
950 1726 1010 1822 qui
1028 1747 1101 1801 tum
1119 1726 1272 1801 anirntun
1297 1747 1334 1801 et
1350 1724 1495 1835 scopum

274 1822 461 1914 Vibloris,
488 1840 562 1897 tum
579 1821 662 1917 quid
679 1820 914 1919 praestiterit,
937 1820 1100 1896 diffinere
1127 1821 1248 1897 refert.
1301 1824 1344 1895 In
1373 1845 1495 1896 animo

275 1918 420 2009 habuit,
445 1916 607 2005 efficere,
635 1936 675 1990 ut
691 1917 864 1995 Asiaticae
880 1917 1057 1992 Ecclesiae
1079 1941 1099 1992 a
1127 1919 1286 1992 communi
1307 1920 1421 1993 unione
1436 1919 1496 1994 ab·

271 2014 538 2105 scinderentur,
570 2012 666 2109 quod
682 2014 834 2089 Eusebio
852 2010 903 2088 est
927 2018 1156 2110 moenere·
1172 2025 1221 2098 τῆς
1240 2012 1330 2098 uteie
1351 2014 1493 2106 trienne,
1585 2065 1587 2068 -

275 2111 350 2188 ltoc
373 2126 508 2185 conatur
532 2106 583 2183 est
605 2121 747 2207 tergeret
766 2110 857 2184 dicit
879 2110 984 2203 Eus,
1015 2114 1075 2186 sed
1098 2135 1173 2186 rem
1197 2136 1243 2186 eo
1274 2136 1347 2186 non
1373 2112 1495 2209 potuit

274 2201 469 2292 addu‘cere,
494 2228 617 2279 omnes
642 2210 728 2280 licet
751 2202 943 2281 intenderit
966 2230 1117 2296 nervos,
1142 2209 1248 2281 literis
1272 2206 1367 2283 enim
1382 2210 1497 2300 datis,

275 2325 367 2402 qnae
386 2298 465 2374 Eus.
490 2301 597 2375 verba
612 2301 712 2386 sunt,
738 2326 794 2375 eas
817 2301 987 2395 Eccleſsar
1001 2300 1208 2398 prescripfir,
1234 2325 1267 2376 er
1293 2310 1336 2377 ab
1361 2308 1494 2379 unitate

273 2401 403 2474 alienas
413 2398 650 2490 pronunciarit.
684 2397 786 2473 Errat
800 2396 918 2495 itaque
935 2399 1050 2473 Vales.
1067 2398 1110 2472 ad
1127 2400 1231 2485 Eus,
1250 2396 1332 2472 dum
1348 2420 1494 2474 excom·

272 2489 531 2572 manicationis
557 2491 766 2567 sententiam
807 2515 879 2567 non
910 2490 1013 2567 suiffe
1039 2494 1164 2584 latam,
1204 2492 1262 2567 sed
1296 2516 1374 2567 eam
1398 2493 1496 2568 serre

276 2608 444 2666 conatum
460 2606 596 2661 tantum
621 2586 827 2677 Victorem,
851 2590 1059 2677 contendit,
1093 2613 1139 2663 eo
1163 2586 1267 2663 nixus
1288 2587 1495 2668 fundamen·

275 2704 341 2774 to,
375 2681 468 2783 quod
484 2684 577 2758 iren.
601 2683 640 2759 in
663 2705 720 2853 ep.
748 2682 791 2757 ad
816 2682 1005 2759 Viilorem
1028 2708 1109 2760 earn
1135 2686 1341 2779 admoneat,
1368 2709 1407 2761 ae
1431 2692 1494 2764 ab·
1582 2701 1587 2710 '

267 2782 404 2883 fiiadm
418 2777 605 2871 neceſses,
629 2797 667 2853 et
707 2779 784 2854 hot.
808 2779 887 2855 cod.
917 2803 998 2855 120.
1022 2782 1119 2855 idem
1134 2781 1317 2873 adfirmet,
1343 2806 1411 2858 nec
1427 2785 1499 2858 Ec·

275 2875 400 2953 cleliae
418 2874 551 2949 fuerint
577 2874 614 2947 in
640 2893 758 2970 parter
784 2873 913 2947 scissae.
966 2876 1108 2951 Eusebii
1130 2877 1227 2951 enim
1252 2879 1361 2950 verba
1391 2877 1497 2952 nimir

275 2974 360 3051 firm
376 2972 487 3060 clara,
511 2993 598 3067 quac
620 2993 684 3066 per
701 2975 826 3044 Socrat
852 2969 903 3042 H.
930 2970 980 3044 V:
1010 2994 1066 3045 22.
1092 2989 1129 3042 et
1145 2971 1277 3065 Epiph.
1303 2972 1401 3044 haer.
1430 2995 1492 3066 70.

274 3065 539 3155 Audianorum,
567 3066 626 3138 ubi
643 3089 709 3161 pro
723 3067 919 3161 Polycarpo
936 3063 1005 3160 legi
1023 3065 1130 3137 debet
1153 3065 1377 3158 Polycrates,
1407 3087 1496 3138 con·

276 3165 471 3256 firmantur.
519 3161 667 3250 Deinde,
693 3183 773 3236 cum
786 3162 857 3257 jam
875 3159 1026 3234 minatus
1040 3157 1148 3233 suerit
1165 3156 1294 3235 Vilior
1310 3177 1392 3232 ante
1409 3181 1497 3234 con·

277 3258 402 3347 cilium
422 3256 610 3349 Asianum,
637 3258 882 3353 utPolycrater
897 3256 988 3350 apud
1003 3253 1083 3329 Ens.
1108 3256 1131 3329 l.
1158 3277 1191 3327 c.
1216 3253 1347 3344 refert,
1370 3255 1497 3330 dicens

274 3355 594 3442 nihirmentus,
646 3377 707 3426 uae
730 3356 821 3425 nobis
847 3355 892 3425 ad
902 3350 1116 3444 formidinem
1143 3355 1363 3440 intentantur,
1407 3352 1501 3429 nihil

275 3450 403 3550 utique
429 3451 505 3546 plus
528 3448 599 3523 feci
629 3468 686 3534 et,
713 3447 737 3521 sr
763 3450 857 3522 intra
883 3448 996 3522 minas
1020 3449 1055 3523 se
1078 3445 1326 3540 continuisset,
1354 3449 1497 3525 Irenae·

274 3570 319 3625 ut
345 3565 434 3622 vero
451 3544 488 3618 in
514 3545 581 3640 Ep.
605 3541 648 3616 ad
666 3542 852 3618 Viclorem
872 3567 954 3617 eum
972 3563 1109 3619 tantum
1132 3543 1316 3633 hortatur,
1334 3567 1380 3619 ne
1398 3545 1434 3619 in
1451 3569 1498 3620 eo

275 3640 376 3721 facio
394 3635 568 3739 persistat,
594 3639 751 3735 adeoque
769 3663 813 3712 ne
825 3636 953 3735 efficere
968 3662 1136 3729 conetur,
1156 3660 1195 3712 ut
1209 3639 1384 3714 Ecclefiae
1400 3641 1497 3714 Asta·

280 3737 377 3813 ticae
399 3737 651 3813 abscindantur.
702 3735 807 3807 Licet
832 3737 928 3810 enim
955 3737 1095 3809 litterae
1119 3735 1501 3811 excommunicatoriae

276 3835 354 3934 jam
376 3833 535 3930 vulgatae
561 3832 690 3918 essent,
723 3853 780 3903 rer
802 3829 874 3924 ipsa
900 3853 1018 3904 tamen
1042 3834 1196 3902 nondum
1220 3828 1378 3924 perfecta
1403 3851 1502 3925 erat,

307 3927 364 4005 uia
390 3927 464 4001 aliis
491 3925 658 4023 Episcopis
681 3924 907 4021 displicebat:
947 3949 1053 4021 quare
1085 3922 1274 3998 victorem
1305 3925 1348 3999 ad
1377 3929 1502 4003 mode·

277 4026 414 4105 'rariora
436 4021 547 4098 studia
574 4039 719 4095 conatus
744 4019 795 4094 est
815 4020 988 4096 adducere
1018 4024 1202 4107 irenaeus,
1227 4043 1271 4093 ue
1300 4020 1336 4094 id
1355 4026 1503 4119 amplius

277 4137 429 4218 urgeat,
455 4139 492 4192 et
509 4117 740 4192 Ecclesrarum
760 4140 881 4212 pacem
898 4116 1125 4190 interturbet.
1160 4117 1289 4192 Victor
1306 4121 1426 4213 itaque
1443 4144 1506 4197 eas

274 4213 450 4307 Ecclelias
472 4213 723 4288 communione
747 4213 803 4287 sua
819 4213 1151 4309 quidemprivavit,
1176 4211 1234 4285 sed
1252 4236 1330 4286 cum
1348 4215 1501 4307 reliquae

268 4309 454 4395 Ecclesiae
481 4312 516 4387 ci
539 4332 612 4389 non
637 4307 893 4481 adsurgerfflssi,
905 4333 946 4482 ba
969 4313 1126 4406 conrintini
1152 4312 1264 4383 uitione
1291 4333 1347 4384 eas
1378 4309 1505 4480 abddra·
1606 4377 1612 4387 ,

267 4448 287 4487 ,-
954 4428 974 4501 3
1442 4432 1503 4488 ere
