3609 5500
682 973 727 1048 ,”
780 985 785 992 “
819 968 926 1048 Secti.
942 968 976 1048 'I-
1351 964 1354 970 ’
1472 960 1540 1067 61v

287 1150 430 1232 Christo
461 1150 690 1249 increpitum.
740 1150 822 1251 Quo
846 1149 961 1242 fatto,
1004 1152 1161 1229 inmensa
1187 1156 1369 1237 hominum
1396 1167 1517 1241 multi·

289 1252 410 1327 tudine
438 1267 674 1345 congregata,
704 1250 871 1321 admonet
894 1248 1104 1345 discipulos,
1139 1271 1177 1325 ut
1203 1254 1264 1330 srbi
1289 1278 1370 1332 ante
1397 1259 1523 1338 omnio¹

286 1372 306 1423 a
318 1348 492 1443 fermento
514 1344 795 1433 Pharisaeorum,
838 1344 897 1417 seu
921 1346 1100 1442 hypocrisi
1127 1372 1248 1424 eorum
1282 1352 1321 1426 in
1353 1356 1518 1436 doiirina

290 1467 325 1520 et
348 1442 547 1532 institutis,
574 1459 747 1530 caveant,
771 1437 966 1514 doitrinam
992 1443 1170 1516 salutarem
1197 1449 1309 1543 palam
1334 1472 1372 1525 et
1402 1456 1517 1531 libere

288 1540 531 1628 adnuntient,
558 1537 876 1614 nihilmctuentet
904 1538 1040 1609 illorum
1070 1542 1376 1637 oppugnationes,
1411 1573 1516 1646 repe.

288 1638 362 1711 titis
397 1660 446 1710 ex
471 1638 583 1709 Mart.
609 1634 653 1708 X.
680 1633 874 1722 nonnullis,
915 1634 1003 1705 Luc.
1032 1636 1114 1709 Xll:
1145 1660 1278 1716 1-12.
1331 1642 1413 1744 Quo
1436 1647 1516 1742 ipso

287 1754 456 1829 ternpore
479 1732 525 1805 ab
550 1730 667 1826 aliquo
691 1730 737 1802 de
762 1729 881 1819 turba,
907 1728 967 1825 qui
993 1730 1167 1804 Christum
1186 1758 1253 1829 pro
1279 1739 1414 1813 eximio
1441 1746 1536 1817 sor·¹

287 1849 324 1905 te
349 1829 554 1928 propheta,
577 1844 639 1900 aut
660 1825 781 1899 futuro
805 1848 889 1921 rege
917 1845 1087 1915 externo,
1114 1829 1257 1920 habuit,
1283 1856 1445 1931 rogatus,
1473 1856 1516 1912 ut

290 1925 532 2001 increditatis.
548 1919 757 1998 divisionem
781 1920 876 2007 inter
900 1921 935 1994 se
952 1940 991 1994 et
1015 1921 1160 1996 fratrem
1179 1949 1404 2022 procuraret,
1429 1933 1516 2009 illud

290 2022 485 2120 apersona
507 2019 567 2093 sua
589 2040 664 2094 non
690 2035 824 2093 tantum
850 2017 1002 2091 alienum
1028 2017 1097 2092 elle
1121 2021 1333 2111 declaravit,
1361 2027 1441 2119 sed,
1472 2055 1514 2105 ea

289 2140 430 2216 arrepta
444 2114 653 2203 ocoefione,
679 2114 874 2211 elegantem
900 2113 1024 2187 habuit
1050 2114 1270 2208 sermonem,
1298 2121 1451 2217 primum
1469 2125 1515 2200 ad

287 2219 449 2304 turbam,
491 2235 564 2310 quo
591 2232 713 2283 omnes
737 2213 780 2283 ab
806 2209 972 2299 avaritia,
1005 2210 1063 2284 seu
1090 2216 1264 2287 bonorum
1291 2219 1515 2298 terrestrium

291 2311 425 2400 lbrdio,
454 2307 575 2382 addita
601 2329 743 2402 quoque
767 2307 930 2402 parabola
956 2305 1094 2398 coloni,
1120 2308 1291 2384 sruiiibus
1317 2314 1385 2387 suis
1407 2319 1515 2391 abun·

291 2408 458 2484 dartibua
486 2403 651 2490 fidentis,
684 2424 770 2477 mox
792 2426 812 2475 e
838 2401 933 2478 vivis
954 2402 1098 2494 sublati,
1130 2403 1333 2501 absterruit,
1366 2411 1450 2500 dein
1471 2413 1515 2489 ad

292 2502 507 2600 discipulos,
529 2522 576 2573 eo
602 2501 709 2573 etiam
738 2497 974 2594 speiiantem,
1000 2517 1058 2589 ut,
1091 2523 1174 2574 cura
1196 2525 1311 2578 rerum
1341 2506 1514 2582 terrestri·

288 2628 348 2678 um
382 2595 570 2695 deposita,
602 2594 672 2670 toti
698 2594 903 2669 incumbant
929 2617 1040 2689 regno
1067 2597 1271 2689 coelorum,
1304 2620 1342 2673 et
1365 2605 1447 2677 Deo
1472 2605 1514 2679 fi.

291 2700 397 2786 dant,
424 2715 494 2768 nec
519 2692 644 2790 segnes
670 2691 709 2765 in
735 2714 778 2764 eo
794 2689 860 2765 sint
885 2713 1013 2862 opere,
1038 2689 1096 2766 sed
1125 2692 1313 2791 vigilantes
1334 2723 1378 2793 ac
1403 2700 1513 2776 fervi-

288 2796 346 2885 di,
370 2787 538 2888 adjuncta
556 2813 695 2886 quoque
717 2790 877 2885 parabola
916 2811 1103 2880 ervorum,
1127 2791 1269 2866 domum
1287 2796 1437 2871 Domini
1454 2800 1516 2870 ab·

291 2888 400 2966 sentis
425 2887 649 2974 curantium,
671 2902 709 2956 et
731 2885 805 2979 ejur
829 2885 1019 2960 adventum
1037 2884 1245 2985 vigilanter,
1273 2893 1377 2969 acin
1403 2917 1532 2990 opere

291 2988 489 3083 diligenter
514 2979 747 3070 versantium,
772 2979 1067 3077 exspeeiantium,
1093 2984 1188 3057 simul
1216 2987 1374 3061 modeste
1396 3013 1439 3064 ac
1452 3015 1514 3087 pa·

287 3083 405 3160 cilice
429 3102 510 3152 cum
535 3075 712 3151 conservis
738 3076 941 3172 agentium,
968 3078 1120 3172 denique
1144 3079 1257 3152 rursus
1282 3083 1325 3156 atl
1355 3089 1515 3177 turbam,

294 3199 384 3253 eam
407 3174 608 3263 admonent,
633 3190 673 3246 ut
710 3171 871 3265 adsigna
896 3191 1096 3265 temporum
1121 3173 1308 3261 adtendat,
1334 3178 1466 3272 sibique
1492 3205 1515 3255 a

284 3274 424 3351 litibus
445 3267 572 3342 mutuis
594 3286 739 3357 caveat,
775 3288 971 3436 pacemque
997 3264 1254 3358 columnulis
1279 3289 1383 3347 antea
1409 3272 1517 3352 dietis

284 3388 437 3472 quoque
461 3365 637 3440 renovatis
663 3366 751 3438 Luc.
813 3365 859 3436 ll:
888 3384 1048 3456 13-59,
1080 3455 1087 3469 .
1116 3456 1124 3470 .

335 3466 369 3568 q.
396 3464 538 3541 LVlll.
569 3458 732 3550 Deinde,
767 3483 846 3535 cum
874 3459 957 3555 ipsi,
987 3458 1023 3529 in
1051 3457 1184 3532 vrc'mia
1210 3459 1324 3535 adhuc
1341 3463 1516 3542 Hieroso·

288 3567 407 3665 symae
434 3557 612 3647 versanti,
651 3555 897 3643 nunciaretur,
940 3553 1112 3627 Galilaeos
1138 3555 1271 3650 aliquos
1296 3558 1386 3652 jullii
1410 3564 1515 3641 Pilati

291 3663 384 3738 inter
413 3653 637 3731 offerendum
666 3651 738 3727 esse
764 3671 926 3738 necatos,
972 3650 1064 3721 sorte
1089 3650 1203 3744 quod,
1243 3653 1428 3760 principiis
1453 3663 1516 3757 Ju.

289 3759 355 3832 dte
373 3751 528 3829 Galilaei
553 3747 690 3836 inbuti,
717 3748 754 3821 in
774 3746 929 3855 Templo
944 3743 1120 3818 coitiones
1145 3745 1318 3839 fecerint,
1342 3755 1399 3826 vel
1420 3754 1511 3831 sedi·

281 3852 400 3929 tionis
417 3846 553 3923 semina
568 3842 769 3942 sparserint,
795 3841 944 3933 Christi,
960 3859 1057 3915 tanta
1075 3844 1175 3915 turba
1195 3843 1323 3934 cintii,
1351 3867 1517 3945 tanquam

286 3946 402 4026 sumti
420 3946 538 4043 regit,
559 3940 611 4015 uti
629 3940 712 4014 falso
728 3939 980 4036 opinabantur,
1005 3936 1042 4010 in
1057 3936 1190 4012 vicinia
1206 3941 1394 4036 versantis,
1413 3970 1517 4042 prae.

290 4045 405 4122 sentia
428 4064 573 4142 qnoque
597 4035 753 4110 animati
810 4037 892 4136 Quo
918 4034 1024 4129 etiam
1049 4034 1178 4108 ducere
1210 4037 1380 4129 videtur,
1421 4046 1516 4140 quod

292 4141 433 4219 ebristo
460 4133 609 4213 illudio
635 4131 752 4230 specie
776 4155 861 4207 mox
878 4130 1148 4221 nunciaverint,
1177 4131 1249 4208 five
1276 4156 1314 4207 ut
1333 4136 1406 4229 ejus
1421 4141 1516 4232 juli·

293 4240 387 4316 cium
414 4258 462 4310 eo
489 4234 535 4308 de
561 4230 642 4304 casu
668 4228 948 4324 expiscartntur‚
993 4227 1064 4299 sive
1099 4247 1137 4300 ut
1163 4255 1242 4303 eum
1271 4233 1312 4302 acl
1339 4233 1421 4302 inde
1449 4235 1521 4306 ‹lis-

292 4334 509 4417 cedendum,
536 4347 702 4422 tanquam
719 4326 864 4398 eandem
891 4325 1018 4397 sortem
1037 4325 1117 4395 :lim
1143 4327 1351 4412 lirlzitumm,
1377 4349 1517 4416 permo-

297 4450 429 4513 vetent.
489 4419 784 4535 Q‘uanoccafionc
816 4421 973 4573 Chriqisu
1011 4446 1151 4498 ‚.·n-.u,÷..,
1190 4421 1316 4496 sortem
1363 4420 1517 4513 l=.r..lt=.;i=.‚

907 4552 944 4595 „t
972 4543 989 4577 ‘³
1460 4543 1468 4553 ·’
1497 4526 1518 4557 ”’

1602 4540 1655 4814 l
