3609 5500
839 508 944 587 Slt‘ttl.
969 515 1020 587 ll.
1466 545 1536 619 533

307 684 405 793 jures
422 681 485 762 fibi
504 686 699 763 tribuerunt
706 691 984 858 Braerogativas.
1031 693 1158 768 Dicunt
1174 700 1277 787 enim,
1295 695 1409 796 inquit
1426 719 1540 775 autor·

311 782 585 876 praedestinati,
609 786 691 860 loono
737 806 873 880 epuaano
891 791 1002 861 villam
1015 789 1121 884 fuiffe
1145 794 1320 881 Montani,
1344 796 1478 890 Priscae
1497 812 1540 871 et.

294 881 545 980 Maximillae,
562 898 595 953 et
609 883 683 976 qaia
700 885 745 955 ibi
761 901 927 979 coeperunt
939 887 1149 978 praedicare,
1165 905 1198 960 et
1214 892 1260 961 ibi
1270 891 1442 982 vixerunt,
1458 897 1529 966 ideo

309 981 415 1057 menon
440 977 599 1070 adpellari
621 977 846 1073 Hierusalem:
871 984 947 1073 quia
969 982 1168 1056 habitatores
1193 981 1364 1079 locisunt,
1389 988 1457 1059 ideo
1474 996 1549 1062 ce·'

308 1072 446 1172 t'erisse
471 1072 532 1169 effe
556 1075 701 1147 meliores
723 1074 922 1170 adscribant.
972 1078 1057 1152 Nec
1088 1099 1206 1153 tamen
1239 1079 1436 1154 distinbbam
1471 1084 1538 1166 fen

309 1179 438 1248 c'erunt
472 1168 599 1243 letiam
637 1172 845 1264 Pepuz¹ani,
884 1173 970 1246 licet
1000 1175 1039 1248 in
1071 1174 1330 1250 haereticorum
1361 1178 1535 1276 catalogo.

247 1285 260 1304 ·
305 1268 431 1368 paffim
456 1265 646 1362 separatum
674 1284 818 1340 teneant
842 1269 968 1345 locum.
1017 1269 1116 1369 Quae
1148 1296 1235 1347 veto
1269 1274 1314 1345 de
1346 1275 1533 1364 moribus„

307 1386 347 1441 et
373 1384 512 1453 morte,
537 1361 705 1434 Montani
728 1361 838 1436 refert
862 1370 1149 1464 autor'antiquus
1173 1366 1264 1463 apud
1290 1368 1370 1443 Eus.
1395 1369 1445 1452 H,
1464 1371 1534 1458 .V=·,;

310 1468 370 1537 16.
395 1478 433 1533 et
454 1458 662 1554 Apollonius
676 1455 761 1532 ibid.
791 1468 868 1548 18„
895 1484 975 1535 cum
1002 1465 1074 1558 ipse
1092 1463 1176 1537 illud
1198 1462 1311 1537 famae
1330 1486 1533 1562 acceptum·
1596 1468 1599 1473 ’

304 1553 457 1643 referat,
499 1553 628 1628 mento
660 1551 796 1645 mitto,
845 1556 959 1631 adhuc
993 1558 1130 1654 magis,
1171 1559 1265 1656 quod
1297 1560 1342 1632 de
1372 1563 1533 1652 Monta-5

305 1673 357 1729 uo
383 1647 561 1724 bominem
586 1647 706 1723 saciat,
726 1648 915 1743 furiosum,
958 1652 1165 1750 inpudicum
1198 1673 1235 1727 et
1265 1654 1531 1749 facinorosum,

303 1769 372 1848 pro
397 1747 522 1842 inepto
547 1742 608 1819 suo
633 1746 730 1835 nelo,
768 1747 886 1843 Cyrill.
914 1748 1090 1823 Hierosol.
1119 1750 1255 1825 catech.
1280 1752 1384 1826 XVI.
1413 1756 1530 1846 cete-J

302 1850 384 1920 r'um
407 1843 622 1928 Montanus,
662 1840 849 1915 secundum
875 1843 954 1919 Eas.
980 1843 1016 1917 in
1049 1846 1181 1923 Chion.
1213 1844 1341 1922 setiam
1365 1848 1520 1927 condere

302 1937 430 2037 coepit
452 1959 482 2011 a.
511 1960 613 2033 171„
640 1935 698 2010 seu
718 1959 813 2010 trono
831 1937 948 2013 Marci
965 1940 1123 2029 Aurelii3
1149 1963 1253 2037 quem
1270 1944 1447 2017 veriorem
1465 1935 1530 2019 es--'

302 2037 341 2112 se
372 2033 540 2110 calculum
566 2029 818 2106 demonstravit
861 2035 1067 2110 Tillemont.
1107 2035 1145 2109 in
1186 2038 1343 2111 Memor.
1384 2040 1527 2124 sicclus.¹

304 2151 395 2208 tom.
433 2131 479 2203 11.
511 2153 547 2226 p.
581 2128 645 2201 ΙΙΙ.
681 2126 719 2202 in
754 2147 831 2205 not.
866 2130 930 2203 etst
962 2130 1111 2204 Pearson
1140 2130 1184 2204 de
1224 2132 1364 2206 success.
1397 2134 1435 2209 P.
1474 2136 1526 2224 P„

301 2229 350 2303 R.
369 2222 444 2301 diff.
464 2225 512 2299 Is.
530 2245 622 2298 anno
645 2245 724 2317 157.
774 2225 951 2299 Antonini
966 2227 1020 2301 Pii
1043 2250 1110 2317 19..
1127 2226 1267 2324 adliget.
1293 2228 1415 2305 Sellae
1431 2253 1526 2326 pto-v

301 2320 504 2400 movendae
527 2320 615 2392 duae
639 2318 798 2415 inprimis
815 2320 1049 2395 incubuerunt
1066 2323 1245 2398 foeminae
1263 2324 1397 2417 Prisca,
1433 2329 1512 2421 vel,

298 2417 475 2506 Priscilla,
501 2435 537 2489 et
551 2415 768 2507 Maximilla,
795 2417 919 2489 eodem
937 2415 1061 2513 spiritu
1077 2419 1317 2514 Prophetico,
1343 2441 1382 2495 ut
1438 2443 1512 2499 uta·

295 2518 421 2603 batur,
445 2510 562 2602 abbae,
586 2529 673 2607 quae
689 2505 836 2596 maritos
853 2511 959 2601 suos,
987 2512 1172 2609 postquam
1196 2517 1375 2589 Montano
1400 2446 1513 2590 bad-

297 2608 541 2696 sociaverant,
567 2607 754 2682 deseruisse
777 2599 979 2697 nictantur,
1014 2625 1052 2679 et
1076 2611 1280 2682 accusantur
1304 2612 1345 2680 ab
1367 2611 1521 2703 Apollo-¹

297 2706 367 2783 nio
391 2704 479 2804 apud
503 2703 583 2778 Eus.
608 2704 629 2778 l.
655 2725 686 2780 c.
737 2704 893 2805 Quarum
914 2724 1016 2776 unam
1046 2700 1142 2776 forte
1175 2700 1213 2775 in
1244 2702 1366 2779 oculis,
1386 2704 1511 2779 habuit

297 2802 407 2877 Tert.
431 2799 474 2873 de
490 2799 618 2874 Anima
634 2823 666 2875 c.
690 2821 740 2890 9,
766 2801 846 2892 cui,
865 2798 1025 2895 spiritum
1042 2795 1113 2871 esse
1131 2819 1365 2893 corporeum,
1391 2796 1511 2874 fuisset

294 2897 509 2991 rjevelmum:
535 2894 581 2991 est
603 2897 690 2968 bodie
698 2896 792 2993 soror
808 2898 895 2994 apud
915 2919 991 2985 nos,
1016 2891 1152 2990 inquit,
1178 2895 1407 2970 revelationum
1432 2895 1518 2971 aba·

290 2992 433 3094 rismata
447 2990 572 3090 sortita
601 3011 692 3081 etc.,
717 2995 797 3090 quia
819 2990 1029 3088 Apollonius
1054 2989 1217 3082 testatur,
1243 2989 1323 3088 post
1339 2989 1423 3066 duat
1439 2991 1512 3069 illas

291 3088 470 3168 foeminas
486 3090 633 3176 nullum,
660 3107 719 3162 aut
734 3090 879 3179 nussam,
901 3085 1022 3178 luisse,
1047 3085 1105 3161 cui
1121 3084 1378 3185 propheticum
1394 3088 1508 3166 conti·

294 3187 354 3285 git
376 3184 519 3261 donum.
555 3185 653 3258 Plura
677 3183 721 3257 de
746 3185 826 3283 ipsis
850 3208 922 3259 non
944 3181 1115 3259 constant.

305 3308 308 3313 ’
342 3279 375 3380 §.
399 3277 555 3356 CXCIX.
590 3279 818 3357 Occasionem
844 3279 956 3355 tettae
982 3279 1218 3354 instituendae
1243 3280 1378 3379 repetit
1404 3301 1516 3364 autor,

292 3375 458 3474 antiquus
479 3377 572 3473 apud
594 3375 674 3449 Eus.
701 3377 724 3450 l.
750 3402 781 3452 c.
805 3381 848 3452 ab
879 3374 1074 3449 ambitione
1106 3376 1298 3464 Montani,
1341 3375 1420 3470 qui,
1464 3396 1506 3451 ut
1546 3432 1549 3436 «

290 3472 404 3571 ipsus
427 3477 534 3550 verba
565 3472 714 3560 habent,
755 3475 917 3566 inmodico
939 3473 1039 3563 primi
1061 3475 1094 3541 in
1120 3466 1270 3558 Eccleſsa
1295 3472 1357 3545 lori
1388 3489 1507 3564 captus

291 3571 492 3666 cupiditate,
527 3563 588 3661 etfi
612 3571 749 3644 novitius
772 3587 845 3642 erut
868 3571 902 3640 in
911 3566 999 3661 fide,
1032 3568 1170 3661 prienam
1186 3567 1312 3640 aditum
1325 3563 1416 3659 fecit
1431 3564 1504 3664 spi·
1531 3655 1534 3661 Ι

287 3671 373 3743 titud
386 3666 571 3763 adversario
596 3666 630 3737 in
647 3662 700 3760 se.
748 3664 854 3770 Quod
879 3683 1012 3737 temere
1028 3684 1100 3734 non
1117 3660 1311 3734 censuerim
1328 3662 1507 3737 adsumen-

287 3761 394 3854 dum,
418 3786 501 3837 cum
521 3760 762 3838 Veteribusin
778 3784 877 3836 more
896 3759 958 3848 stt,
976 3758 1133 3830 omnium
1144 3757 1220 3830 fere
1236 3757 1425 3832 haerebam
1435 3759 1507 3831 oti·

290 3860 396 3974 gitteo
412 3855 495 3931 inde
510 3857 682 3932 derivare.
709 3859 834 3954 Longe
844 3854 1058 3954 probabilius
1074 3853 1164 3928 mihi
1182 3852 1340 3940 videtur,
1359 3870 1506 3950 corrup·

283 3976 432 4090 Inonem
454 3953 580 4049 secuti,
604 3971 642 4031 et
657 3951 1053 4143 disciplinrtcecrgmisasm
1067 3950 1249 4053 vigorem,
1273 3949 1512 4125 ansanbffiffe:
