3609 5500
275 961 355 1043 m
478 986 487 998 ·
686 939 832 1042 ΗΜ*
854 937 985 1044 Ecclrs.
1012 942 1174 1043 clnstr·

675 1123 1109 1210 varnarnronas.
1195 1202 1197 1207 ,
1262 1142 1304 1183 .÷.
1486 1169 1490 1178 .

287 1379 291 1387 .
327 1322 359 1424 §.
386 1319 549 1398 CXCVI.
581 1318 638 1393 De
667 1321 738 1394 rita
761 1336 793 1389 et
817 1322 958 1394 moribus
981 1318 1278 1412 Christianorum,
1309 1318 1503 1420 inquibus

278 1436 501 1519 priosta-,pars
521 1415 707 1489 essentialis
725 1413 897 1487 Ecclesiae
926 1414 1104 1507 consistit,
1127 1418 1194 1491 hac
1218 1415 1366 1514 periodo
1376 1446 1500 1517 ,pau-

281 1518 332 1593 cis
353 1513 537 1592 absolvere
562 1531 709 1608 potero,
735 1534 815 1584 cum
840 1536 885 1583 ex
903 1509 1005 1583 Actia
1031 1534 1069 1586 et
1092 1513 1258 1608 Epistolis
1281 1512 1501 1610 Apostolicie

280 1613 479 1698 elucescat,
521 1605 710 1682 Ecclesiam
745 1605 985 1702 Apostolicatn
1015 1607 1116 1684 fuisse
1147 1611 1334 1683 maximam
1358 1632 1502 1708 partem

228 1699 233 1708 ’
280 1731 385 1784 omne
410 1728 521 1802 genus
545 1703 734 1777 virtutibus
759 1722 937 1791 ornatam,
971 1703 1057 1780 licet
1083 1728 1155 1777 non
1177 1704 1357 1777 defuerint
1378 1708 1500 1805 hypo·

279 1805 408 1892 critae,
441 1823 509 1874 nec
533 1798 649 1872 omnia
670 1798 889 1874 exoleverint
913 1797 1022 1889 vitia,
1054 1801 1178 1899 quibus
1203 1801 1277 1875 vita
1302 1823 1375 1874 nou
1399 1819 1502 1879 caret

280 1900 451 1988 humana,
485 1896 634 1993 periodo
659 1917 796 1988 quoque
827 1895 967 1968 labente
989 1897 1102 1993 major
1126 1919 1205 1979 earn
1225 1896 1393 1988 infecerit
1417 1921 1505 1972 cor·

272 1994 420 2092 ruptio,
464 2016 553 2103 quae
574 2012 682 2086 caput
704 1990 869 2086 sequente
902 1989 1057 2087 periodo¹
1086 1991 1196 2088 magis
1224 1991 1371 2077 extulit:
1411 1993 1505 2071 sicut

279 2094 396 2190 prima
418 2086 573 2187 Epistola
595 2086 741 2182 Apocal.
777 2089 822 2163 ll.
856 2084 899 2159 ad
923 2088 1053 2183 Ephes.
1076 2086 1226 2183 scripta,
1258 2087 1317 2173 sed
1341 2090 1383 2162 ad
1405 2090 1505 2166 banc

281 2210 320 2268 et
337 2190 540 2282 sequentem
557 2181 925 2279 periodumEcclefiae
942 2183 1143 2259 universalis
1162 2207 1300 2280 quoque
1315 2184 1501 2280 spectans,

279 2285 430 2372 edocet,
449 2304 534 2361 ‚cum
559 2283 647 2354 haec
670 2277 786 2352 nostra
813 2277 914 2356 valde
939 2280 1098 2354 laudetur
1121 2279 1188 2353 hac
1211 2300 1334 2389 parte,
1358 2281 1418 2370 sed
1446 2283 1503 2358 se·

280 2403 411 2476 quens,
453 2396 613 2471 tanquam
643 2397 732 2472 quae
755 2398 776 2447 a
798 2376 977 2465 charitate,
1020 2376 1080 2449 seo
1104 2375 1248 2472 pietatrs
1279 2400 1322 2450 ac
1350 2376 1501 2456 virtutis

279 2475 416 2564 studio,
456 2472 549 2545 haud
573 2494 695 2568 parum
720 2469 927 2558 desciverit,
961 2469 1038 2544 vitu
1065 2490 1193 2546 eretur.
1243 2472 1429 2548 Protulilse
1453 2473 1502 2552 ad

280 2570 438 2648 nostrum
453 2567 589 2664 scopum
613 2564 792 2642 suffecerit
813 2566 976 2648 nonnulla
991 2589 1034 2638 en
1087 2566 1202 2652 ntiora
1216 2566 1406 2664 specimina
1427 2569 1506 2646 lau·

279 2666 402 2744 dabilis
434 2664 501 2738 hac
529 2680 632 2758 >parte
656 2659 759 2736 status
795 2660 969 2735 Ecclesiae
1000 2662 1225 2760 Apostolicae
1256 2664 1296 2747 in
1326 2666 1499 2748 medium.

282 2789 315 2841 1.
342 2760 466 2867 Quoad
481 2758 672 2837 veritatum
691 2757 906 2848 salutarium,
934 2777 972 2832 et
984 2757 1124 2843 uiarum
1140 2759 1233 2852 oei,
1261 2765 1498 2855 cognitionem,

279 2856 402 2952 negari
432 2855 575 2952 nequit,
611 2854 881 2946 ,comparatione
913 2852 1007 2927 inter
1038 2855 1222 2929 credentes
1245 2856 1348 2954 hujus
1379 2876 1417 2945 et
1440 2860 1498 2945 su·

278 2950 430 3054 perioris
451 2948 625 3047 temporis
660 2947 835 3038 instituta,
879 2948 1106 3051 Christianos!
1123 2951 1161 3024 in
1193 2955 1263 3026 luce
1292 2951 1365 3028 dici
1394 2954 1498 3051 posse

279 3051 456 3139 versatos,
492 3043 659 3142 opposue
692 3044 735 3120 ad
767 3052 916 3131 tenebras
950 3044 1235 3141 praecedentium
1270 3068 1496 3145 temporum,

280 3148 350 3249 Jes.
375 3146 437 3219 lX.
464 3143 653 3217 Habebunt
669 3145 845 3217 atilionem
871 3171 892 3222 a
908 3139 1042 3235 sanilo,
1067 3144 1405 3241 etvcognoscebant
1429 3171 1498 3223 om·

278 3272 338 3414 {ll
364 3239 556 3408 IAchhlIH.
572 3241 733 3408 Videlltiltl
745 3240 1397 3428 1mgCfgzlieozgizzyncggzlmfflss
1413 3242 1498 3417 {3121

282 3439 319 3515 in
333 3432 465 3528 speculo
491 3447 560 3501 ete.
589 3432 707 3500 2Cor.
733 3429 798 3500 lll.
845 3429 930 3500 Nec
955 3430 1100 3516 mirum,
1134 3454 1213 3517 cunr
1238 3364 1419 3527 praiclariq
1428 3457 1496 3531 per

278 3524 450 3604 Ecclesras
478 3521 611 3596 fuerint
635 3521 656 3594 s
674 3520 736 3598 arsa
759 3520 849 3612 viri,
874 3523 933 3617 qui
950 3522 1005 3598 sua
1023 3525 1100 3599 luce
1125 3549 1183 3599 eas
1204 3527 1433 3620 illustrarunt,
1457 3546 1500 3615 et

280 3618 443 3719 Apostoli
468 3641 628 3714 quoque,
654 3641 692 3689 tn
718 3615 838 3711 primis
862 3620 1004 3708 Paulus,
1041 3619 1219 3715 copiosas,
1243 3623 1350 3698 etiam
1375 3627 1496 3721 plures

283 3740 387 3819 quam
399 3715 583 3800 habemus,
602 3712 801 3806 scripserint
817 3714 859 3788 ad
876 3739 932 3788 eas
940 3715 1121 3812 Epistulas.
1146 3719 1255 3794 Sermo
1274 3745 1412 3817 quoque
1422 3719 1498 3797 Dei

279 3811 496 3896 abundanter
521 3808 640 3882 fideles
665 3808 818 3888 tenuerit
850 3832 1040 3908 occupatos
1071 3813 1144 3886 Col.
1171 3815 1236 3888 lll:
1267 3825 1322 3891 16.
1372 3816 1492 3922 Quare

280 3904 460 3995 Hebraei,
495 3901 532 3984 in
558 3902 658 4001 epist.
683 3905 778 3980 eirca
800 3906 907 3980 linem
936 3909 1074 4004 periodi
1101 3910 1296 4005 scriptaad
1321 3936 1382 3985 eos
1413 3937 1494 4008 cap.¹

280 4011 334 4091 V:
365 4025 442 4088 ra,
467 4000 648 4095 speciatim
674 4004 877 4098 culpantur,
904 4007 998 4100 quod
1023 4006 1060 4078 iu
1078 4003 1332 4082 sublimioribus
1356 4011 1495 4104 praeei-

308 4127 352 4181 ue
375 4095 543 4169 doetrinis
568 4097 701 4171 suerint
725 4099 903 4188 rudiorea;
932 4101 1067 4174 Galatas
1085 4099 1230 4176 miratur
1252 4106 1395 4192 Paulus,
1421 4104 1495 4178 sese

214 4221 216 4225 ’
280 4225 346 4303 per
369 4192 468 4282 lassor
491 4191 653 4299 doctores
677 4212 746 4274 tatu
770 4194 844 4266 cito
861 4193 972 4290 pallos
989 4194 1088 4268 suilse
1110 4199 1222 4294 abripi
1240 4202 1280 4273 ad
1304 4199 1391 4295 legis
1412 4204 1496 4275 cuni

281 4287 464 4388 euangelio
491 4307 699 4370 mixturam,
734 4289 808 4362 Gal.
836 4293 863 4363 l:
892 4298 925 4363 6.
957 4314 1036 4364 cum
1061 4296 1184 4367 melius
1211 4295 1321 4370 essent
1344 4293 1497 4383 instruc·

281 4396 324 4476 ti,
371 4384 443 4468 sed
467 4408 500 4461 2.
519 4384 602 4484 fidel
622 4381 803 4482 respectu,
835 4385 1033 4499 certitudo,
1063 4389 1240 4483 firmitas,
1257 4415 1345 4480 cum
1367 4390 1430 4564 {ple
1448 4411 1501 4509 ¹et

303 4524 307 4529 ·
1421 4511 1499 4573 ueta
