3609 5500
280 983 334 1058 νο
682 968 982 1072 Historia··Ecclt{l,
1010 969 1126 1069 Clrrisl.

288 1153 385 1234 inter
409 1171 471 1224 eos
489 1150 646 1242 medius,
674 1174 760 1249 quae
786 1152 823 1226 in
842 1153 1037 1232 summitate
1055 1151 1194 1226 titulum
1211 1143 1390 1234 criminis,
1413 1165 1510 1222 mor*

287 1250 335 1334 tis
359 1247 499 1336 causae,
532 1247 704 1338 habebat,
728 1247 805 1328 Rea·
826 1249 985 1345 Israelis,
1011 1247 1123 1322 tribur
1143 1266 1228 1318 tunc
1247 1243 1341 1317 notis
1358 1243 1511 1338 linguis,

285 1363 326 1430 ut
361 1345 403 1426 ab
445 1343 606 1420 omnibus
637 1345 708 1439 legi
736 1346 914 1440 potuerit,
951 1344 1091 1441 Judaeis
1124 1339 1249 1420 frustra
1281 1343 1509 1434 petentibus,

286 1458 348 1526 ut,
375 1438 479 1511 titulo
506 1458 663 1529 mutato,
688 1442 886 1538 legeretur,
920 1466 979 1516 rer
1004 1441 1140 1535 Israelis
1168 1436 1206 1516 in
1229 1435 1399 1533 opinione.
1426 1457 1510 1530 pro·
1547 1512 1549 1517 ,

89 1575 92 1582 ·
160 1604 167 1615 ,
286 1534 374 1635 pria.
422 1534 641 1608 Pendenrin
667 1557 793 1625 cruce,
819 1535 1052 1627 vestessuat,
1079 1555 1292 1631 promere,
1322 1529 1416 1604 inter
1442 1529 1509 1604 mi·

288 1630 417 1720 nistros
439 1628 596 1725 justitiae
613 1631 705 1704 vidit
726 1633 821 1707 sorte
837 1630 1057 1721 distributas,
1085 1630 1172 1704 sreut
1189 1629 1246 1704 Pl.¹
1265 1626 1383 1700 XXII.
1408 1649 1511 1723 prater

287 1726 420 1812 dicium
445 1746 540 1815 erat,
566 1745 713 1800 matrem
743 1726 994 1823 intempestive
1017 1725 1208 1802 adstantem
1233 1722 1386 1818 Johanni
1410 1746 1511 1795 com·

286 1819 493 1912 mendanit,
518 1821 601 1896 inde
619 1841 837 1919 quantocyus
853 1822 1108 1911 abducendam,
1134 1840 1171 1893 et
1197 1816 1406 1907 curandam,
1430 1817 1510 1894 hos·

286 1918 380 1996 tium
397 1918 512 2000 omnir
534 1919 694 2013 generis,
722 1923 843 1992 turbae
869 1918 1024 2004 mixtae,
1049 1916 1278 1994 sacerdotum
1302 1936 1343 1985 ac
1371 1914 1510 1988 Scriba-

288 2040 391 2104 rum,
428 2012 582 2094 militum
609 2011 782 2109 denique,
824 2013 989 2094 etunius
1019 2016 1213 2098 latronum,
1252 2008 1294 2082 ad
1320 2010 1430 2084 latera
1453 2008 1513 2092 sua

289 2109 544 2209 pendentium,
568 2106 712 2215 insultus
737 2127 774 2181 et
798 2112 925 2186 acerba
952 2106 1139 2196 convicia,
1163 2105 1288 2204 quibui
1310 2103 1414 2199 iplius
1429 2105 1511 2203 dig·

289 2204 393 2294 nitati
419 2227 462 2282 ae
477 2225 637 2292 munera,
661 2222 701 2277 er
718 2205 888 2280 relationi,
901 2204 945 2286 ad
962 2206 1103 2295 Deum,
1129 2199 1334 2290 illuserunt,
1351 2198 1510 2292 audivit,

288 2302 350 2388 sed
375 2301 484 2382 tacite
509 2322 553 2374 ac
577 2296 756 2388 modeste,
795 2298 886 2376 nihil
913 2323 1111 2397 reponens,
1148 2298 1234 2396 quin
1259 2319 1326 2400 pro
1351 2287 1515 2374 hostibus

286 2397 356 2475 suia
383 2394 474 2493 apud
499 2395 617 2486 Detun
640 2393 754 2476 adhuc
780 2393 1023 2488 intercedent,
1065 2395 1242 2483 dicendo,
1281 2395 1408 2466 remltrt
1432 2392 1516 2489 ipſsa

288 2498 411 2584 Pater,
439 2489 582 2587 nesciunt
609 2494 693 2572 enirn
712 2491 788 2586 quid
802 2488 943 2584 sociant
967 2493 1054 2570 Luc.
1077 2492 1212 2568 xxrn.
1237 2489 1273 2562 h.
1297 2512 1330 2562 e.
1353 2509 1400 2559 ne
1423 2511 1513 2572 mox

287 2590 434 2687 puniar,
459 2586 519 2668 sed
544 2588 661 2670 locum
687 2586 947 2681 resipiscentiae
972 2587 1130 2665 concede
1156 2609 1198 2662 ac
1222 2604 1380 2678 tempus,
1404 2582 1508 2679 igno·

287 2703 366 2770 rant
384 2681 500 2772 euim,
521 2682 597 2777 quia
614 2680 768 2779 qualisve
784 2682 867 2774 srm,
892 2684 950 2765 rel
965 2684 1009 2761 ad
1034 2682 1092 2772 id,
1118 2680 1382 2780 quadrariam,
1408 2701 1511 2755 men·

288 2804 363 2867 tem
387 2801 462 2859 nort
485 2779 692 2866 advertunt,
733 2776 927 2859 adfeblibur
950 2777 1091 2860 sinistris
1119 2796 1161 2855 ct
1188 2772 1415 2873 praeJudiciis
1439 2774 1511 2859 fas·

287 2874 417 2965 cinari,
457 2891 494 2955 et
518 2871 719 2953 oecoecati,
767 2874 866 2955 unm
899 2897 1042 2983 qaoque
1070 2874 1307 2971 marmarum,
1348 2868 1516 2955 tradente

285 2976 376 3055 Luc.
403 2970 537 3054 xxm:
575 2990 630 3062 39.
666 2968 748 3058 seu,
787 2967 1058 3065 neonioeturae
1084 2971 1188 3047 locus¹
1214 2969 1335 3058 detur,
1368 2968 1510 3064 praecia

283 3089 437 3168 purarum
453 3066 645 3155 barrabae,
671 3063 730 3158 qui
755 3061 793 3145 in
821 3065 995 3149 seditione
1012 3064 1245 3145 homicidium
1260 3062 1509 3156 commiserat,

282 3164 487 3252 sociorum,
519 3161 629 3258 Judae
656 3161 803 3239 Galilaei
827 3162 1045 3261 sequacium,
1079 3186 1120 3236 ac
1145 3163 1405 3250 Rornanorum,
1428 3177 1511 3235 tan·

286 3287 391 3360 quam
416 3257 588 3334 libertatis
611 3258 833 3357 Judacorum,
847 3259 1108 3354 oppress’orum‚
1134 3256 1308 3347 hostium,
1332 3254 1390 3351 qui
1408 3253 1508 3329 forte

310 3357 437 3442 dura,
478 3371 643 3444 tanquam
677 3351 902 3435 liberatorem
942 3354 1065 3447 populi
1105 3351 1426 3437 confidemverant3
1468 3368 1513 3425 et

285 3452 430 3546 malefici
462 3446 706 3540 adgrediatur,
750 3444 837 3527 ficut
869 3446 944 3542 ipse
976 3445 1131 3525 Christus
1163 3471 1183 3521 a
1214 3447 1352 3619 {ludaeis
1385 3468 1511 3531 coram

283 3546 399 3623 Pilato
422 3541 575 3639 primum
607 3541 786 3622 accusatur
812 3539 864 3616 est
887 3542 1015 3621 eodem
1041 3542 1146 3618 titulo
1170 3544 1214 3640 Jo
1243 3603 1252 3619 .
1277 3544 1417 3622 xvln:
1445 3567 1510 3639 30.

281 3639 376 3815 {aaa
416 3636 544 3710 referri
576 3632 715 3730 potest,
760 3637 853 3732 quod
886 3641 975 3712 alter
1002 3640 1179 3713 maleficus
1219 3638 1371 3730 dixerit,
1410 3636 1508 3715 Luc.·

321 3735 421 3813 x111:
450 3755 505 3828 39.
525 3729 562 3823 st
583 3750 619 3804 ru
644 3731 793 3826 Cluilias
818 3757 872 3823 er,
907 3735 1043 3843 qualern
1068 3736 1135 3809 exs
1153 3735 1322 3826 edamus,
1345 3732 1449 3832 serra
1473 3756 1510 3810 rr

280 3832 390 3931 ipsum
412 3845 445 3907 rr
469 3853 550 3916 nas,
576 3827 733 3918 scilicet,
768 3828 827 3925 qui
853 3830 926 3902 Tur
955 3831 1052 3905 causa
1077 3831 1111 3904 se
1134 3831 1285 3907 itionem
1308 3826 1508 3928 movimus)

280 3953 383 4009 unua.
404 3927 545 4020 inquam
581 3948 722 4013 eorum,
768 3925 805 3999 in
838 3949 979 4002 carcere
1019 3926 1189 4003 divinitus
1220 3928 1423 4017 illustratus,
1466 3943 1518 4009 et·

280 4022 470 4111 Christum·
487 4043 554 4128 pro
585 4020 654 4099 alio
678 4043 775 4105 nunc
810 4022 941 4098 habens
972 4025 1167 4111 servatore,
1207 4024 1266 4100 seu
1289 4023 1391 4120 regni
1420 4045 1507 4098 coe·

282 4117 378 4203 lestis
397 4114 605 4224 conditore,
631 4118 773 4214 ejusque
795 4141 880 4215 rege
902 4139 941 4195 et
961 4119 1083 4216 judice
1102 4119 1243 4208 futuro,
1268 4121 1403 4197 socium
1422 4142 1505 4199 cor·

281 4214 413 4313 ripuit,
438 4208 697 4301 etclrrrstum,
722 4214 759 4297 in
782 4237 888 4289 cruce
912 4214 1146 4312 pendentem,
1172 4214 1210 4291 in
1235 4217 1305 4293 fide
1329 4214 1509 4312 agnovit,

280 4337 362 4400 eum
387 4325 568 4418 precatur,
601 4309 714 4420 ursui
741 4331 880 4390 mernor
906 4312 1011 4399 effer,
1049 4336 1122 4387 cam
1148 4318 1181 4386 r'n
1210 4313 1385 4407 regnasua
1409 4336 1511 4387 rene-

113 4500 118 4508 ,
235 4461 239 4467 -
276 4415 345 4513 rit,
370 4408 410 4497 h.
432 4430 466 4497 e,
486 4427 587 4505 tegra
600 4426 673 4504 rem
696 4404 876 4504 maiestate
895 4406 1046 4497 ventu
1066 4411 1209 4495 venerit
1226 4409 1268 4487 ad
1285 4406 1513 4590 majestffir
