3609 5500
275 916 349 994 628
416 1019 421 1030 ι
666 915 815 1019 Hssoria
836 915 967 1018 Eresos.
993 912 1111 1019 (Irrtfl.

285 1093 472 1186 seriorem,
512 1111 551 1170 et
576 1120 595 1170 a
619 1096 722 1171 Patre
746 1097 953 1173 substantiae
986 1097 1125 1173 tatione
1147 1093 1374 1172 distinetum:
1405 1118 1497 1196 quam

285 1190 544 1266 distindiionem
572 1193 716 1267 sortiter
741 1194 925 1290 expreffit,
950 1194 1008 1269 sed
1025 1194 1212 1268 commode
1234 1216 1278 1278 ex
1310 1193 1370 1266 oni
1388 1193 1494 1270 debet.

285 1287 345 1362 Sic
370 1312 402 1363 c.
429 1312 485 1384 31.
511 1309 666 1361 mentem
692 1289 844 1363 dilucide
863 1288 1047 1386 exposuit,
1075 1288 1200 1363 silium
1233 1217 1371 1362 sedicet
1396 1291 1498 1387 origi·

263 1425 266 1430 ·
286 1383 342 1457 nis
364 1385 524 1480 respersu
548 1385 616 1458 esse
643 1386 744 1457 Patre
766 1387 968 1479 posteriorem
996 1402 1028 1458 et
1048 1383 1231 1480 irfferiorem
1241 1410 1255 1472 ,·
1281 1408 1353 1457 cum
1373 1409 1415 1457 ex
1437 1386 1498 1458 Pa·

284 1496 359 1569 tre,
383 1484 457 1576 qut'u
474 1482 591 1569 rqut't,
612 1479 743 1552 scilicet
763 1484 986 1571 naturrIitet,
1006 1497 1103 1553 natus
1119 1478 1183 1570 fit,
1200 1478 1497 1576 namsernpersat't.

286 1576 388 1652 Duos
414 1600 499 1671 ergo
533 1579 629 1649 Deos
654 1580 781 1648 innatos
811 1597 936 1671 negat,
969 1595 1006 1648 et
1030 1600 1075 1648 eo
1100 1575 1196 1649 sensu
1219 1575 1393 1669 aequales,
1418 1577 1496 1650 duo·

292 1747 295 1754 ,
314 1696 356 1744 ue
371 1675 534 1768 principia
559 1669 721 1743 absoluta.
771 1672 898 1759 Unde,
925 1692 1021 1743 unum
1036 1693 1178 1746 manere
1197 1670 1341 1759 Deum,
1367 1672 1498 1745 conclu·

288 1694 367 1856 dit,
401 1787 568 1863 quatenus
591 1791 613 1838 a
625 1765 696 1863 solo
717 1765 794 1837 Deo*
811 1767 912 1842 Patre
943 1770 992 1840 ris
1016 1767 1199 1841 dirt‘nt'tatr's
1227 1763 1366 1860 emiffa,
1406 1771 1493 1840 etiam

181 1889 187 1903 ’
286 1868 321 1937 in
343 1864 458 1935 Frlium
474 1864 619 1952 tradita,
642 1880 672 1935 et
691 1865 809 1935 diresin
822 1881 881 1956 per
889 1861 1116 1960 substantiae,
1135 1865 1193 1939 seu
1210 1860 1401 1952 essentiae,
1425 1888 1494 1938 con·

289 1962 488 2048 munionem,
515 1958 625 2056 rursus
641 1962 685 2031 ad
701 1959 832 2031 Putrem
847 1960 1027 2033 revolvitur.
1052 1959 1111 2033 Sic
1127 1958 1221 2031 enim
1240 1958 1363 2047 Iocus,
1381 1957 1497 2055 inquo

293 2056 383 2129 ordo
407 2060 595 2128 verborum
620 2072 695 2126 etat
728 2058 904 2143 turbatus,
931 2053 1097 2150 legendus
1122 2050 1193 2144 est,
1228 2052 1385 2127 sivoces
1409 2052 1498 2144 illae,

285 2169 346 2246 par
361 2149 567 2246 substantiae
593 2151 856 2237 communionem,
891 2148 957 2221 stnt
979 2148 1178 2223 servandae.
1230 2146 1498 2243 Subiunxit‘de·

289 2244 414 2338 nique,
441 2246 572 2316 Patrem
596 2240 657 2336 effe
682 2246 818 2317 omnium
845 2246 952 2317 Deum
975 2259 1006 2314 et
1030 2246 1240 2338 principium,
1267 2265 1387 2340 quoque
1409 2242 1500 2338 ipfitts

289 2340 367 2414 nu
386 2338 466 2509 fg,
491 2360 580 2434 quem
603 2337 776 2411 Dominum
797 2342 939 2434 gannim
963 2337 1079 2413 sisium
1104 2358 1210 2415 autem
1229 2356 1428 2416 caeterorum
1441 2364 1508 2420 ote·¹

286 2441 378 2511 nium
443 2457 524 2509 rum.
1041 2473 1043 2477 ν

288 2601 298 2624 ,
339 2532 371 2630 s.
397 2533 571 2606 XXVIII.
602 2533 658 2603 De
679 2528 921 2626 sarissadr'one,
954 2547 986 2604 et
1005 2534 1117 2627 gratia
1135 2527 1368 2628 justificante,
1398 2528 1499 2604 altero

216 2653 219 2658 ·
291 2625 544 2703 Christianismi
571 2626 736 2718 dogmate
763 2626 880 2721 magni
907 2626 1101 2716 momenti,
1135 2627 1218 2724 quid
1234 2626 1418 2702 senserunt
1437 2624 1498 2698 hoe

289 2729 384 2815 deo,
401 2722 462 2795 vix
473 2718 633 2794 distinere
652 2738 689 2795 et
697 2741 859 2795 accurate
875 2721 1016 2796 definiti
1031 2721 1166 2819 potest,
1183 2744 1264 2797 cum
1282 2718 1501 2820 generaliori-

290 2823 356 2898 bus
373 2816 424 2893 uti
442 2816 573 2890 soleant
589 2815 784 2925 phrasibus,
811 2815 863 2890 uti
881 2837 1006 2891 antea:
1023 2818 1112 2891 adeo
1127 2838 1186 2906 ut,
1210 2817 1312 2915 hujus
1328 2816 1500 2892 dostrime

292 2913 472 3012 respeotu,
513 2933 568 2984 res
591 2935 629 2985 tn
653 2911 779 2984 eodem
805 2911 969 2986 manserit
994 2911 1093 2987 statu.
1141 2915 1283 2987 Praeter
1308 2914 1499 3011 Origenetn

294 3031 332 3088 et
369 3007 583 3110 cyprianum
614 3005 677 3081 vix
712 3007 860 3102 asiquem
891 3010 1027 3083 laudare
1058 3003 1217 3116 poIIum,
1257 3007 1319 3105 qui
1355 3027 1500 3084 mentem

291 3108 386 3186 suam
412 3132 455 3182 ex
483 3102 592 3180 licuit.
642 3105 700 3177 De
726 3103 892 3200 Origenis
918 3104 1089 3179 sententia
1114 3103 1256 3199 quidem
1292 3102 1504 3202 disputatur,

291 3231 377 3282 eum
404 3203 465 3278 srbr
482 3201 597 3275 minus
612 3197 770 3272 videatur
786 3197 966 3290 constare,
990 3198 1049 3272 sed
1066 3222 1138 3272 non
1155 3197 1279 3272 desunt
1297 3199 1397 3292 loca,
1420 3223 1502 3298 quae

294 3299 425 3376 Christi
442 3294 667 3371 satiffadioni
686 3293 921 3368 testimonium
938 3297 1119 3391 praebent
1146 3295 1198 3367 III.
1227 3295 1377 3370 Grotius
1394 3296 1434 3372 in
1450 3296 1503 3371 ad-

294 3395 448 3493 pendice
474 3390 553 3463 Iibri
577 3389 622 3460 de
647 3388 712 3459 hac
738 3390 883 3462 materia
912 3391 1076 3464 nonnulla
1096 3391 1166 3486 jam
1191 3388 1340 3480 citavit,
1380 3392 1431 3466 ibi
1462 3393 1504 3466 Ie·

295 3481 516 3583 genda,'sed
549 3481 639 3554 addo
664 3483 768 3578 longe
793 3482 1001 3558 luculentius
1026 3482 1122 3559 elib.
1148 3484 1261 3578 V.,in
1278 3486 1346 3581 Ep.
1372 3488 1417 3563 ad
1434 3489 1504 3562 Ro·

296 3601 390 3655 man.
414 3576 474 3649 fin.
498 3574 552 3645 his
575 3575 711 3646 verbis:
744 3589 871 3648 tantam
898 3578 957 3672 effe
982 3581 1047 3651 rim
1074 3584 1177 3657 tracis
1202 3579 1339 3676 Christi,
1372 3603 1406 3657 er
1432 3608 1506 3659 mur·

295 3680 343 3755 tis
370 3674 486 3769 Irujus,
512 3688 607 3762 qaam
632 3672 665 3740 in
680 3668 864 3761 seculorum
873 3671 944 3766 fine
951 3672 1095 3769 suscepit
1107 3731 1118 3765 ,
1150 3674 1284 3771 inquit,
1308 3678 1506 3775 adserimus,

296 3790 334 3848 ur
359 3773 403 3844 ud
416 3766 596 3866 sanitatem
620 3782 652 3838 er
674 3766 843 3840 remedium
870 3792 930 3840 non
955 3783 1081 3843 tantum
1101 3771 1282 3868 praesentis
1315 3789 1349 3845 et
1373 3775 1510 3869 fleturi,

289 3871 352 3972 ped
379 3872 478 3939 etium
499 3867 745 3958 praeteritorum
759 3862 960 3958 seculorum,
1000 3882 1032 3936 et
1056 3890 1116 3938 non
1138 3865 1244 3963 solum
1266 3868 1407 3944 stantano
1423 3874 1511 3949 -Iruic

294 3962 399 4060 nostro
425 3962 549 4049 ordini,
571 3958 634 4055 sed
659 3964 756 4033 etiam
772 3960 955 4056 coelestibus
970 3966 1164 4051 uirtutibus,
1196 3964 1418 4061 ordinibusque
1433 3967 1508 4066 suf-

292 4064 392 4159 ficiat
416 4075 485 4128 etc.
523 4054 604 4147 Qui
630 4056 727 4126 Iocus
752 4074 789 4125 et
812 4078 856 4129 eo
883 4058 1027 4130 nomine
1051 4056 1102 4129 est
1117 4057 1421 4137 animadverstone
1436 4065 1509 4164 dig·

292 4153 479 4251 piffimus,
528 4146 621 4241 quod
667 4171 784 4219 veram
825 4152 898 4246 ejus
942 4151 1147 4248 opinionem
1189 4156 1233 4228 de
1275 4157 1511 4238 crucifixione

235 4257 238 4261 ’
291 4243 454 4332 christi,
490 4239 527 4312 in
555 4242 694 4313 salutem
721 4244 956 4412 Anfelorum,
996 4264 1034 4318 et
1060 4245 1227 4323 astrorum
1250 4251 1506 4348 animatorum,

288 4344 333 4429 m
350 4360 528 4425 aeternum
544 4336 758 4433 repetenda,
798 4340 853 4419 uci
877 4359 1044 4442 exponat.
1084 4345 1192 4440 Sunt,
1222 4344 1304 4444 qui,
1332 4350 1508 4429 Christum

1431 4448 1511 4545 post
