3609 5500
644 687 964 811 .J'Seaul.lll.‘
1195 654 1198 658 >
1326 691 1465 803 ,7‘81‘

95 907 116 954 ·:
225 875 300 969 lae,
333 877 524 957 recensitae
546 880 583 957 iu
611 877 776 956 Biblioth.
803 880 1012 957 rationalia.
1041 881 1145 974 1746.
1189 878 1278 956 Silet
1312 903 1455 981 quoque
1568 915 1572 920 ·

96 1009 112 1053 ;
230 975 275 1056 de
302 999 347 1050 eo
370 976 451 1051 casu
473 979 653 1066 Lustrat,
693 997 731 1051 et
756 981 974 1054 occasionem
999 977 1094 1050 forte
1116 979 1291 1072 ‘praebere
1331 979 1456 1077 potuit*

89 1108 107 1150 :2
231 1070 385 1153 narratio
409 1075 453 1148 de
474 1075 664 1165 Mauricio,
696 1074 835 1150 trihuno
852 1075 1024 1162 militum,
1043 1092 1082 1146 et
1107 1095 1154 1165 70
1177 1073 1338 1172 militibus
1356 1077 1457 1173 Apa-¹

89 1207 110 1250 ,,-
233 1191 330 1242 meae
355 1171 513 1265 insyria
539 1195 558 1246 a
583 1169 807 1246 Maximiano
832 1172 930 1248 causa
952 1170 1137 1266 religionis
1167 1170 1302 1246 occisis.
1343 1205 1346 1208 ’

282 1265 314 1363 s.
340 1265 498 1342 CLXXI.
534 1267 680 1342 Galliam
705 1289 777 1340 non
802 1287 957 1356 tantum,
1000 1266 1061 1338 sed
1095 1282 1133 1337 et
1164 1265 1379 1342 Britanniam
1409 1287 1453 1339 ac
1559 1321 1562 1325 >
1625 1267 1633 1276 '

234 1362 441 1458 Hispaniam
468 1362 569 1438 fuisse
595 1388 615 1437 a
640 1363 881 1460 persecutione
901 1364 1067 1452 liberam,
1108 1381 1154 1432 ex
1177 1385 1223 1434 eo
1244 1364 1319 1460 J'am
1342 1363 1450 1436 colle·

235 1459 289 1554 git
314 1459 518 1550 llodwell.,
560 1461 638 1553 quod
676 1463 791 1534 cunda
830 1477 924 1533 trans
961 1459 1062 1551 Alpes
1103 1454 1288 1554 Constantio
1326 1459 1452 1532 credita
1494 1529 1499 1535 .

89 1603 91 1644 ;
235 1559 330 1628 dicat
366 1555 496 1630 vietor
527 1554 680 1630 Senotti.
724 1555 898 1630 Adserunt
930 1553 1069 1650 quidem
1105 1552 1269 1630 Ruinart.
1304 1573 1340 1626 et
1364 1553 1449 1649 Pagi

89 1739 91 1744 Ι
237 1651 442 1746 Hispaniam
469 1652 667 1737 Herculeo,
707 1649 777 1722 fide
803 1651 872 1726 loci
900 1650 996 1724 Late.
1022 1666 1126 1721 mort.
1153 1649 1243 1726 Pers.
1269 1657 1361 1728 c:18.
1390 1647 1450 1723 ubi

89 1829 105 1842 ,,
237 1751 282 1820 de
297 1746 370 1841 ipso
388 1747 554 1836 traditur,
579 1747 853 1842 subjacerentque
880 1742 951 1844 (ei)
977 1740 1226 1839 opulerrriffimae
1244 1750 1451 1842 prorr'rrtiae,¹⁴
1533 1789 1537 1796 -

89 1896 95 1904 -
234 1845 286 1918 rel
310 1843 454 1937 Africa,
478 1844 530 1916 uel
550 1841 733 1935 Hispania:
759 1842 839 1930 sed,
897 1845 957 1914 uin
979 1841 1086 1914 lessio
1103 1843 1144 1913 lit
1161 1841 1307 1932 vitiata,
1333 1862 1370 1915 et
1386 1865 1450 1914 voe
1520 1853 1524 1859 '

89 1933 92 1940 ’
237 1962 317 2028 ces,
341 1941 393 2014 uel
415 1938 539 2032 Afrim
558 1942 608 2014 uel
623 1939 806 2033 Hispania,
832 1961 851 2010 a
873 1867 1005 2025 iciolo,
1029 1940 1090 2033 qui
1112 1935 1238 2010 dubius
1262 1938 1451 2026 haerebat,

238 2059 323 2122 pum
348 2034 468 2108 Africa
493 2058 536 2107 an
564 2033 735 2130 Hispania
765 2034 806 2106 srt
832 2032 1078 2126 intelligenda,
1120 2035 1271 2128 primum
1303 2033 1453 2132 margini

89 2223 97 2234 ¹
136 2155 138 2158 ·
236 2129 395 2220 additae,
427 2129 510 2204 dein
527 2131 564 2204 in
583 2150 718 2204 textum
738 2128 910 2219 intrusae,
937 2128 1023 2217 sint,
1048 2129 1212 2225 equidem
1229 2132 1340 2206 utullus
1354 2130 1453 2204 dubi·

239 2227 411 2314 taverim,
437 2249 515 2300 cum
531 2249 639 2300 voces
656 2224 734 2299 illae
753 2223 815 2297 hic
836 2225 954 2298 locum
980 2245 1052 2295 non
1075 2224 1276 2322 reperiant,
1316 2247 1353 2299 et
1378 2227 1454 2299 Au'·

91 2322 98 2332 '
162 2421 165 2428 Ι
238 2326 301 2398 rel.
328 2321 427 2397 viat.
453 2322 581 2396 diserte
606 2320 718 2411 dicat,
758 2325 894 2410 cunia,
934 2344 1014 2414 quae
1039 2336 1132 2394 trans
1162 2321 1261 2414 Asper
1297 2325 1455 2413 Galliae,

229 2416 314 2516 suar
339 2417 521 2512 Constantio
549 2416 732 2512 cmnmr'ffa,
755 2415 878 2511 Africa
904 2418 1069 2510 Italiaque
1085 2419 1253 2491 Herculeo.
1304 2420 1453 2514 Ingens,

240 2515 334 2612 quod
359 2514 527 2600 observo,
551 2513 649 2588 addit
664 2531 882 2586 momentum
901 2514 1085 2586 Sozomen.
1111 2515 1162 2587 H.
1188 2515 1217 2586 1:
1244 2518 1277 2588 6.
1303 2514 1358 2586 his
1375 2539 1455 2587 ver·

110 2689 122 2696 ,
240 2613 311 2690 bis:
346 2613 494 2706 quamdiu
503 2607 757 2706 superstesfuir
781 2608 1005 2701 Constantius,
1031 2611 1094 2698 iis,
1127 2611 1180 2704 qui
1204 2609 1293 2683 ultra
1318 2611 1455 2683 Italiam

239 2711 454 2795 habitabunt,
475 2707 589 2782 ,Gallis
613 2705 767 2794 scilicet,
793 2706 984 2795 Britannis,
1010 2722 1042 2778 el
1064 2707 1118 2800 qui
1144 2707 1230 2779 circa
1254 2705 1456 2803 Pyrenaeum

239 2821 378 2881 montena
399 2803 494 2899 usque
517 2806 562 2876 ad
600 2800 849 2877 Occidentalem
875 2804 1039 2875 Oceanum
1072 2803 1233 2892 incolunt,
1273 2807 1377 2895 permi
1404 2827 1459 2879 ura

230 2904 307 3001 fuir
338 2898 555 2995 Christianam
579 2900 761 2995 religionem
783 2898 941 2993 profiteri.
994 2902 1083 2972 Cum
1106 2922 1195 2972 vero
1219 2898 1350 2973 Gallias
1379 2918 1456 2974 tan·

240 3020 317 3073 tum
342 2995 498 3092 excipiat
512 2994 731 3084 Laclantius,
746 3012 793 3069 :et
811 2992 981 3067 Eusebius
1001 2995 1046 3067 de
1063 3014 1162 3070 mart.
1182 2994 1321 3070 Palaeil.
1338 3018 1370 3071 c.
1397 3010 1455 3091 13'.

234 3096 302 3172 fin.
334 3091 561 3188 Hispaniam,
579 3091 851 3180 Mauritaniam,
870 3108 909 3163 et
926 3090 1112 3179 Africam,
1131 3092 1458 3189 praeterGalliam,

242 3188 368 3289 primis
392 3188 649 3283 persecutionis
665 3185 765 3261 annis
782 3186 917 3259 duobus
934 3187 1025 3260 bello
1048 3186 1119 3259 hoc
1142 3184 1246 3260 fuisse
1271 3208 1459 3279 vexatam,
1527 3263 1532 3273 ,
1658 3200 1667 3229 l

236 3285 414 3379 deinceps
440 3305 526 3379 pace
560 3281 732 3379 gavisam,
772 3282 904 3372 tradat,
944 3305 1002 3356 eas
1035 3281 1238 3379 provincias
1272 3286 1316 3358 ab
1359 3287 1460 3361 omni

241 3379 493 3482 persecutione
525 3401 599 3453 non
637 3379 741 3453 ausim
781 3376 1018 3473 pronunciare
1051 3378 1191 3452 liberas.
1240 3380 1296 3452 Brr
1335 3382 1461 3475 quibus

238 3476 379 3577 -pariter
404 3474 589 3566 elucescit,
622 3475 744 3572 quanti
770 3474 812 3550 sit
834 3472 1083 3548 historicorum
1107 3475 1355 3547 Britannorum
1380 3499 1459 3549 nar·

240 3575 338 3648 ratio
362 3571 542 3659 habenda,
573 3592 671 3666 quae
703 3572 828 3658 habet,
871 3568 1081 3663 religionem
1114 3566 1339 3642 Christianam
1374 3578 1459 3648 tunc

238 3670 319 3743 iere
344 3665 380 3743 in
407 3665 584 3742 Britannia
608 3662 710 3739 fuisse
736 3660 964 3748 exstinslam3
1000 3684 1090 3758 quae
1106 3682 1289 3755 praeterea
1316 3667 1359 3738 ab
1385 3680 1459 3743 uno

247 3764 371 3839 Gildae
405 3766 486 3839 loco
514 3761 690 3851 manavit,
728 3760 885 3855 adeoque
903 3756 1016 3832 solido
1039 3756 1205 3833 destituta
1226 3758 1461 3839 fundamento

244 3856 797 3954 Vid.·Uffe1-.Antiq.ssritann.
862 3876 868 3883 ·
1150 3859 1154 3869 '

238 4004 245 4013 ·
295 3955 327 4055 s.
353 3958 532 4031 CLXXII.
565 3954 726 4051 Reliquis
759 3952 797 4027 in
830 3954 926 4029 orbis
956 3950 1114 4028 Romani
1139 3952 1302 4066 partibus
1331 3956 1464 4033 acerri-

234 4074 340 4125 mam
364 4051 522 4129 saeviisse
543 4050 829 4147 persecutionem
852 4074 897 4127 ex
922 4050 1031 4125 modo
1061 4046 1167 4126 diliis
1199 4050 1286 4127 licet
1321 4069 1463 4130 certum

235 4145 428 4245 uideatur,
467 4148 670 4229 Doduellus
701 4168 821 4229 tamen
847 4146 1055 4244 contendit,
1089 4170 1168 4233 cum
1191 4146 1233 4229 in
1254 4145 1466 4229 Maximiani

231 4298 235 4308 ,
314 4276 320 4291 ·
792 4242 962 4347 sfsfs3
1297 4243 1470 4346 Herculei
