3609 5500
1083 773 1093 791 ι

1176 803 1183 829 i

306 951 386 1052 ,rs
706 942 1009 1046 asportantur
1033 945 1151 1049 oasa.

304 1125 531 1205 commercio
562 1124 780 1223 reisquorum
813 1128 999 1204 hominum
1039 1128 1257 1207 abstinerent
1286 1129 1406 1230 pnffim
1435 1134 1467 1212 b.
1487 1133 1535 1214 itt

307 1227 432 1303 secie
463 1220 625 1320 publicos
654 1221 811 1297 vitarent
849 1245 888 1299 et
920 1228 1126 1323 spernerent
1148 1248 1369 1322 conventus,
1412 1233 1464 1306 nti
1490 1232 1533 1310 in

307 1252 540 1491 tglelbtzculils,
583 1317 667 1495 ludgs
699 1319 1117 1492 inhonorgnkrscnesatis
1146 1321 1316 1492 ifistitutis
1339 1345 1377 1400 et
1434 1351 1530 1498 dier·

306 1438 385 1493 tu.
470 1437 581 1491 o.c.
729 1438 761 1491 2.
807 1444 840 1492 c.
902 1440 956 1491 rt
1012 1444 1035 1491 u
1083 1442 1129 1492 ue
1196 1442 1433 1496 omanoexct
1473 1448 1533 1500 um

258 1557 262 1565 ·
306 1442 564 1589 'denunciarent
585 1438 755 1603 fiorini,
784 1511 868 1588 dunt
892 1441 1082 1588 Romgngff
1098 1511 1267 1590 dixerunt
1293 1514 1435 1594 cbristo
1460 1520 1531 1608 effe

309 1607 564 1707 subjiciendos,
605 1607 663 1680 vel
697 1607 815 1682 finem·
843 1606 971 1682 instate
1004 1610 1160 1701 Mundi,
1202 1610 1304 1687 Tett.
1339 1613 1457 1696 ib.·c.¹
1473 1637 1531 1712 32.

305 1706 455 1784 Lucian.
481 1703 518 1776 in
542 1702 678 1800 Philop.
703 1724 742 1778 et
762 1704 855 1780 Min.
878 1704 953 1780 Fet.
977 1704 1159 1781 inOtiav.
1211 1708 1243 1780 d.
1270 1707 1420 1784 Fauiofi
1440 1735 1531 1809 quo·

305 1826 378 1899 que
401 1800 535 1874 fuerint
562 1798 696 1887 habiti,
720 1798 843 1898 quiin
867 1799 1068 1874 Romanum
1095 1801 1278 1901 inperium
1303 1806 1529 1903 conspirave-

307 1900 401 1989 rint,
426 1915 464 1970 et
491 1896 532 1969 ad
560 1895 646 1969 bella
668 1893 736 1972 srnt
759 1895 957 2006 proclives,
980 1895 1069 1970 stcut
1089 1919 1136 1972 ex
1159 1895 1343 1972 nonnanis
1365 1923 1528 1977 conven-

308 1994 426 2083 tibus,
450 2009 488 2066 et
515 1988 608 2065 arua
633 1993 789 2067 amiciua
805 2013 847 2065 ac
866 1990 1110 2079 fraternitate,
1137 1992 1279 2089 aliisque
1304 1993 1431 2092 fignis,
1457 1999 1531 2076 coi·

301 2090 491 2187 rigebant,
516 2087 650 2161 Plini.
675 2108 708 2163 c.
734 2087 882 2162 Tertull.
914 2086 1019 2195 Aput
1045 2110 1078 2162 c.
1105 2097 1165 2183 38,
1190 2109 1248 2184 39.
1284 2092 1434 2167 eutem
1454 2114 1529 2189 pra·

296 2186 411 2282 sonat
445 2186 680 2279 conjurationis
713 2181 912 2281 instituunt,
954 2183 1070 2280 tnquit
1101 2184 1277 2260 Caecilius
1305 2188 1398 2295 apud
1430 2189 1530 2265 Min.

272 2283 275 2287 “
308 2280 382 2358 Fel.
406 2283 428 2356 l.
453 2302 482 2354 c.
529 2301 590 2351 uae
613 2284 772 2353 saturnis
795 2284 1115 2372 congressionibus,
1150 2297 1190 2354 et
1208 2281 1353 2377 jejmirs
1375 2283 1531 2362 solenni·

309 2381 394 2466 bus,
424 2394 462 2451 et
480 2306 661 2448 initumanir
685 2379 785 2469 cibis,
814 2399 875 2447 non
889 2304 1156 2482 strenuorum,
1177 2375 1241 2474 sed
1260 2379 1391 2472 piaculo
1406 2371 1530 2473 'foede-

308 2491 438 2549 rantur.
493 2495 527 2561 5.
553 2471 688 2545 Odium
722 2493 846 2544 eorum
878 2491 1015 2560 crevit,
1056 2471 1150 2567 quod
1183 2471 1373 2548 Christiani
1406 2476 1532 2572 paffim

308 2569 444 2643 fuerint
465 2566 589 2641 censrti
616 2564 780 2641 homines
803 2564 994 2639 deinfima
1019 2567 1141 2663 plebe,
1174 2566 1342 2664 inperiti,
1369 2570 1527 2663 inertes,

301 2684 346 2737 et
371 2661 496 2752 otiosr,
530 2662 590 2764 qui
616 2661 653 2733 in
679 2659 1027 2738 commune⁸bonum
1053 2661 1141 2736 nihii
1160 2663 1395 2739 conferebant
1411 2668 1528 2744 Tere

297 2763 328 2838 i.
351 2782 386 2834 c.
411 2768 488 2856 cap.
512 2781 571 2847 42.
596 2758 691 2833 Min.
718 2758 789 2831 Fel.
814 2760 835 2830 i.
861 2779 893 2832 c·.
941 2758 1001 2831 Sic
1017 2777 1055 2830 et
1070 2760 1206 2833 Flavius
1223 2763 1387 2837 Clemens
1402 2765 1530 2839 nSue·

296 2854 430 2946 ‘toni0,
464 2874 503 2929 ut
528 2852 636 2926 modo
661 2853 804 2940 notavi,
838 2851 1100 2951 contemtifflmoe
1124 2860 1261 2930 inertiae
1292 2859 1380 2930 borno
1408 2859 1454 2932 ad
1480 2860 1533 2937 el·

297 2955 417 3043 iatut,
442 2971 479 3025 et
499 2948 712 3025 Christianos
729 2951 771 3020 ab
791 2947 884 3036 istis,
902 2950 1066 3046 aliisque,
1083 2952 1239 3024 moribus
1254 2953 1349 3026 malis
1367 2953 1448 3030 invi
1476 2956 1530 3032 ‘o-

305 3050 428 3125 srffime
451 3046 614 3144 depinxit
641 3044 812 3120 Aristides
841 3043 878 3118 in
907 3052 1065 3120 cominuni
1095 3052 1263 3142 apologia,
1305 3073 1402 3144 oper.
1432 3051 1524 3131 edit.

303 3149 406 3249 Jebb.
439 3165 525 3219 tom.
561 3144 607 3216 11.
642 3167 676 3240 p.
704 3163 843 3239 307.-
865 3142 1030 3240 Denique
1065 3150 1099 3216 6.
1127 3144 1294 3217 summam
1327 3145 1413 3218 odio
1446 3147 1527 3224 vim

302 3242 515 3318 addiderunt
544 3240 717 3314 horrenda
755 3237 902 3311 crimina
937 3238 1133 3336 quaedam,
1175 3263 1321 3336 quorum
1352 3241 1529 3341 deinceps

262 3384 266 3393 -
303 3340 447 3411 fuerunt
469 3337 520 3409 rei
546 3335 637 3422 acti,
680 3335 894 3433 qualiasunt
926 3357 1059 3416 coenae
1087 3333 1306 3431 Thyesteae,
1338 3335 1528 3415 infantici-

275 3428 424 3521 ⁸fdium,
450 3429 619 3518 incestus,
638 3427 833 3525 promiscua
851 3450 973 3499 venus.
1025 3429 1123 3524 Quae
1136 3431 1348 3505 calumniose
1367 3434 1528 3530 repetie-
1564 3494 1571 3515 ,

294 3546 386 3599 runt
414 3529 457 3598 ab
483 3526 637 3621 ipsorum
659 3522 799 3619 agapis,
824 3541 861 3592 et
886 3524 1130 3596 communibus
1148 3528 1279 3620 epulis,
1304 3529 1468 3625 corporis
1482 3549 1527 3607 et

297 3621 476 3720 sanguinis
507 3619 638 3693 Christi
674 3619 710 3690 in
743 3615 952 3693 eucharistia
986 3618 1206 3709 nominibus,
1250 3625 1368 3696 osculo
1400 3628 1525 3723 pacis,

290 3730 371 3816 ‘quo
399 3720 432 3790 se
455 3735 578 3788 mutuo
605 3713 851 3809 excipiebant,
891 3713 1037 3788 fratrum
1062 3738 1103 3788 ac
1126 3716 1281 3792 sororum
1308 3722 1525 3814 promiscuit

291 3815 435 3899 situlis,
461 3811 695 3884 conventibus
713 3807 913 3900 nobiurnis,
939 3830 978 3884 et
995 3809 1157 3885 frmitibus
1175 3813 1249 3888 aliis
1272 3819 1396 3903 rebus,
1424 3819 1524 3895 Ter.

296 3912 371 3986 tull.
400 3911 469 4004 Ap.
496 3929 517 3998 7
543 3926 579 3977 et
606 3930 663 4002 39.
697 3907 755 3981 ubi
779 3904 889 3994 dicit,
934 3913 1081 3983 coenulas
1111 3906 1255 4004 amiras,
1287 3929 1524 4010 praeterquam

288 4008 425 4106 sceleris
456 4003 626 4093 infames,
665 4021 700 4077 ut
730 4008 886 4098 prodigas
917 4005 1097 4101 sugillatis.
1163 4007 1334 4080 Caecilius
1373 4033 1521 4109 quoque

290 4100 514 4272 apthagieiptien
534 4102 634 4269 fiiilte
647 4099 1051 4272 cgiiiifiianiirinoziliga
1079 4101 1525 4279 {icegietorbecnertesrfflaa

285 4204 504 4381 isernien,
538 4313 592 4366 cx.
619 4316 669 4402 gr.
697 4292 891 4369 Nicolaitis
916 4222 953 4366 ei}
979 4252 1073 4383 atii’s,
1105 4222 1217 4368 aniam
1246 4229 1517 4395 quoquepprae:

289 4389 482 4481 bentibus,
506 4387 725 4469 vetustinum
755 4391 897 4468 tradunt
921 4409 1082 4484 autores,
1115 4392 1169 4467 uti
1190 4393 1276 4490 Just
1301 4396 1359 4470 M.
1377 4415 1524 4574 {omi}
