3609 5500
300 954 377 1046 tlt
693 937 1135 1045 nutrimentum.

305 1125 404 1228 poris
425 1124 491 1199 ulla
521 1121 659 1199 ratione
684 1124 907 1214 manducari,
940 1123 999 1197 sed
1026 1124 1272 1222 spiritualiter,
1305 1119 1515 1222 senemr,
1546 1183 1574 1193 --
1625 1105 1641 1120 ’
1699 1152 1703 1161 ·

307 1247 343 1318 5.
368 1244 435 1296 nec
457 1225 502 1297 ab
527 1222 710 1315 omuibus,
743 1223 802 1318 qui
833 1219 1080 1296 eucharistiam
1104 1220 1262 1315 sumunt,
1303 1222 1364 1299 sed
1386 1245 1508 1303 tantum
1556 1213 1595 1261 “
1621 1216 1681 1303 ³1¹

305 1318 445 1396 averit
467 1318 710 1407 credentibus,
738 1338 866 1414 corpus
890 1341 932 1391 ac
950 1319 1150 1414 sanguinem
1171 1317 1301 1393 Christi
1326 1324 1461 1396 comedi
1472 1347 1565 1414 att,
1693 1378 1704 1425 ζ

305 1414 380 1493 bibi
413 1422 447 1489 ό.
480 1416 579 1490 Panis
602 1435 639 1488 et
664 1414 740 1488 vini
765 1415 910 1487 nomine
940 1413 1130 1511 insigniunt
1159 1439 1271 1513 aeque
1294 1417 1375 1513 post
1405 1442 1493 1492 acan
1608 1409 1628 1454 ‘'
1674 1426 1691 1468 ·'

301 1533 345 1590 te
377 1512 690 1587 consecrationem.
740 1533 774 1602 7.
806 1512 1045 1606 Argumenta,
1083 1514 1270 1585 aratione
1303 1534 1341 1586 et
1374 1514 1431 1589 sen
1641 1588 1644 1594 ,
1683 1587 1691 1596 ,

305 1605 433 1688 nostris
447 1609 619 1694 desumta,
646 1631 712 1703 pro
728 1604 882 1679 indubiis
901 1607 1033 1678 babent
1048 1605 1264 1682 veritatibus·
1279 1629 1348 1685 erc.
1399 1610 1536 1710 (2an
1621 1613 1634 1652 ⁴·
1654 1606 1704 1702 ζ,

305 1729 346 1784 et
370 1727 515 1804 quorum
541 1703 683 1791 fimilra,
718 1723 763 1774 ex
788 1701 965 1789 Patribus,
1002 1701 1106 1797 hujus
1127 1726 1198 1799 quo
1225 1728 1268 1779 ue
1291 1705 1383 1797 see,
1415 1689 1546 1792 l'ari70'
1592 1753 1603 1802 5

304 1799 532 1880 demonstrari
561 1797 718 1895 pollent,
752 1796 883 1869 fiilud
907 1801 950 1869 ab
974 1798 1051 1871 aliis
1074 1821 1148 1873 non
1174 1725 1263 1874 ebet
1287 1803 1421 1879 abunde
1438 1803 1509 1880 fac·
1674 1805 1704 1844 m

306 1919 403 1985 tum,
444 1915 482 1968 et
507 1898 610 1968 nobis
632 1893 718 1983 alia,
758 1893 868 1990 magis
891 1894 1102 1999 peculiaria,
1133 1917 1206 1969 non
1230 1895 1342 1970 effent
1363 1898 1494 1998 agend&
1578 1915 1624 1972 :ca

304 2013 364 2084 et,
388 1991 564 2066 Veterum
589 1988 742 2086 genuina
758 1992 930 2062 sententia
956 1989 993 2062 in
1015 1991 1131 2064 lucem
1141 1992 1342 2099 protrafita,
1367 1995 1489 2091 reliquae
1578 2011 1635 2060 :·-1-

306 2115 331 2164 o
357 2086 495 2161 inioncs
517 2109 593 2159 non
616 2086 739 2182 sponte
766 2083 1027 2161 evanescerent.
1079 2085 1150 2189 Qut
1169 2087 1370 2165 Transubst.
1394 2091 1486 2166 exPa·
1574 2082 1703 2162 2:⁹²st

305 2187 418 2260 tribus
448 2180 567 2253 eonati
599 2181 677 2253 sunt
711 2177 888 2252 destruere
928 2179 1022 2253 inter
1052 2180 1300 2275 Reformatos,
1343 2184 1485 2284 duplicem
1524 2251 1529 2270 ,
1577 2192 1633 2222 “
1659 2249 1681 2274 .,

274 2279 383 2356 'sere
406 2293 594 2350 tenuerunt
617 2275 723 2349 viam.
772 2274 868 2362 Alii,
891 2299 957 2371 per
981 2276 1129 2373 smgnlos
1153 2278 1271 2354 eundo
1296 2281 1425 2372 Patres,
1441 2301 1484 2351 eo·

303 2399 383 2456 rum
405 2372 603 2447 dobinnam
635 2369 703 2444 hac
725 2389 824 2466 parte
854 2369 891 2444 in
924 2371 1039 2445 lucem
1068 2393 1339 2470 protraxerunt,
1369 2395 1486 2476 qnorum
1639 2453 1656 2474 ,
1700 2437 1703 2446 .

304 2471 473 2573 princeps
497 2467 629 2542 merito
657 2465 708 2539 esi
739 2466 918 2540 habendus
943 2468 1045 2542 Edm.
1079 2468 1303 2561 Albertinus,
1340 2473 1426 2571 apud
1444 2472 1487 2544 la
1594 2469 1624 2502 ·‘
1662 2475 1673 2526 ἲ

304 2566 455 2653 risiens,
481 2565 540 2661 qui
559 2563 773 2638 Charentoni
789 2565 945 2659 synaxes
963 2564 1180 2657 babuerunt,
1206 2568 1256 2642 V.
1272 2569 1319 2645 D.
1339 2565 1489 2650 minister.
1577 2549 1632 2582 ᾖ

304 2662 417 2744 tribus
439 2659 506 2731 hac
531 2662 575 2732 de
599 2683 637 2731 re
663 2659 802 2755 seriptis
827 2658 944 2748 libris,
973 2658 1173 2758 inquorum
1193 2666 1297 2758 primo
1321 2689 1366 2740 ex
1380 2663 1496 2742 radone.
1591 2741 1600 2755 ,

303 2777 344 2833 et
368 2754 498 2851 Script.
524 2758 559 2828 S.
594 2754 767 2850 disputat,
800 2754 944 2850 secundo
975 2779 1021 2830 ex
1053 2757 1211 2834 Patribus
1243 2759 1304 2836 sex
1327 2762 1502 2859 primurm
1629 2770 1675 2853 ·,.’

300 2853 520 2955 seculorum,
546 2854 642 2922 tertio
666 2852 790 2946 gradus
807 2869 844 2924 et
868 2852 992 2925 modos
1009 2854 1181 3020 exlponit,
1205 2856 1329 2952 quibus
1345 2860 1389 2935 ad
1404 2862 1517 2935 Tran'·
1610 2844 1616 2857 ⁸

304 2948 406 3030 subst,
430 2947 579 3045 prolapsi
604 2946 700 3020 sunt:
734 2971 837 3040 quam
865 2948 1012 3022 eandem
1063 2972 1122 3021 ere
1147 2953 1357 3029 methodum
1383 2955 1535 3032 tenuit?

329 3048 364 3124 ui
389 3043 547 3121 conferri
573 3064 711 3141 quoque
734 3064 909 3134 meretur,
941 3066 1152 3138 anonymus,
1187 3048 1247 3147 qui
1273 3050 1408 3127 Gallice
1429 3045 1550 3128 conf
1670 3045 1699 3089 ‘⁴

302 3074 442 3241 scripsit
468 3142 643 3230 libellum,
686 3141 744 3214 cui
771 3143 909 3215 titulus:
943 3139 1087 3236 response
1113 3168 1135 3215 n
1158 3170 1202 3218 un
1226 3146 1326 3235 lim,
1367 3140 1575 3240 salitule)
1688 3142 1702 3181 '¹

300 3244 347 3317 ·L’
372 3232 482 3334 Office
512 3242 549 3311 de
566 3236 769 3335 sacrantem.
817 3237 891 3310 Alii
927 3257 1131 3332 argumenta
1163 3260 1288 3315 eontra
1316 3233 1590 3322 Tmnsubsts

301 3339 341 3412 in
366 3356 496 3432 genere
529 3358 573 3406 ex
607 3334 767 3406 Patribus
797 3333 1083 3427 depromserunt,
1122 3337 1233 3410 etde
1268 3337 1411 3437 origine
1441 3292 1620 3471 ejus)

299 3432 544 3504 disseruerunt.
595 3429 693 3500 Inter
718 3450 804 3522 quos
839 3428 1018 3500 excellunt
1043 3428 1090 3503 D.
1116 3432 1333 3524 Blondellus,
1365 3436 1402 3510 in
1422 3438 1513 3513 libro
1591 3461 1635 3530 Ι,

297 3526 411 3610 Gall,
452 3521 734 3616 eclairctfftments
756 3523 794 3594 de
828 3524 861 3593 la
897 3522 1094 3620 controversa
1124 3528 1210 3601 des
1236 3530 1439 3630 euclraristie.
1482 3536 1515 3632 J.
1551 3536 1600 3581 Ι
1622 3585 1644 3610 ·.

296 3618 429 3698 Claude
454 3617 490 3689 in
516 3617 624 3705 libro,
656 3614 818 3712 Responsa
842 3641 909 3690 aux
933 3621 1017 3690 deun·
1046 3627 1184 3713 troites,
1207 3629 1375 3719 intitules,
1399 3633 1433 3704 la
1444 3653 1516 3731 prr·
1561 3613 1650 3709 Ι..

181 3750 184 3757 ·
294 3719 417 3817 potuita
439 3712 477 3785 de
503 3717 538 3785 lo
552 3710 618 3807 foy
642 3715 795 3787 toaclam
816 3713 838 3785 l‘
865 3713 1078 3812 eucharistie,
1112 3743 1181 3794 nec
1202 3744 1280 3797 non·
1298 3745 1423 3802 contra
1451 3731 1516 3803 Ar·
1570 3708 1660 3810 l..

292 3812 460 3900 araldum,
485 3808 545 3905 qui
569 3809 657 3881 libro
681 3808 815 3884 Claudii
841 3809 875 3883 se
902 3835 924 3883 o
954 3811 1136 3906 posuerat,
1161 3815 1287 3915 inquo
1312 3820 1398 3897 illird
1418 3848 1521 3921 prae·
1553 3818 1611 3883 4
1636 3834 1659 3926 ,τ’

298 3911 407 4007 cipue
429 3906 504 4005 agit
521 3902 701 4012 Claudius,
729 3926 768 3979 ur
787 3835 1026 3998 demonsiret,
1052 3912 1241 3990 Ecclesiam
1259 3916 1457 4010 Graecam,
1482 3912 1518 3995 er
1645 3991 1659 4012 ,

292 4026 364 4105 per
381 4002 589 4089 Orientem,
613 4000 714 4075 fuisse
729 4005 772 4076 ab
789 4003 861 4075 hoc
878 4003 1042 4100 dogmate
1059 4007 1195 4106 semper
1209 4002 1369 4088 alienam.
1412 4018 1518 4091 Com·
1572 4010 1652 4086 ‘2'-

293 4097 455 4177 brendani
481 4097 631 4191 denique
658 4118 811 4171 meretur
838 4102 895 4173 M.
919 4103 1098 4199 Larroque
1130 4104 1203 4201 hill.
1236 4109 1321 4182 des
1354 4110 1518 4210 anellans·
1571 4107 1630 4195 ί
1644 4094 1657 4168 Ϊ

291 4202 355 4274 tie.
406 4193 507 4269 Alios
534 4193 720 4287 scriptores
740 4194 866 4281 mitto,
891 4215 1026 4269 tantum
1051 4201 1093 4274 ab
1112 4205 1219 4279 altera
1242 4224 1342 4301 parte
1356 4208 1517 4283 conferri
1640 4177 1653 4227 ¹

289 4318 380 4370 ·cum
405 4290 448 4366 iis
481 4288 587 4363 velim
614 4308 753 4363 autores
780 4289 955 4365 Catholici
991 4293 1093 4393 libri,
1125 4298 1185 4378 cui
1209 4299 1351 4395 titulus,
1383 4305 1419 4377 ln
1437 4322 1515 4397 per·
1581 4292 1647 4333 κ

272 4394 420 4551 {punite
444 4389 478 4465 la
490 4387 570 4487 foi,
595 4387 749 4465 toaclam
774 4388 796 4462 s
820 4385 1024 4491 tucltaristie.

1327 4453 1701 4894 „panes
