3609 5500
718 751 825 829 Stcul.
856 753 889 830 1.
923 818 926 827 .
971 727 980 741 ἢ
1022 734 1030 749 ’
1067 860 1078 887 ·
1347 780 1428 858 195

191 952 332 1006 erorum
364 932 576 1010 exercitium
609 930 817 1023 demandat,
856 931 906 1007 ira
939 948 1076 1023 tamen,
1108 950 1148 1010 ut
1171 939 1214 1013 ab
1240 960 1282 1014 ea
1301 962 1422 1020 mane-

189 1048 250 1102 ant
274 1030 548 1129 dependentes.'
577 1030 660 1135 Quo
682 1027 870 1127 praemisso
896 1032 1103 1122 observato,
1132 1036 1225 1130 quod
1250 1037 1313 1111 hic
1335 1040 1418 1115 susi·

190 1148 231 1197 us
252 1148 329 1199 non
354 1125 493 1203 deduco
514 1145 576 1200 aut
601 1122 760 1216 adstruo,
786 1123 921 1224 quippe
946 1148 1019 1201 non
1042 1126 1144 1223 hujus
1167 1130 1259 1223 loci,
1284 1134 1356 1210 feci
1372 1137 1416 1211 in

187 1219 248 1293 lud
283 1221 502 1319 aliquatenus
531 1223 569 1297 in
596 1222 853 1297 commentario
888 1220 932 1295 ad
955 1222 1089 1298 Matth.
1115 1224 1252 1301 XXIII:
1282 1253 1417 1310 1-12.

179 1315 331 1412 farriam
357 1318 562 1416 regiminis,
588 1338 628 1392 ut
654 1341 696 1391 ea
714 1340 827 1408 voce,
853 1336 1016 1411 tanquam
1040 1318 1181 1411 usitata,
1207 1324 1265 1397 sed
1289 1324 1416 1405 latiore
1457 1354 1459 1357 ·

188 1413 311 1506 sensu,
347 1434 444 1507 utar,
469 1417 507 1490 in
531 1414 684 1491 Ecclesia
709 1414 890 1511 primaeva
913 1412 1089 1506 usitatam,
1120 1418 1229 1491 relate
1255 1420 1297 1494 ad
1324 1420 1415 1499 iteca

186 1526 273 1583 tores
306 1528 347 1584 et
377 1512 539 1611 ministros
571 1533 766 1609 exponam,
806 1509 989 1608 postquam
1028 1511 1208 1587 historiam
1236 1516 1415 1595 tradidero

187 1604 402 1703 quaestionis
427 1610 471 1682 de
496 1610 707 1697 Reontio,
748 1604 843 1680 inter
866 1604 1078 1681 Pontificios
1105 1631 1177 1682 non
1212 1630 1347 1687 tantuin
1374 1626 1415 1691 et'

187 1700 450 1796 Protestautes,
482 1705 542 1779 sed
568 1704 662 1777 inter
687 1702 753 1775 hos
777 1702 888 1800 ipsos,
920 1725 1070 1799 quorum
1093 1704 1152 1777 alii
1176 1704 1255 1785 sunt
1277 1710 1413 1805 Episco.
1467 1765 1469 1771 .

185 1816 284 1895 patus
307 1798 449 1897 patroni
473 1798 655 1891 acerrimi,
688 1798 742 1870 uti
763 1797 972 1897 Anglicani,
1007 1798 1089 1887 alii,
1108 1818 1164 1872 ·ut
1186 1802 1411 1898 Reformati,

186 1900 443 1991 presbyteratus.
496 1893 786 1972 controvertitur
810 1893 928 1984 enini,
969 1916 1053 1969 num
1081 1894 1192 1989 forma
1225 1900 1412 1997 regiminis

192 1992 226 2063 in
248 1989 407 2066 Ecclesia
431 1990 637 2090 Apostolica
660 1986 770 2062 fuerit
792 1988 1031 2087 Episcopalis,
1057 2012 1101 2066 an
1127 1990 1409 2093 Presbyterialis,

190 2084 371 2161 suenum
394 2086 467 2163 duo
494 2087 611 2161 locum
641 2084 830 2159 habuerint
855 2086 1018 2176 ordines,
1093 2086 1181 2177 adu,
1266 2090 1411 2185 testate,

191 2204 226 2256 et
250 2180 384 2263 officiis
416 2180 594 2276 distineti,
658 2202 781 2255 norom
815 2180 874 2257 alii
898 2179 1089 2280 Episcopi,
1123 2184 1182 2258 alii
1235 2189 1411 2287 resbyteri

192 2276 403 2370 terruisti,
446 2278 616 2376 adeoque
631 2205 800 2377 Ipiscopi
826 2302 845 2351 a
869 2278 1087 2375 Presbyteris
1111 2278 1278 2371 diversi,·
1299 2302 1337 2357 et
1365 2284 1411 2360 iis

192 2376 410 2472 superiores;
441 2368 613 2482 denique,
639 2394 722 2447 num
748 2396 787 2445 re
813 2372 908 2449 lmen
932 2370 1141 2473 Episcopale
1166 2374 1207 2451 sit
1231 2377 1265 2452 A
1292 2378 1411 2455 ostoli·

191 2494 266 2545 tum
292 2491 332 2545 et
356 2467 539 2567 divinum,
566 2394 914 2549 annectendum
946 2486 984 2541 et
1002 2471 1220 2546 humanum?
1285 2473 1409 2573 stqui·

190 2568 266 2678 dein
288 2568 422 2665 duplex
445 2564 638 2737 jfflafffl92;
661 2586 733 2675 tina
757 2560 802 2637 de
826 2562 991 2675 reipsa,
1024 2566 1137 2681 ‘altera
1167 2568 1212 2643 de
1240 2572 1408 2681 nomine,

188 2686 452 2857 dliiiddldmssm
470 2658 1303 2857 isgpffipaillpgfflgpgrppntineiiterppgbppespgrripp)
1320 2689 1409 2840 ”IIIi

194 2856 326 2932 suerint
350 2854 552 2953 adsignata?
596 2851 665 2928 Sed
689 2855 814 2949 prior,
855 2873 1020 2948 tanquam
1042 2855 1185 2950 majoris
1210 2861 1407 2950 momenti,

195 2973 261 3025 nos
282 2950 384 3029 unice
409 2950 549 3026 tenebit
579 2967 781 3057 occupatos.
829 2947 1026 3045 Anglicana
1048 2947 1219 3039 Ecclesia,
1261 2967 1300 3023 ut
1326 2972 1410 3030 cum
1487 2970 1491 2978 ·

197 3068 236 3120 ea
262 3047 299 3123 in
319 3045 438 3146 specie
463 3041 746 3152 agam3'1iprsco
804 3065 861 3116 ein
888 3040 1069 3132 ordinem,
1093 3042 1221 3140 gradum
1280 3043 1408 3123 otestai

194 3161 249 3235 te,
264 3161 303 3218 et
317 3137 754 3241 munereaPresbyteriali
771 3137 974 3215 distinblutn
991 3135 1205 3228 defendens,
1223 3138 1409 3244 distinguit

192 3249 303 3314 tamen
335 3239 372 3318 in
404 3237 605 3339 Episcopali
638 3233 764 3310 ordine
795 3234 891 3310 inter
922 3231 1037 3316 divini
1070 3252 1108 3308 et
1138 3233 1282 3312 humani
1312 3238 1404 3334 juris

195 3334 301 3412 officia
326 3359 370 3410 ac
396 3333 675 3435 praerogativas,
701 3355 781 3406 cuni
809 3329 975 3430 quasdam
1000 3353 1021 3409 a
1046 3329 1269 3433 Principibus
1287 3336 1405 3414 cirin

197 3429 291 3506 tiaris
311 3432 352 3508 in
375 3430 572 3528 Episcopus
595 3427 666 3503 esse
691 3427 815 3503 collata
839 3425 1030 3527 privilegia
1054 3426 1231 3503 fateantur
1246 3432 1408 3509 modera-

196 3524 312 3622 o‘ores,
337 3549 507 3628 quaeest.
531 3551 606 3620 gn,
631 3523 674 3600 ad
690 3524 984 3618 matrimoniales,
1014 3521 1310 3620 testamentarias,
1341 3531 1403 3606 all·

194 3621 286 3724 isque
310 3623 438 3699 civiles
461 3620 619 3718 speciant
642 3619 769 3696 causas.
813 3618 911 3730 Juris
933 3640 1022 3694 vero
1039 3618 1153 3696 divini
1171 3643 1213 3695 ea
1239 3621 1309 3700 else
1324 3647 1406 3700 cen·

195 3718 282 3810 sent,
305 3745 395 3816 quae
419 3718 464 3793 ad
487 3715 731 3816 Episcopalem
746 3714 909 3790 ordinem
931 3713 1076 3885 proprie
1095 3715 1299 3816 pertinent,
1321 3743 1406 3822 qnae·

195 3813 236 3889 lia
252 3815 349 3908 sont,
372 3813 632 3914 baptizatorum
652 3807 900 3903 confirmatio,
917 3834 998 3909 pres
1021 3830 1223 3911 yterorum,
1241 3813 1407 3894 aliorum·

196 3932 256 4008 que
270 3911 488 3987 Clericorum
497 3965 511 4002 ,
526 3909 677 4000 elestio,
695 3905 873 3982 ordinatio
887 3929 930 3982 ac
944 3905 1140 4006 depositio,
1165 3913 1405 3988 membrorum

197 4005 401 4104 reliquorum
425 4004 751 4085 excommunicatio
774 4022 814 4076 et
836 4002 1029 4097 absolutio,
1061 4001 1214 4103 denique
1229 4005 1407 4082 Ecclesiae

199 4099 413 4185 dioecesanae
436 4103 598 4203 regimen
621 4121 660 4177 et
690 4098 966 4192 administrati03
997 4099 1085 4177 adeo
1108 4117 1146 4176 ut
1169 4101 1326 4175 omnium
1351 4123 1407 4175 res

199 4217 269 4274 nnn
291 4221 376 4280 cura
403 4219 449 4278 et
472 4196 652 4279 ordinatio
684 4198 767 4301 ipsis
778 4215 999 4373 Bcpnipetat,
1039 4215 1078 4276 et
1106 4195 1304 4296 Presbyteri
1329 4195 1412 4370 ipsis
