3609 5500
602 731 608 738 ¹
708 735 823 821 S'ttul.
840 737 917 818 III·
1014 747 1020 754 ⁷
1364 758 1436 852 7⁶9

169 905 329 1036 fuerint
343 925 664 1016 animadvertantur,
683 939 719 997 at
745 923 828 998 bona
845 945 951 1004 ertum
961 918 1046 1022 fisco
1061 925 1280 1006 vindicentur.
1333 931 1425 1010 Cum

186 1031 332 1122 Sixto,
357 1022 622 1115 Felicillimum,
655 1021 882 1120 Agapeturn,
910 1020 1076 1132 aliosque·
1094 1021 1301 1120 Diaconos,
1326 1027 1431 1106 fuine

189 1122 341 1228 pallos,
355 1121 443 1199 licet
457 1123 575 1198 minus
584 1115 681 1194 reete
694 1116 830 1192 nudant
842 1125 1118 1224 martyrologia,
1135 1137 1176 1194 ut
1191 1123 1289 1199 redte
1306 1126 1432 1206 advers

189 1225 246 1300 tit
270 1217 420 1298 Pearson
443 1219 539 1328 Ann.
560 1215 694 1386 cypr„
717 1213 903 1312 probabile
921 1231 1038 1288 tamen
1058 1215 1151 1324 mihi
1167 1217 1231 1310 fit,
1257 1245 1320 1295 eos
1336 1221 1430 1298 haud

185 1320 264 1396 diu
314 1314 368 1393 ost
389 1333 559 1412 martyrio
585 1335 606 1386 e
635 1335 656 1385 e
680 1327 890 1399 coronatos,
914 1308 1008 1406 qnod
1029 1329 1148 1408 unque
1174 1313 1220 1388 de
1233 1317 1429 1393 Laurentio

188 1341 494 1501 Arciidiacono,
519 1403 699 1486 cratlculoe
721 1404 897 1518 inposito,
921 1405 1143 1518 statuendum
1160 1407 1223 1486 est.
1273 1415 1334 1488 De
1357 1437 1430 1510 quo

189 1511 278 1590 vid.
304 1511 465 1586 Ruinart.
490 1505 513 1582 l.
537 1528 569 1582 e.
621 1507 663 1579 ln
688 1502 812 1580 Africa
835 1521 999 1600 mpetum
1023 1503 1430 1610 sustinuitprimuscy·
1524 1583 1528 1590 .

186 1608 365 1708 prianns,
389 1601 590 1679 inexilium
609 1596 727 1675 millias
741 1623 772 1676 a.
802 1621 907 1694 asp,
931 1598 1016 1674 dein
1035 1624 1117 1678 ann.
1143 1604 1311 1702 sequente
1325 1609 1424 1705 capi·

190 1725 235 1780 te
261 1703 409 1803 plexus:
450 1717 489 1773 ut
522 1699 599 1796 ejus
628 1694 704 1772 acia
733 1693 983 1770 demonstrant.
1034 1699 1154 1774 Secnti
1190 1700 1313 1798 polica
1345 1704 1424 1778 sunt

190 1803 338 1900 plures,
362 1815 401 1869 ut
427 1818 472 1870 en
494 1793 581 1870 aitis
605 1791 729 1891 Jacobi
753 1810 792 1867 et
809 1790 983 1887 Mariani,
1020 1791 1275 1889 Numidarum,
1310 1801 1422 1875 Mon·

195 1895 304 1990 tani,
336 1893 554 2004 aliorumque
580 1892 633 1989 ey
659 1887 750 1963 niani
768 1886 1043 1986 discipulorum,
1064 1890 1201 1989 liquet.
1225 1898 1228 1906 “
1248 1894 1308 1969 De
1333 1897 1421 1984 illis,

187 2005 292 2092 quae
318 1980 553 2064 Alexandriae
662 1984 807 2074 nsunt,
849 1983 1017 2081 legendus
1046 1985 1099 2060 est
1132 1989 1282 2089 Dionys.
1316 1992 1421 2069 Alex.

185 2088 291 2184 apud
317 2083 523 2174 Rusio,
548 2009 610 2158 nbi
632 2079 748 2156 multos
779 2078 891 2157 fastos
917 2077 988 2154 else
1011 2103 1182 2190 martyres
1206 2086 1323 2164 tradit.
1375 2091 1418 2163 ln
1445 2178 1450 2186 ι

190 2180 390 2262 Palaestina
412 2181 633 2254 celebrantur
656 2177 700 2252 ad
718 2175 843 2251 bestias
865 2177 1019 2252 damnata
1045 2177 1200 2269 Priscus,
1232 2185 1421 2274 Malchus,

181 2299 231 2356 et
258 2275 469 2354 Alexander.
494 2275 574 2350 Eus.
609 2275 659 2350 H.
685 2273 773 2349 Vll:
802 2294 860 2352 12.
910 2275 954 2348 ln
983 2271 1157 2370 Hispania
1190 2277 1421 2370 Fruetuosus,

189 2375 396 2472 Episcopus
423 2369 709 2457 Tarraconense,
742 2367 886 2468 ejusque
911 2367 1051 2443 diaconi
1076 2369 1256 2470 Augurius
1282 2395 1320 2451 et
1347 2379 1419 2453 En.

187 2471 332 2570 logias-t
357 2491 504 2635 ‹pporum
531 2465 612 2541 aeta.
630 2464 766 2540 exstant
793 2465 884 2562 apud
909 2465 1074 2574 Ruinart.
1098 2467 1120 2541 l.
1143 2489 1177 2543 c.

244 2565 279 2666 ᾗ.
307 2565 412 2644 CL..
484 2561 552 2638 uod
578 2562 623 2636 ad
645 2577 769 2658 tempus
793 2581 830 2634 et
853 2560 1077 2636 durationem
1101 2563 1255 2656 adtinet,
1280 2589 1415 2644 conve·

189 2662 252 2738 rrit
279 2659 357 2734 sere
380 2657 474 2733 inter
498 2655 694 2750 dodiores,
718 2653 998 2755 persecutionem
1015 2675 1099 2734 ante
1121 2681 1200 2738 ann.
1229 2684 1311 2758 257.
1338 2687 1413 2742 non
1442 2711 1447 2723 ,

186 2754 396 2845 inchoasset
421 2750 554 2830 durasse
569 2778 658 2831 vero
675 2776 742 2851 per
757 2777 867 2827 annos
883 2770 950 2826 tres
966 2771 1004 2827 et
1019 2756 1207 2848 dimidium,
1230 2759 1288 2835 seu
1307 2764 1413 2839 mens.

186 2878 257 2947 42.
282 2876 327 2932 ex
351 2848 463 2950 Epist.
488 2847 651 2949 Diony-sti
685 2851 776 2960 apud
803 2847 882 2925 nus.
916 2849 967 2924 H.
994 2850 1080 2925 Vll:
1107 2874 1165 2927 ro.
1189 2856 1414 2933 manifestum

189 2950 269 3041 est,
295 2972 375 3024 eum
400 2948 439 3023 in
465 2947 659 3024 Valeriano
678 2946 778 3020 ducat
793 2945 964 3043 inpletum
983 2942 1072 3034 elle,
1096 2948 1192 3044 qnod
1214 2952 1284 3049 Ap.
1311 2953 1417 3030 Xlll.
1486 3038 1491 3047 ¹

185 3046 238 3121 de
263 3044 372 3120 bestia
404 3042 624 3140 praediilum
649 3038 721 3131 est,
759 3044 810 3115 illl
832 3044 944 3117 datum
966 3037 1030 3136 effe
1055 3066 1089 3117 os
1116 3067 1238 3139 magno
1264 3063 1300 3123 et
1325 3053 1417 3147 inpio

183 3144 339 3239 loquens,
370 3155 404 3215 et
428 3143 540 3213 datum
556 3136 617 3237 ff
636 3132 846 3235 potestatem,
874 3153 911 3213 et
928 3135 1050 3234 metrses
1065 3161 1149 3235 42„
1198 3161 1263 3217 not
1287 3144 1417 3221 meust.

187 3240 257 3313 b'us
290 3238 410 3333 itaque
434 3234 616 3311 duraverit
654 3250 800 3331 oportet
841 3232 1053 3331 persecutio.
1109 3237 1159 3311 Ce
1236 3261 1256 3312 e
1292 3261 1415 3320 autem

185 3354 277 3409 mox
308 3354 390 3409 cum
410 3332 636 3443 captivitate
662 3329 847 3407 Valeriani
879 3328 1185 3427 persecutionem,
1232 3355 1334 3432 patet
1363 3364 1414 3418 er

188 3426 362 3529 rescripto
391 3427 541 3540 Gallreni
564 3425 658 3525 apud
681 3424 763 3538 llus.
790 3426 841 3502 H.
867 3426 955 3503 Vll:
983 3447 1062 3519 ra,
1098 3450 1172 3504 non
1196 3434 1309 3518 multo
1323 3435 1406 3543 post

187 3522 582 3727 estalenta
602 3522 1424 3726 aluantealtaatttaztss.

186 3736 286 3805 non,
316 3732 356 3787 ut
374 3710 442 3786 ¹alrl
467 3714 675 3815 opinantur,
711 3729 794 3803 25.
840 3710 872 3783 L
921 3730 1017 3784 untur
1042 3732 1138 3787 emm
1162 3714 1313 3817 Dionys.
1337 3740 1412 3797 non

181 3812 234 3887 de
249 3806 507 3891 Alexandrinae
522 3826 680 3900 tantum,
704 3809 740 3883 se
778 3805 887 3882 unite
954 3804 984 3882 is
1001 3807 1282 3905 persecutionis,
1304 3813 1409 3893 dura·

188 3904 300 3983 tlone.
351 3905 442 3998 Pax,
466 3904 547 4003 post
569 3902 798 3983 Valerianum
823 3926 864 3980 ca
891 3922 988 3996 mm,
1018 3928 1103 3982 mox
1130 3905 1289 3988 restituta
1313 3910 1414 3989 esta

189 4002 374 4087 Gallieno,
409 4000 535 4077 edistis
550 4024 617 4099 per
636 4002 758 4077 orbem
783 4000 854 4077 ern'
884 4026 932 4107 ts,
962 4000 1088 4099 quibus
1112 4006 1348 4103 praecipitur,
1372 4028 1414 4085 ut

189 4098 213 4175 a'
234 4095 404 4196 religiosis
427 4097 518 4173 locis
548 4095 745 4174 abstineant
768 4096 942 4195 gentiles,
974 4098 1338 4181 Christianisnullam
1361 4104 1412 4179 fa·

186 4193 322 4297 ejellant
345 4190 562 4289 molestiam,
599 4192 822 4279 cooaeteria
836 4211 1061 4292 ‘recuperent
1085 4192 1290 4286 Christiani.
1332 4200 1427 4293 Ilus,

202 4288 331 4369 (ΨΜ.
355 4288 430 4366 ΙΙΙ.
728 4288 883 4370 Eeeee
1258 4290 1416 4381 H‚V112
