3609 5500
443 734 518 809 ῳ
833 710 1134 817 lsisiorle=Ecclefi
1160 712 1278 815 clolst.

438 892 632 993 solatricem
656 891 825 986 denotet,
849 914 887 969 et
903 896 1042 970 lrenaei
1069 918 1168 971 mene
1194 894 1255 985 fit,
1281 888 1637 983 intumuerunt·

447 989 628 1079 dientem,
660 1014 706 1065 ex
734 989 769 1064 se
792 992 950 1089 genuisse
975 994 1198 1067 Servaturem
1223 991 1364 1081 mundi,
1391 1012 1496 1086 eaque
1517 988 1636 1063 ratione

447 1085 589 1161 salvasse
611 1088 801 1178 mundum,
832 1086 1029 1179 sicutEva,
1066 1086 1180 1163 virum
1198 1086 1235 1161 io
1269 1086 1400 1184 lapsum
1425 1082 1634 1183 pelliciendo,

446 1206 530 1256 eum
553 1182 775 1279 perdiderat,
801 1182 931 1279 phrasis
956 1200 1093 1273 tamen,
1119 1205 1157 1258 et
1179 1183 1420 1279 comparatio,
1447 1203 1466 1255 a
1492 1178 1546 1251 fim
1571 1179 1633 1252 lici·

444 1296 519 1352 tate
544 1280 733 1369 abhorret,
759 1298 798 1351 et
823 1279 860 1351 su
889 1276 1064 1352 erstitioso
1086 1278 1225 1353 Mariae
1249 1280 1361 1351 cultui
1386 1274 1506 1373 postea
1528 1203 1573 1346 ei
1586 1274 1633 1347 ad·

441 1374 577 1471 plicita.
629 1374 736 1481 Quod
771 1375 817 1448 de
849 1302 1028 1447 rXetorica
1060 1372 1226 1472 Origeois
1260 1373 1357 1447 hom.
1393 1374 1423 1446 1.
1457 1370 1498 1443 ad
1518 1368 1628 1442 Erech.

443 1470 657 1567 apostrophe
687 1469 730 1542 ad
753 1471 930 1567 Angelum
955 1492 1123 1565 quoque,
1165 1466 1314 1544 utillud
1343 1469 1407 1541 hic
1434 1465 1625 1560 anticipem,

440 1564 659 1641 statuendum
676 1561 738 1639 est.
783 1568 954 1639 Sermone
976 1564 1073 1639 enim
1096 1564 1139 1639 ad
1155 1566 1330 1673 Angelum
1351 1563 1540 1649 converso,
1561 1582 1626 1631 euin

439 1661 622 1751 bortatur,
648 1680 686 1733 ut
709 1680 874 1735 recenter
896 1658 1057 1733 conversi
1082 1680 1121 1733 et
1144 1658 1312 1756 baptizati
1337 1656 1524 1733 Christiani
1544 1654 1625 1726 sulci·

303 1826 309 1837 s
438 1756 515 1851 piat
541 1756 787 1851 patrocinium.
836 1757 953 1855 Quem
979 1759 1096 1830 locum
1127 1756 1240 1831 Huet.
1267 1753 1624 1852 Origen.1.11.·c.i.

437 1851 483 1928 tid
512 1852 727 1948 Angelorum
760 1850 854 1947 rapit
886 1850 1171 1941 invocationem,
1212 1871 1251 1924 et
1280 1869 1406 1924 contra
1438 1849 1624 1922 Bochartuiu

438 1948 559 2019 multis
586 1947 744 2019 vindicat
767 1947 804 2019 in
821 1946 889 2040 Ep.
913 1949 955 2020 ad
973 1972 1077 2037 eutii,
1103 1947 1141 2019 in
1165 1944 1311 2019 Differt.
1336 1944 1548 2041 aTilladeto
1568 1939 1625 2012 edi·

437 2039 505 2130 tis,
531 2042 649 2114 obvia.
697 2039 787 2132 Sed,
810 2038 1021 2138 fipericopa
1046 2042 1088 2115 sit
1111 2040 1287 2139 genuina,
1313 2063 1383 2115 nec
1410 2043 1452 2116 ab
1469 2039 1623 2131 Hierony·

434 2158 496 2211 mo
518 2134 751 2233 interpolata,
782 2155 923 2232 praeter
946 2136 1093 2235 figuram
1117 2137 1351 2226 rhetoricam,
1384 2134 1505 2210 astilo
1530 2132 1623 2205 Vere·

433 2255 510 2305 rum
533 2256 605 2305 non
630 2232 898 2323 abhorrentem,
932 2230 1169 2320 niliil'habet,
1195 2255 1261 2307 nec
1286 2230 1401 2306 cultui
1429 2229 1622 2326 Angelorum

431 2327 638 2401 stabiliendo
662 2327 807 2417 sufficit,
847 2326 999 2401 maxime
1027 2351 1108 2403 cum
1133 2326 1303 2426 Origen,
1342 2325 1499 2401 doctoris
1522 2318 1620 2417 perso·

431 2444 513 2495 nam
553 2444 706 2516 gerens,
752 2424 911 2495 omnium
941 2424 1144 2519 angelorum
1184 2425 1315 2497 cultum
1351 2424 1392 2496 in
1431 2430 1559 2519 looip'r
1581 2422 1626 2489 ¹⁶⁸

431 2514 556 2611 nolu
578 2520 787 2589 celebratione
809 2535 843 2593 et
873 2520 1052 2591 titillatione
1084 2516 1292 2610 constituat,
1333 2537 1372 2591 et
1400 2542 1519 2593 eorum
1540 2519 1623 2587 invo-

429 2610 569 2697 cationi
592 2609 829 2701 contradicat,
868 2613 923 2686 uti
945 2614 982 2685 in
1007 2614 1067 2688 lib.
1093 2631 1217 2689 contra
1238 2609 1326 2689 Cels.
1350 2632 1393 2688 et
1418 2615 1516 2693 alibi:
1549 2606 1619 2681 fifflt

427 2732 452 2784 a
475 2708 620 2782 Dallaeo
645 2708 666 2780 l.
693 2729 725 2782 c.
748 2708 885 2780 abunde
910 2707 980 2804 jain
1006 2708 1057 2783 est
1084 2713 1361 2809 comprobatum.

475 2801 508 2903 5.
532 2804 756 2879 LXXXVII.
796 2825 829 2877 a.
855 2805 1013 2878 Pertinet
1042 2829 1181 2915 quoque
1208 2808 1278 2880 buc
1305 2804 1480 2882 maximus
1502 2805 1616 2887 honor,

429 2919 471 2977 ct
488 2899 750 2998 praerogativa,
774 2899 995 2996 Martyrum,
1021 2899 1199 2999 inprimis
1222 2903 1311 2978 saec.
1335 2902 1519 3000 sequente,
1540 2897 1619 3002 cuius
1677 2927 1678 2940 ¹

339 3042 343 3048 ·
429 2998 501 3070 duo
524 2997 699 3090 proferam
724 2997 898 3070 luculenta
923 2995 1132 3091 specimina,
1158 2998 1252 3071 circa
1273 2997 1335 3072 fin.
1361 3001 1457 3089 lec.,
1480 3016 1515 3070 et
1536 2995 1616 3066 initi·
1676 3029 1677 3038 κ

426 3112 487 3161 um
509 3091 703 3184 sequentis,
742 3090 814 3182 jam
840 3091 1039 3184 conspicua.
1091 3093 1250 3262 onrum
1274 3093 1372 3190 prius
1396 3096 1516 3179 habet,
1538 3089 1618 3161 Mai·
1675 3115 1676 3133 ¹

428 3201 526 3278 tyren
562 3207 629 3277 pro
661 3182 926 3277 lirerceſjori'bur
961 3184 1062 3260 fuisse
1103 3189 1317 3285 aiquateour
1360 3190 1537 3285 agnitor,
1566 3176 1617 3272 qui
1674 3195 1675 3231 l

430 3273 530 3370 lapsis
553 3300 625 3347 non
657 3296 791 3348 tantum
826 3280 964 3352 veniam
999 3281 1203 3359 adserebant
1236 3283 1274 3357 in
1302 3285 1477 3374 Ecclesia,
1513 3275 1615 3351 libellis
1673 3287 1674 3329 l

425 3369 564 3458 dando,
587 3369 712 3463 quibus
735 3394 857 3445 eorum
881 3374 924 3448 ad
942 3375 1116 3452 Ecclesiae
1140 3379 1426 3474 communionem
1449 3376 1616 3476 petebant,
1672 3383 1673 3425 l

425 3485 466 3540 et
489 3465 697 3538 mandabant
720 3465 982 3562 admissionem,
1015 3472 1074 3547 sed
1099 3492 1136 3547 et
1157 3475 1249 3574 apud
1272 3476 1391 3550 Deum
1418 3469 1534 3550 censiti
1554 3467 1615 3540 sue·
1670 3469 1672 3542 l

427 3580 511 3635 runt
541 3560 730 3655 inpetrare.
781 3564 822 3636 lii
853 3564 982 3656 initio,
1023 3589 1061 3641 et
1084 3569 1156 3642 hoc
1188 3594 1327 3668 quoque
1358 3572 1474 3645 adhuc
1502 3565 1614 3649 seculo,
1669 3555 1671 3623 l

428 3657 662 3752 diligebantur
688 3675 841 3747 tantum,
874 3679 912 3733 et
934 3681 974 3734 ut
998 3667 1158 3761 exempla
1182 3665 1351 3740 imitanda
1377 3663 1613 3739 consideraban-
1669 3631 1670 3721 i

426 3769 506 3837 tur,
544 3771 586 3858 ut
609 3750 710 3858 supra
732 3775 777 3825 eii
801 3755 911 3849 Epist.
937 3757 1110 3832 Ecclesiae
1135 3762 1272 3858 Smyrn.
1305 3761 1350 3834 de
1375 3755 1539 3857 martyrio
1561 3755 1611 3825 Po·
1668 3739 1669 3817 l

422 3847 559 3953 lycarpi
592 3855 765 3934 uidimus,
805 3849 863 3922 sed
888 3853 1068 3948 progressu
1098 3857 1269 3949 temporis
1301 3855 1368 3930 iste
1400 3857 1514 3931 honor
1542 3847 1611 3921 adeo

420 3957 559 4027 crevit,
598 3957 639 4012 ut
660 3958 751 4012 mart
778 3943 832 4015 rio
861 3967 934 4018 non
960 3965 1094 4022 tantum
1125 3971 1272 4044 peccata
1296 3951 1444 4048 propria
1475 3940 1612 4054 expiari,

423 4038 483 4112 sed
517 4053 555 4107 et
583 4031 723 4106 veniam
754 3967 854 4131 iaplis
884 4041 1032 4115 dandam
1067 4042 1258 4140 inpetrari,
1298 4047 1408 4122 suerit
1441 4043 1611 4122 creditum,

422 4131 517 4210 circa
538 4128 599 4204 fin.
615 4130 693 4228 jam
716 4129 844 4226 seculi,
875 4155 914 4214 et
938 4137 1118 4235 deinceps.
1144 4141 1295 4220 Tertull.
1320 4143 1365 4220 ad
1391 4135 1617 4314 Uffipilwg}
