3609 5500
300 890 353 1036 'ss
478 1050 480 1055 ,
513 935 517 941 ⁴
693 949 838 1050 Isjlnrin
861 944 989 1051 Eccles.
1019 944 1137 1050 claust,

218 1152 220 1155 ’
301 1132 401 1221 suae,
435 1129 599 1222 lavasset,
642 1151 678 1206 et
700 1132 735 1206 se
761 1134 804 1206 ab
834 1133 909 1230 ejus
934 1129 1100 1231 sanguine
1125 1122 1276 1205 liberum
1302 1127 1529 1229 declarasset,

300 1252 342 1301 ac
374 1228 508 1325 populo
540 1228 675 1324 Judaeo
708 1229 922 1323 inputass'et,
964 1226 1087 1326 Judaei
1115 1250 1254 1325 quoque
1282 1227 1320 1302 in
1360 1230 1396 1302 se
1422 1253 1524 1304 rece·

299 1323 455 1419 pilsent,
482 1324 663 1413 dicentes,
680 1323 824 1420 sangnis
850 1330 922 1421 ejus
939 1329 972 1397 in
997 1329 1086 1398 nobis
1111 1341 1143 1398 er
1155 1321 1289 1424 posteris
1313 1326 1520 1400 vindicetur:

298 1418 456 1507 scilicet,
491 1419 516 1492 st
543 1419 757 1493 innocenter
781 1422 889 1495 suerit
916 1422 1019 1497 fusus.
1072 1420 1187 1522 Quam
1216 1420 1436 1495 temerariam
1460 1423 1516 1496 in·

298 1513 542 1609 precationem
569 1540 634 1612 qua
657 1516 796 1590 'ratione
820 1519 962 1614 experti
987 1518 1085 1606 sunt,
1119 1540 1165 1590 ex
1187 1513 1333 1589 historia
1362 1515 1517 1593 constat.

297 1609 481 1685 Sententia
533 1612 760 1701 ronunciata,
786 1612 961 1687 Christum
985 1610 1124 1710 quidem
1143 1608 1518 1707 flagellandum,s1cut'

296 1725 379 1779 ante
403 1636 673 1782 cruciixionem
698 1707 776 1787 fieri
804 1709 956 1797 solebat,
990 1708 1153 1796 tradidit,
1188 1708 1286 1802 illudi
1311 1732 1451 1804 quoque
1476 1728 1516 1784 et

296 1801 415 1877 verbis
441 1820 479 1876 et
510 1801 611 1878 fastis
641 1804 853 1878 amilitibus
876 1804 988 1902 passus
1019 1802 1090 1894 est,
1132 1825 1199 1877 nec
1224 1821 1343 1877 tamen
1366 1804 1512 1900 ersecu·

293 1897 388 1972 tioni
410 1900 535 1997 plenae
558 1900 759 1989 mandauit,
784 1899 848 1975 nifi
902 1899 956 1973 ost
980 1924 1073 1975 nova
1098 1897 1283 1975 conamina
1306 1900 1511 1975 crucifixio·

293 2016 378 2072 nem
409 1997 616 2087 avertendi;
657 1996 709 2070 uti
744 1994 826 2090 Joh.
894 1996 957 2070 IX.
990 2014 1156 2069 narratur.
1208 1998 1373 2070 Ceteram
1404 1995 1513 2094 infig-

292 2087 351 2163 nia
369 2089 521 2179 Christi,
547 2092 595 2169 ad
607 2090 819 2186 supplicium
833 2092 911 2188 J'am
940 2090 1187 2182 condemnati,
1207 2115 1228 2164 a
1246 2089 1416 2166 militibus
1431 2093 1512 2167 Ro·

238 2218 245 2232 ·
292 2186 405 2260 manis
427 2185 606 2281 profesta,
648 2186 806 2282 adeoque
829 2209 850 2262 e
875 2189 1136 2276 Romanorum,
1178 2210 1251 2261 non
1271 2185 1522 2282 judaeorum,

290 2282 447 2354 moribus
478 2280 692 2372 illustranda,
735 2302 773 2356 et
802 2282 846 2356 ad
874 2280 1069 2372 Christum,
1114 2281 1210 2356 fimus
1232 2304 1272 2353 re
1298 2305 1375 2371 em,
1407 2280 1508 2358 simul

172 2391 175 2397 ⁴
288 2375 363 2451 Dei
379 2375 512 2467 filium,
535 2378 595 2452 seu
614 2378 796 2467 Melitam,
825 2401 863 2452 re
890 2401 948 2451 em
964 2378 1196 2474 Judaeorum,
1222 2305 1426 2467 resitenda,
1454 2403 1512 2462 eo,

288 2472 511 2568 speilabant,
536 2494 576 2547 ut
600 2494 744 2571 utraque
770 2475 826 2556 illa
853 2402 1007 2570 dignitas
1024 2473 1309 2576 prostitueretur,
1332 2476 1424 2567 regia
1438 2490 1513 2572 per'

264 2569 446 2646 ,tunicam
469 2593 701 2668 purpuream,
736 2571 817 2642 loco
842 2569 1032 2667 chlamydis
1054 2592 1270 2667 purpureae,
1303 2587 1340 2644 et
1364 2567 1510 2654 arnadi-f

287 2686 369 2742 nem
391 2665 472 2738 loco
497 2665 651 2763 sceptri,
674 2669 828 2740 divinitas
853 2689 919 2762 per
943 2690 1110 2744 coronam
1134 2664 1309 2764 spineam,
1333 2666 1415 2741 loco
1439 2683 1511 2755 cos

285 2767 395 2836 'ronae
421 2761 595 2852 radiatae,
628 2786 714 2858 quae
738 2765 899 2835 Deorum
923 2781 1019 2853 erat,
1058 2781 1096 2836 et
1119 2761 1505 2873 Imperatorumdeisi·¹

286 2869 467 2943 catorum;
501 2856 690 2932 secundum
712 2856 923 2932 sententiam
948 2859 999 2932 Cl.
1026 2856 1275 2955 Cannegreteri
1305 2858 1343 2934 P.
1368 2855 1408 2932 in
1429 2859 1506 2933 'ele-¹

285 2968 400 3123 pqprtef
416 2951 688 3121 sdissertatione,
728 2952 856 3030 inserta
887 2952 1056 3030 Biblioth.
1087 2955 1182 3052 Hag.
1209 2954 1258 3027 Cl.
1292 2951 1429 3053 Barkcy
1455 2952 1510 3065 cl..¹

346 3106 354 3123 .
395 3071 460 3122 ac.
512 3106 520 3123 .

329 3143 362 3315 ἓ.
388 3071 594 3222 Lxxitiv.
620 3145 703 3245 Quo
719 3145 834 3238 fatto,
860 3163 1046 3244 antequam
1064 3143 1237 3247 Christum
1259 3143 1339 3221 actu
1357 3143 1505 3225 tradidit

284 3245 327 3317 ab
353 3241 550 3330 ucendum,
599 3264 691 3316 nova
729 3243 818 3317 iecit
853 3245 1046 3317 tentamina
1076 3243 1119 3316 ad
1160 3265 1240 3319 cum
1272 3242 1510 3335 liberandum,-

284 3336 455 3410 Produxit
481 3337 576 3409 enim
600 3359 699 3424 eum,
723 3337 913 3431 infignibus
924 3334 1132 3410 memoratis
1156 3356 1335 3428 ornatum,
1359 3335 1507 3423 incon-'7

284 3428 441 3526 speilum
461 3428 603 3525 populi,
636 3429 946 3527 innocentiamque
974 3428 1048 3528 ejus
1070 3431 1279 3526 declaravit,
1301 3433 1502 3527 fimusui:

253 3578 258 3586 -
284 3525 399 3601 cendo
425 3549 497 3598 erce
520 3526 629 3600 ironro!
653 3548 734 3600 eum
759 3525 827 3599 riso
852 3525 971 3626 potius
995 3546 1032 3601 et
1057 3538 1259 3619 contemtu,
1284 3528 1386 3628 quam
1402 3517 1505 3620 mor-f

283 3639 341 3710 te,
367 3619 510 3716 dignum
537 3621 628 3712 elle,
652 3619 884 3731 significavit,
916 3645 999 3698 cum
1022 3623 1111 3698 nihil
1139 3624 1253 3698 minus
1302 3650 1379 3701 uam
1402 3617 1503 3725 regia

282 3713 443 3814 etregni
467 3716 579 3825 gloria
603 3715 641 3791 in
676 3717 753 3814 ipso
777 3717 955 3817 adpareat,
1004 3719 1147 3793 Deinde
1173 3744 1252 3794 cum
1277 3651 1504 3816 lacerdotes,

282 3811 368 3889 nihil
393 3812 499 3901 flexi,
533 3811 730 3886 insisterent
753 3813 1001 3907 crucifixioni,
1033 3817 1162 3893 Pilatus
1186 3816 1398 3909 declinaret,
1430 3840 1505 3905 rio-j

281 3933 366 3984 vum
394 3908 635 4006 produxerunt
658 3907 792 3990 crimen
818 3910 990 4008 capitale,
1022 3913 1286 4011 propterquod
1314 3912 1379 4012 ipfi
1411 3934 1504 4006 eumj

238 4076 243 4082 .
279 4006 546 4093 damnaverant,
571 4004 608 4080 in
631 4006 813 4102 praetensa
827 4009 898 4104 filii
921 4009 987 4081 Dei
1020 4009 1187 4104 persona,
1237 4030 1315 4083 uam
1339 4008 1502 4093 Christus

279 4099 342 4177 fibi
364 4099 603 4195 adoptaverat.
651 4102 733 4208 Quo
757 4122 973 4193 commotus,
1015 4121 1053 4175 et
1076 4122 1175 4176 metu
1203 4034 1319 4201 iiquo
1347 4098 1503 4204 correp!

279 4220 354 4285 tus,
380 4197 514 4294 Judex,
540 4197 622 4270 inde
644 4219 744 4290 orto,
767 4202 864 4368 quod
883 4203 907 4276 sr
927 4199 1122 4291 damnaret,
1148 4200 1306 4275 Deorum
1332 4190 1500 4295 iram,si

277 4295 490 4383 absolveret,
533 4292 741 4389 Judaeorum
783 4296 996 4385 editionem,
1022 4293 1083 4369 stbi
1107 4295 1324 4388 concitaret,
1359 4288 1499 4391 novum'

277 4394 415 4472 secreto
444 4389 596 4477 instituit
620 4413 770 4470 eramen
796 4391 948 4488 Christi,
972 4389 1098 4496 absque
1122 4411 1162 4470 ut
1184 4390 1314 4489 aliquid
1338 4393 1504 4579 εκρὶΐῗέ
