3609 5500
701 870 747 942 ;''
781 880 784 886 ’
838 875 947 957 Secul.
970 883 1025 959 II.
1109 901 1134 912 ’”
1461 904 1542 988 -545

358 1047 400 1163 §
418 1041 653 1133 CLXXVIII.
696 1055 828 1131 Utilius
861 1058 972 1132 fuerit
1001 1060 1222 1157 exposuisse,
1261 1064 1345 1162 quid
1380 1068 1465 1146 mali·
1492 1070 1531 1148 in

310 1159 386 1233 hoc
420 1154 774 1253 systematefuerir,
815 1156 908 1250 quod
949 1156 1031 1228 illud
1064 1159 1152 1229 adeo
1185 1159 1386 1236 detestabile
1426 1166 1527 1243 fecit.

314 1278 352 1327 1.
379 1254 549 1340 Primum',
574 1252 666 1347 quod
691 1274 774 1324 mox
798 1252 834 1323 in
860 1252 987 1340 oculos„
1004 1253 1174 1340 incurrit,
1209 1254 1279 1342 est,
1305 1258 1393 1331 nihil
1417 1262 1531 1359 magis

309 1377 333 1424 a
358 1347 581 1444 srmplicitate
613 1346 817 1444 Euangelii,
858 1370 958 1441 quam
992 1347 1080 1430 haec
1112 1348 1305 1423 otiosorum
1337 1353 1524 1434 hominum

308 1448 500 1544 figmenta,
523 1443 723 1516 abhorrere.
772 1443 880 1514 Erant
898 1444 1020 1539 utique
1039 1442 1175 1519 inutilia
1191 1444 1322 1537 studia,
1348 1473 1437 1544 quae
1456 1441 1526 1530 nec

304 1565 427 1616 veram
454 1538 653 1627 scientiam,
679 1560 746 1611 nec
761 1540 931 1633 pietatem
955 1564 1081 1637 augere
1107 1561 1289 1636 poterant,
1316 1565 1416 1618 erant
1440 1549 1527 1643 quo·

304 1661 376 1735 que
399 1641 526 1724 noxia,
576 1659 638 1708 uae
658 1634 811 1706 animum
838 1633 993 1708 futilibus
1016 1634 1249 1710 distrahebant
1274 1639 1523 1735 speculationi⁴

266 1816 268 1819 ,
305 1735 389 1824 bus,
415 1730 512 1805 fimat
536 1734 565 1803 C
591 1726 784 1802 ristianrsmi
802 1752 921 1803 veram
944 1730 1099 1804 indolem
1123 1732 1364 1826 destruebant,
1389 1735 1524 1836 quippe

304 1825 348 1904 in
369 1828 451 1902 viva
475 1826 564 1916 fide,
589 1849 629 1899 ac
645 1824 899 1923 resipiscentia,
924 1846 961 1900 et
977 1830 1227 1903 communione
1244 1854 1323 1903 cum
1351 1834 1519 1925 Christo,

303 1922 411 1998 unita
433 1923 547 1997 salutis
575 1921 673 1995 caula
700 1922 881 1995 meritoria
904 1941 942 1995 et
966 1922 1166 2012 efficiente,
1203 1924 1320 2000 srtam:
1362 1929 1455 2001 unde
1480 1929 1523 2006 hi

304 2019 470 2094 homiues
492 2017 775 2114 philosophicum
802 2019 944 2113 aliquod
967 2018 1112 2115 systema
1134 2019 1317 2113 fecerunt,
1357 2024 1450 2119 quod
1474 2025 1521 2102 de'

303 2115 402 2190 veris
418 2111 670 2209 Christianismi
698 2113 868 2187 doctrinis
894 2133 931 2185 et
965 2114 1091 2193 officiis
1124 2138 1269 2213 parum,
1312 2141 1372 2195 aut
1402 2121 1515 2214 nihil,·

302 2212 423 2286 habet.
471 2231 503 2283 a.
530 2209 621 2284 Veri
650 2230 688 2284 et
711 2209 833 2283 summi
858 2210 931 2283 Dei
963 2209 1100 2307 agnitio
1133 2232 1170 2285 et
1202 2216 1334 2306 cultus,
1375 2217 1519 2315 ejusque

300 2304 491 2382 relationes
506 2305 548 2379 ad
570 2304 753 2393 homines,
780 2305 1069 2394 obscurabantur,
1096 2310 1153 2381 vel
1173 2312 1405 2401 tollebantur,
1432 2316 1518 2389 dum

303 2400 441 2480 'creatio
473 2400 590 2474 mundi
624 2401 880 2475 adscribebatur
906 2402 1061 2500 Angelis.
1111 2425 1142 2495 3.
1170 2404 1268 2477 Vera
1300 2425 1337 2478 et
1361 2397 1518 2482 salutaris

303 2496 465 2574 doctrina
486 2497 530 2570 de
555 2495 693 2572 Christo
717 2498 834 2570 multis
856 2498 971 2573 modis
995 2495 1273 2593 infringebatur,
1306 2524 1370 2595 per
1394 2526 1517 2580 veram

299 2596 377 2691 ejus
398 2591 624 2665 divinitatem
648 2616 689 2665 ac
711 2591 967 2667 humanitatem
993 2595 1177 2684 sublatam,
1212 2612 1249 2667 et
1274 2598 1381 2691 palsro
1407 2599 1514 2695 ejus,

300 2689 404 2767 causa
426 2687 609 2763 meritoria
644 2688 780 2780 salutis,
819 2687 1031 2765 statuebatur
1061 2689 1197 2767 fictitia.
1245 2716 1280 2784 4.
1306 2695 1394 2791 Spes
1417 2696 1518 2775 vitae

300 2807 340 2863 et
363 2784 544 2863 felicitatis
567 2804 731 2858 aeternae
762 2808 826 2882 per
850 2804 1010 2952 negatam
1038 2785 1328 2863 resurreuionem
1365 2799 1517 2888 quanto*

298 2880 513 2982 pere'fue'rit
529 2881 751 2970 labefaclata,
778 2904 823 2953 ex
851 2904 866 2953 1
918 2903 968 2954 or.
995 2883 1102 2968 XV„
1127 2899 1162 2957 et
1186 2883 1286 2977 supra
1302 2885 1346 2958 de
1372 2911 1413 2959 ea
1433 2887 1517 2978 hae-

294 2978 366 3054 reli
391 2975 432 3050 ad
457 2977 525 3052 sec.
551 2978 763 3072 praecedens
786 2975 992 3071 disputatis,
1026 2976 1106 3048 satis
1128 2978 1305 3050 elucescit.
1356 3001 1390 3071 5.
1416 2982 1514 3067 Fun,-

295 3074 461 3149 'dame'nta
480 3084 628 3170 ‚quoque
656 3071 815 3147 veritatis
834 3068 1084 3144 Christianismi
1109 3068 1201 3141 haud
1226 3094 1353 3168 parum
1403 3071 1511 3146 ualla-

296 3189 336 3244 ta
362 3168 506 3261 fuerunt
537 3193 610 3267 per·
631 3192 754 3242 vanam
785 3166 977 3241 doctrinam
1017 3166 1060 3238 de
1086 3185 1218 3237 autore
1248 3185 1285 3237 et
1312 3165 1380 3262 legi
1431 3176 1513 3244 tore

295 3265 578 3357 Vet.-0Econ.,
597 3288 684 3337 non
713 3287 798 3338 vero
824 3283 862 3337 et
886 3266 1017 3336 summo
1033 3262 1123 3341 ¹Deo
1151 3262 1267 3350 bono,
1302 3261 1428 3338 sedan
1455 3262 1514 3338 elo

293 3363 412 3459 aliquo
438 3359 553 3456 rigide
572 3360 687 3456 justo,
712 3385 731 3433 a
757 3361 839 3432 Deo
865 3357 1023 3443 diverso,
1058 3357 1153 3431 etei
1184 3355 1372 3434 contrario.
1486 3384 1513 3449 o

291 3459 374 3556 ipso
401 3456 507 3529 etiam
531 3456 754 3550 argumenta,
791 3480 837 3529 ex
854 3458 941 3529 Ver.
970 3455 1005 3525 T
1007 3453 1067 3528 est.
1095 3473 1131 3526 et
1148 3453 1348 3550 Prophetiis
1399 3458 1518 3556 etita,

291 3554 390 3639 nihil¹
412 3553 594 3642 valebant,
620 3571 656 3623 et
676 3547 831 3624 Christus
857 3552 941 3625 falso
967 3550 1009 3624 ad
1039 3573 1081 3627 ea
1106 3552 1337 3641 provocavit,
1364 3480 1510 3651 liseque

290 3654 366 3748 'pto
386 3648 522 3733 ¹Meffia
558 3646 725 3816 promisso
761 3646 972 3723 venditavit.
1029 3653 1062 3720 6.
1098 3643 1257 3721 Virtutis
1292 3667 1330 3719 et
1363 3650 1511 3742 pietatis·

288 3741 466 3831 studium,
491 3746 533 3816 ab
585 3742 759 3816 ominibus
783 3742 921 3816 ratione
947 3742 1179 3837 pollentibus,
1206 3760 1244 3812 et
1260 3765 1324 3835 per
1349 3743 1509 3817 rationes

289 3838 504 3934 inpellentes
528 3838 733 3927 mouendis,
775 3835 1049 3923 instituendum,
1094 3835 1381 3925 sufflaminatum,
1421 3836 1508 3934 quin

287 3936 463 4019 sublatum
489 3934 578 4019 fuit,
614 3956 680 4043 per
701 3929 918 4030 nrrqffltatem
942 3933 1102 4021 fatalem,
1137 3953 1238 4029 quarn
1264 3929 1335 4009 hoc
1360 3932 1507 4030 systema

284 4028 501 4107 introduxit.
536 4032 626 4104 Malr
645 4031 740 4103 enim
758 4030 856 4105 sedes
871 4047 948 4103 erat
965 4028 1130 4117 materia,
1152 4024 1330 4116 adtectus,
1351 4047 1389 4101 et
1408 4030 1509 4126 palli-

289 4150 377 4201 ones
413 4143 513 4197 erant
546 4128 737 4223 adpendices
770 4125 932 4214 animae,
971 4125 1029 4198 seu
1063 4123 1253 4221 particulae
1287 4127 1508 4214 materiales,

284 4228 435 4321 'quarum
461 4223 696 4318 proprietates
719 4222 797 4295 sunt
816 4241 935 4298 certae
960 4221 1152 4320 pastiones,
1177 4242 1366 4316 quaecum
1391 4220 1508 4296 anima

281 4314 452 4397 ¹rationali
473 4316 690 4419 junguntur,
725 4317 1018 4397 acssiotrinsecum
1050 4317 1178 4417 agendi
1204 4313 1419 4415 principium
1443 4316 1506 4390 ha·

269 4451 274 4461 ·
333 4414 424 4491 Tom.
451 4413 526 4492 ΙΙΙ.
570 4460 572 4464 ⁷
864 4413 956 4510 Zaa
1167 4423 1169 4426 ’
1399 4410 1511 4508 δεῦτ’,
