3609 5500
667 916 671 922 '
796 897 904 984 Stin.
930 876 991 986 ΙΙ.Ι
1421 934 1499 1012 575

282 1085 444 1165 tu'erbis
467 1081 654 1176 infidelis,¹
678 1085 722 1160 ad
748 1110 850 1184 quem
871 1092 1062 1184 propagatio
1086 1108 1153 1185 per
1180 1092 1325 1181 orbem,
1365 1110 1402 1169 et
1425 1115 1499 1193 pax

284 1189 390 1262 citiir’r
416 1185 473 1258 vei
495 1183 669 1287 persecutio
694 1186 871 1278 pertinet,
907 1208 1069 1258 enarrare
1101 1185 1300 1279 adgredior.
1347 1190 1497 1273 Nullum

281 1286 355 1358 sere
381 1289 520 1377 tenipus
542 1279 631 1368 suit,
656 1298 735 1352 uta
756 1284 989 1376 propagatione
1013 1279 1149 1369 ordiar,
1180 1303 1250 1377 quo
1279 1283 1498 1368 Christianis·

278 1403 356 1455 ntus
388 1378 427 1451 in
454 1380 573 1466 orbe,
593 1376 630 1448 in
658 1376 779 1471 primis
800 1380 983 1467 Romano,
1016 1379 1165 1472 majores
1191 1376 1299 1467 fecit,
1324 1383 1431 1456 modo
1445 1386 1496 1459 ie.

303 1476 409 1567 {timo
436 1490 474 1544 et
508 1468 726 1559 Christiano,
765 1473 987 1569 progressus,
1027 1472 1177 1569 periodo
1208 1498 1228 1546 a
1263 1474 1418 1571 Trojano
1451 1481 1495 1557 ad

338 1570 459 1656 cium,
476 1566 533 1640 sen
550 1567 704 1640 medium
715 1568 831 1644 seculi.
850 1572 938 1659 111„
956 1569 1045 1643 adeo
1060 1589 1100 1643 ut
1116 1568 1394 1649 casusEccletiae
1411 1574 1495 1651 cha·

271 1660 511 1745 miteristicus
530 1663 572 1737 in'
582 1677 629 1738 eo
636 1662 676 1736 srt
693 1665 895 1758 ponendus:
920 1664 1065 1762 ficot'fit
1082 1665 1116 1737 in
1126 1662 1242 1759 ſsgiiio.
1254 1672 1354 1763 ptinto
1374 1669 1491 1766 Apoc.

270 1766 346 1841 VI.
394 1762 758 1853 Seoutis'temporr‘bus,
785 1761 900 1857 inquit
927 1761 1084 1836 Latiam.
1109 1781 1211 1837 mort.
1236 1765 1372 1839 l’ersec.
1398 1789 1430 1840 c.
1456 1793 1491 1864 3.

270 1859 324 1936 de
340 1852 486 1953 Traiani
509 1875 546 1958 et
569 1858 723 1953 sequent.
751 1855 896 1956 loquens
923 1858 1161 1952 temporibus,
1193 1862 1307 1952 quibos
1331 1865 1425 1935 nruiti
1452 1890 1495 1949 ao

277 1959 352 2032 boni
374 1956 689 2049 principaturum
722 1955 924 2048 erg-ioooenque
947 1969 1135 2040 tenuerant,
1166 1954 1268 2027 nullos
1294 1957 1494 2036 retortorio

273 2055 406 2148 inpetus
419 2047 533 2145 paffa,
564 2069 679 2121 monus
693 2046 779 2142 suos
802 2051 836 2119 iot
854 2053 1020 2123 Orientem
1044 2051 1309 2144 Occidentemque
1326 2060 1494 2148 porrexit,

272 2165 315 2224 rot
338 2150 416 2244 jam
442 2146 548 2218 nuilus
580 2142 655 2238 effer
682 2159 842 2216 terrarum
871 2148 1031 2239 angulos,
1063 2162 1133 2219 tam
1157 2163 1315 2237 remotas,
1350 2176 1406 2245 qno
1433 2177 1496 2225 non

273 2242 392 2338 religio
415 2239 482 2313 Dei
506 2236 723 2335 penetraffet,
762 2240 850 2313 nulia
872 2242 1002 2338 denique
1026 2244 1114 2315 natio
1139 2259 1207 2315 tam
1229 2241 1321 2336 feris
1353 2252 1496 2321 moribus

272 2345 409 2427 virens,
436 2354 471 2410 ut
493 2361 553 2410 non
568 2335 720 2434 suscepto
735 2334 802 2407 Dei
829 2339 918 2411 cultu
944 2343 988 2411 ad
1001 2338 1154 2433 justitiae
1180 2358 1276 2432 opera
1300 2342 1492 2437 mitesceret.

276 2435 483 2534 concinunt
501 2434 704 2507 verbaEus.
731 2433 781 2505 H.
808 2435 876 2508 IV:
903 2456 937 2524 2,
964 2456 997 2527 7.
1024 2434 1073 2506 ibi
1097 2433 1254 2526 legenda.
1302 2436 1493 2531 Ingentem

270 2541 460 2634 praeterea
484 2552 665 2602 numerum
683 2525 958 2603 Christianorum
976 2551 1040 2624 per
1063 2530 1186 2602 orbem
1202 2529 1403 2609 Romanum
1420 2556 1494 2609 uno

271 2639 342 2704 'ore
363 2626 605 2713 celebrarunt,
630 2643 669 2696 et
691 2625 911 2715 extulerunt,
939 2625 1041 2720 hujus
1066 2625 1132 2699 sec.
1158 2625 1280 2722 etseq.
1304 2624 1503 2725 scriptores,

274 2719 522 2800 Ecclesiastico
554 2720 714 2820 Quorum
731 2721 807 2793 ioca
825 2714 945 2795 citasse
961 2718 1152 2795 suffecerit.
1186 2720 1271 2817 Just.
1282 2724 1338 2798 M.
1360 2727 1396 2799 in
1407 2750 1492 2824 apo·

271 2818 415 2921 lagiae,
438 2820 547 2915 vulgo
568 2820 627 2905 11,
650 2814 903 2911 inscriptione,
930 2834 967 2889 et
987 2815 1034 2894 ib.
1060 2840 1094 2913 p.
1121 2826 1201 2905 62„
1227 2840 1323 2896 cont.
1351 2824 1489 2920 Tryph.

273 2938 314 3017 p.
365 2936 426 3006 45.
451 2916 542 2988 I'ren.
559 2913 638 2987 adv.
663 2911 794 2985 haeres.
821 2914 929 2986 1:10.
955 2910 1105 2985 Tertuli.
1130 2912 1210 2986 adv.
1236 2914 1387 3007 Judaeos
1404 2939 1434 2989 c.
1455 2941 1489 3011 7.

275 3010 324 3086 ad
339 2938 515 3101 idationes
541 3011 570 3082 1:
602 3033 633 3081 r.
661 3007 702 3080 ad
718 3009 898 3102 Scapulam
918 3031 950 3084 c.
977 3027 1009 3078 2.
1036 3005 1096 3077 ubi
1114 3005 1302 3079 Christiani
1315 3027 1395 3100 pars
1407 3029 1491 3102 pene

274 3109 386 3202 major
398 3107 542 3181 dotatis
556 3101 707 3200 cujusquo
724 3102 907 3193 dicuntur,
931 3120 968 3174 et
983 3121 1059 3189 c.-5.
1078 3099 1231 3195 denique
1249 3100 1293 3174 dc
1308 3102 1439 3179 Anima
1456 3129 1489 3183 c.

276 3222 342 3294 49.
365 3202 452 3275 nolio
469 3205 544 3297 jam
566 3224 646 3294 gent
664 3200 730 3270 Dei
752 3219 910 3273 extranea
924 3195 991 3291 esi,
1016 3198 1139 3290 inquit,
1162 3200 1490 3296 intrimentorum,

272 3312 310 3373 et
326 3300 361 3370 in
376 3301 411 3372 itt
428 3301 578 3372 terminos
596 3299 701 3386 orbis,
726 3300 889 3392 euangelio
906 3291 1103 3391 coruscante.
1151 3291 1238 3368 Vid.
1256 3311 1294 3367 et
1314 3298 1491 3396 Origenes

271 3414 372 3471 cont.
398 3393 484 3468 Cels.
510 3394 585 3466 ].1.
612 3416 646 3488 p.
675 3414 734 3481 21,
762 3400 819 3470 68.
845 3395 911 3466 111.
936 3418 972 3489 p.
994 3411 1073 3481 117.
1091 3390 1188 3462 hom.
1211 3388 1280 3466 IV.
1301 3392 1338 3466 in
1355 3395 1488 3475 Ezech.

271 3512 441 3567 necnon
467 3491 546 3562 Eos.
572 3490 616 3562 de
642 3488 825 3561 Commodi
849 3508 1011 3585 tempore
1038 3486 1088 3560 H.
1114 3487 1165 3561 V:
1191 3509 1248 3562 21.
1302 3490 1421 3586 Quae,
1453 3513 1492 3570 et

322 3610 423 3662 orum
447 3583 591 3674 similia,
625 3607 712 3682 quae
738 3603 942 3681 praetereo,
966 3581 1167 3657 testimonia
1191 3584 1255 3658 etst
1281 3583 1490 3683 stupendum

291 3681 378 3777 uisse
408 3679 681 3755 Christianorum
711 3699 917 3767 numerum,
968 3704 1097 3777 eosque
1131 3702 1195 3774 per
1236 3682 1332 3755 orbis
1368 3707 1490 3759 omnes

276 3778 356 3854 fere
378 3779 540 3874 regiones
564 3778 713 3872 sparsos,
737 3778 829 3849 clare
856 3775 1041 3862 evincant,
1077 3799 1122 3846 eo
1149 3790 1266 3880 tamen
1290 3775 1489 3872 intelligen-

276 3872 323 3950 da
350 3873 457 3949 nolim
480 3871 600 3961 sensu,
632 3872 698 3947 acsi
723 3871 873 3969 ubique,
907 3871 944 3944 in
970 3869 1205 3941 remotissimos
1230 3868 1267 3942 in
1297 3871 1420 3964 primis
1434 3898 1490 3951 re·

273 3968 461 4072 gionibus,
494 3971 698 4045 numerosae
726 3969 803 4064 jam
819 3964 1020 4041 exstiterint
1045 3984 1082 4037 et
1108 3964 1277 4038 florentes
1295 3968 1489 4065 Ecclesiae,

274 4089 344 4142 nec
367 4086 493 4163 gentes
517 4062 762 4161 superfuissent
788 4062 851 4138 hac
875 4065 953 4137 luce
969 4082 1145 4136 carentes:
1170 4062 1303 4159 quippe
1319 4068 1412 4232 fiuod
1428 4093 1492 4141 vc·

271 4160 374 4237 'ritati
398 4185 471 4236 non
494 4162 589 4235 foret
613 4160 822 4247 consonum,
848 4179 885 4234 et
918 4160 1094 4234 Veterum
1121 4182 1260 4254 quoque
1286 4178 1320 4232 te
1353 4160 1494 4236 inaniis

272 4254 366 4359 ip'srs'
381 4257 651 4332 contradiceret.
704 4259 830 4329 Moooos
848 4281 909 4329 non
927 4254 1035 4352 solunt
1051 4257 1285 4341 ioroararum,
1299 4254 1363 4348 sed
1377 4273 1409 4330 et
1424 4283 1462 4329 no
1479 4299 1495 4317 ·

268 4372 397 4437 iratam
427 4359 572 4451 gentiunt
603 4351 838 4523 Christianisocri
866 4361 996 4426 neriam
1027 4353 1160 4428 nondam
1183 4352 1293 4428 audivi
1319 4374 1356 4444 e,
1398 4255 1501 4429 teig-

836 4467 915 4524 000
936 4471 962 4543 4
1447 4470 1509 4533 tut
