3609 5500
823 977 932 1052 Secul.
959 977 989 1051 Ῑ.
1467 1010 1527 1083 3¹1¹

292 1173 372 1230 cnm
399 1151 561 1244 sumere,
587 1152 647 1228 sed
671 1156 811 1227 hurino
835 1173 875 1228 et
893 1157 1050 1248 institutis
1067 1177 1211 1245 eorum,
1236 1158 1288 1233 uti
1316 1159 1415 1259 ipris,
1441 1189 1514 1247 non

292 1250 361 1324 line
389 1248 618 1345 insapientiae
633 1250 928 1345 exprobratione,
952 1251 1117 1348 exposuit
1143 1251 1275 1329 clarius.
1324 1264 1512 1355 Cetertun,

291 1346 351 1420 ubi
366 1345 652 1419 Sadducaeorum
668 1348 749 1419 loco
769 1348 913 1419 Marcus
928 1347 1036 1421 habet
1055 1349 1299 1440 Herodianus,
1320 1361 1512 1435 notandum

289 1440 362 1528 est,
398 1441 624 1515 Sadducaeos
649 1442 789 1515 Herodi
813 1442 966 1515 maxime
991 1442 1195 1534 adhaesrlle,
1234 1462 1395 1544 tanquam
1421 1456 1509 1549 poli·

289 1539 401 1626 ticos,
427 1558 467 1610 et
490 1560 574 1611 cum
591 1538 670 1633 ipso
688 1537 859 1611 Romanis
875 1536 998 1612 favilla
1016 1559 1140 1612 contra
1153 1540 1361 1619 Pharisaeos.
1406 1550 1511 1625 Beth·
1636 1597 1662 1614 ..

288 1636 403 1707 sardae
419 1656 501 1706 cum
525 1655 677 1706 coecum
701 1655 766 1727 per
787 1633 931 1728 padus,
955 1634 1046 1706 illito
1074 1634 1198 1728 sputu,
1223 1658 1265 1708 ac
1281 1640 1438 1715 manibus
1454 1644 1508 1719 in-

287 1727 432 1825 politis,
458 1728 623 1818 sanallet,
650 1732 764 1802 Marc.
791 1730 895 1802 Vlll.
920 1729 1102 1824 proteum
1129 1727 1200 1819 est,
1226 1753 1306 1804 cum
1331 1735 1411 1812 solis
1437 1739 1507 1814 dis·

285 1825 414 1992 {lmus
438 1824 640 1897 Caesaream
668 1823 842 1930 Philippi,
868 1842 906 1932 et
927 1824 967 1934 in
991 1827 1067 1919 ejus
1085 1824 1420 1934 confiniistversatus
1435 1834 1508 1927 est3

286 1943 447 2102 Liffillll?
458 1942 515 2087 etp
517 1918 1065 2105 rippplcffiptrslppppmtlttrprpprp’,
1076 1919 1509 2111 adilqtlrarl1¹soelnats¹f¹llll

287 2112 369 2186 Dara
387 2110 471 2210 Jud,
498 2111 639 2183 XVlII.
692 2108 785 2184 ostea
803 2112 957 2200 Paneas,
981 2113 1133 2207 dentque
1153 2112 1333 2207 Caesarea,
1360 2116 1404 2188 de
1422 2122 1518 2195 Cae··

287 2208 380 2295 sare,
419 2204 634 2305 tPltilippo
696 2206 876 2294 etrarclra,
912 2225 951 2279 ut
981 2207 1088 2280 habet
1119 2207 1190 2303 Jos.
1224 2210 1310 2282 Ant.
1346 2212 1505 2308 xviri„

286 2304 326 2379 iu
350 2301 453 2399 cujus
474 2301 615 2376 ditione
638 2320 734 2393 erat,
768 2299 957 2400 adpellata,
1001 2303 1121 2376 addito
1152 2304 1294 2399 Philippi
1320 2307 1506 2404 epitheto,

288 2419 329 2474 ut
347 2402 390 2473 ab
418 2397 490 2473 alia
508 2398 693 2489 Caesarea,
718 2421 805 2506 quae
831 2415 870 2471 et
895 2401 995 2471 rurrr'r
1014 2401 1177 2474 Stratonis
1202 2401 1342 2494 dicitur,
1368 2404 1411 2477 ad
1435 2430 1506 2482 ma·

290 2518 331 2569 re
352 2495 675 2583 mediterranemu,
699 2492 983 2590 drstingueretur.

328 2589 363 2690 l.
381 2591 424 2668 L
438 2590 546 2678 Hic,
564 2590 603 2662 in
622 2590 703 2661 loco
719 2588 873 2662 solitario
881 2613 923 2662 ac
942 2588 1159 2679 remotiore,
1176 2590 1214 2664 in
1234 2593 1400 2669 confiniis
1418 2621 1503 2695 quo·

284 2710 354 2785 que
379 2686 578 2761 Gentilium
601 2682 876 2853 etstppdaeomm
901 2684 1107 2782 regionum,
1140 2709 1221 2762 cum
1245 2688 1392 2787 degeret
1424 2719 1505 2773 cum

286 2781 418 2859 soliaA
446 2780 585 2873 ollulis,
610 2781 648 2854 in
699 2798 795 2854 ntem
815 2782 907 2854 suam
923 2781 1114 2877 paffionem
1131 2783 1388 2884 Hierosolymis
1404 2816 1503 2888 aper·

286 2901 354 2968 te,
394 2808 564 2973 cssrisque
598 2875 746 2965 verbio,
782 2882 888 2970 prima
922 2879 1003 2952 vice
1033 2876 1271 2956 manifestavit
1303 2885 1502 2982 Apostolia:

285 2977 397 3051 Mart.
433 2974 537 3047 XVI.
593 2974 710 3046 Marc.
750 2973 855 3047 Vlll.
903 2973 1021 3047 Antea
1058 2976 1199 3071 quidem
1223 2978 1335 3061 ,hunc
1366 2984 1505 3059 exitum

283 3074 406 3157 sotrrn,
429 3092 510 3142 cum
536 3066 671 3142 salutari
693 3066 768 3160 ejus
792 3084 925 3142 eventu
956 3090 995 3142 et
1017 3069 1154 3160 fructu,
1189 3071 1316 3146 tectius
1338 3096 1375 3149 et
1401 3078 1505 3153 invo·

284 3166 404 3242 lutius
426 3164 654 3253 indicaverat,
677 3162 731 3236 uti
758 3186 815 3236 ex.
840 3186 892 3258 gr.
918 3165 978 3235 ubi
1003 3167 1172 3256 templum
1198 3170 1359 3260 corporis
1376 3171 1427 3243 sui
1442 3172 1511 3243 de··

283 3255 463 3336 muttum
487 3281 573 3332 mox
593 3257 706 3332 triduo
730 3256 811 3354 post
841 3257 911 3330 elle
936 3258 1229 3333 reaedificandum
1255 3260 1338 3355 Joh.
1367 3264 1413 3339 11.
1438 3263 1512 3339 fili··

283 3381 347 3432 um
375 3353 533 3429 hominis
554 3353 623 3428 elle
657 3351 766 3427 instar
796 3351 969 3520 serpentia
993 3353 1096 3426 aenei
1121 3352 1159 3429 in
1191 3354 1329 3429 deserto
1352 3360 1510 3436 exaltan.

284 3459 389 3537 dum,
416 3453 500 3548 ‘Joh.
526 3451 588 3524 111.
613 3472 755 3525 carnem
774 3468 812 3523 et
848 3448 1035 3544 anguinem
1052 3449 1150 3524 suurn
1177 3451 1246 3526 elle
1271 3451 1343 3527 fide
1368 3455 1506 3531 sumen·

283 3552 392 3637 darn,
418 3571 449 3623 c.
474 3549 544 3621 Vl.
571 3546 723 3641 denique
747 3544 858 3617 filium
882 3543 1037 3617 hominis
1060 3545 1165 3619 instar
1188 3550 1299 3644 Jonae
1330 3550 1448 3626 triduo
1463 3551 1503 3630 in

283 3644 393 3719 corde
413 3662 526 3716 terrae
546 3641 724 3730 littorum,
750 3643 858 3714 Mart.
885 3640 965 3713 Xll.
992 3641 1204 3729 declaravit3
1229 3644 1287 3716 sed
1304 3646 1405 3720 nodio
1421 3673 1505 3722 ver·

284 3740 339 3815 bis
363 3739 400 3811 id
428 3739 583 3813 nondum
610 3737 764 3823 fecerat,
806 3756 877 3808 tem
907 3759 968 3807 ore
995 3734 1125 3833 quippe
1150 3739 1303 3812 nondum
1330 3763 1506 3838 opportu-

285 3861 346 3911 no.
385 3834 462 3907 'Sed
485 3856 568 3909 cum
594 3855 686 3905 nunc
705 3832 810 3927 paffio
836 3757 998 3919 inlaret,
1025 3855 1070 3904 ne
1095 3832 1259 3928 Apostoli
1283 3834 1508 3912 offenderem

285 3952 365 4017 tur,
388 3953 452 4003 eor
465 3930 515 4004 de
529 3954 569 4002 ca
590 3927 761 4000 certiores
786 3928 893 4014 fecit,
918 3927 974 3999 sed
988 3927 1196 4020 prudenter,
1222 3953 1266 4002 ne
1294 3931 1401 4005 nimia
1423 3957 1506 4006 cor.—

283 4029 486 4123 ripetentnr
506 4022 804 4101 consternatione.
891 4047 936 4093 oo
962 4021 1069 4107 facit,
1110 4025 1203 4118 quod
1227 4044 1310 4098 ante
1336 4028 1418 4124 ipsis
1439 4032 1507 4106 eli.-

283 4121 398 4198 ouerit
424 4146 528 4197 verae
552 4118 639 4192 fidei
665 4118 710 4192 de
729 4119 831 4216 Jesu,
896 4118 943 4190 lio
967 4115 1036 4190 Dei
1064 4140 1105 4190 ac
1130 4118 1289 4210 Christo,
1315 4126 1503 4201 coulellio·

283 4242 384 4305 nem,
403 4216 530 4315 sponte
547 4214 695 4303 fartam,
713 4233 751 4288 et
768 4237 830 4286 ote
847 4211 962 4300 Petri,
983 4236 1003 4284 e
1020 4211 1146 4288 devina
1164 4217 1397 4307 revelatione,
1417 4246 1503 4310 pro·

287 4316 405 4402 latam,
445 4309 685 4390 declaraverit
711 4332 872 4407 quoque,
908 4307 1116 4399 Ecclesium,
1161 4312 1262 4407 super
1285 4338 1326 4387 ea
1349 4315 1504 4390 veritato

284 4409 455 4490 unatim
463 4412 577 4509 ,lore
592 4423 798 4507 perpetuam
814 4422 1043 4576 aegateruurn
1052 4407 1281 4500 duraturam,
1300 4408 1506 4507 emposta.-

1592 4540 1661 4835 l
