3609 5500
275 970 348 1063 378
446 937 451 945 ι
655 961 805 1066 Historia
828 961 957 1065 Esaias.
986 957 1105 1063 ctrnst:

279 1145 318 1220 in
343 1143 496 1234 Chrom,
535 1141 593 1218 sed
620 1145 718 1241 cujus
750 1146 877 1220 nullam
904 1144 994 1221 fecit
1023 1143 1243 1220 mentionem
1284 1131 1405 1238 susp,
1442 1135 1504 1238 qui

281 1261 410 1314 nonam
449 1240 620 1315 adtribuit
646 1242 893 1317 Diocletiano:
935 1240 1072 1317 decima
1104 1239 1277 1339 denique,
1316 1236 1506 1311 secundum

281 1336 384 1425 Eus,
410 1337 470 1410 sub
491 1339 729 1412 Diocletiano.
779 1341 885 1413 Unde
910 1358 1029 1437 patet,
1054 1337 1148 1411 inter
1161 1356 1305 1412 autores
1321 1334 1400 1408 illos
1414 1332 1509 1408 haud

282 1431 517 1529 spernendum
550 1433 620 1507 esse
655 1433 855 1509 discrimen.
915 1459 947 1512 1.
972 1432 1190 1510 Hadrianum
1222 1430 1313 1506 facit
1394 1428 1508 1503 rseon

281 1543 399 1601 torem
423 1532 544 1625 Sulp,
571 1528 629 1602 sed
656 1529 805 1606 absolvit
822 1531 902 1605 sius.
952 1553 985 1603 r.
1013 1530 1216 1605 Maximino
1231 1524 1348 1601 adscri
1373 1527 1403 1598 it
1425 1543 1506 1623 per·

278 1623 501 1698 secutionem
526 1627 627 1717 Eos,
667 1625 747 1716 sed,
783 1648 865 1699 eum
888 1627 1263 1700 nonnullarum'tautum
1289 1617 1508 1715 Eccsafiam

283 1722 416 1798 ciericos
443 1721 606 1811 vexasse,
634 1740 751 1795 narrat
776 1722 871 1817 Susp.
899 1745 933 1890 p:
959 1723 1019 1819 qui
1043 1722 1151 1797 etiam
1177 1716 1365 1794 Aureliani
1390 1716 1502 1816 perse·

283 1818 439 1894 tutionis
467 1839 539 1889 non
567 1818 751 1905 meminit,
777 1840 877 1914 quam
935 1820 980 1892 us.
1008 1841 1075 1915 pro
1094 1839 1186 1892 nona
1204 1816 1322 1889 habet.
1374 1836 1412 1906 4.
1433 1814 1503 1887 De·

283 1914 392 2010 nique
417 1935 525 1987 norem
549 1934 685 2022 tantum
705 1914 865 1988 recenset
881 1913 1000 2023 sulp,
1024 1913 1084 1987 sed
1099 1916 1205 1985 decem
1232 1912 1312 1986 Eus.
1366 1910 1412 1983 ln
1427 1929 1504 2021 pan·

283 2010 1034 2278 {ddissedsfflstsssis‘ssiis
1059 2006 1353 2196 susidis
1370 2027 1506 2175 ssd}

302 2200 386 2274 uisse
401 2220 588 2296 martyres,
614 2197 851 2274 demonstrare
868 2217 1015 2275 conatus
1033 2200 1104 2291 est,
1130 2197 1323 2274 inerudita
1365 2197 1374 2212 ’
1404 2213 1506 2272 ertat.

280 2294 495 2394 Cyprianica
522 2294 707 2370 undecima
730 2295 775 2368 de
804 2301 973 2390 paucitate
996 2311 1196 2394 martyrum:
1235 2294 1296 2369 cui
1318 2290 1393 2368 sese
1421 2290 1502 2367 stre·

282 2405 355 2471 nuc
388 2388 554 2491 opposuit
588 2391 771 2467 Theodor.
804 2391 995 2466 Ruinartus
1029 2393 1067 2466 in
1100 2389 1211 2490 praef.
1244 2389 1289 2465 ad
1314 2392 1391 2465 uda
1420 2411 1503 2465 mar·

284 2508 391 2589 tyrum
407 2489 610 2584 ſsaceriora5
634 2490 695 2586 qui
720 2506 882 2563 veterum
907 2486 1122 2580 sententiae,
1147 2509 1237 2586 quae
1257 2481 1437 2561 adhocvu
1488 2519 1501 2544 ·

283 2605 320 2660 ta
355 2585 427 2672 cst,
469 2585 709 2680 patrocinium
735 2584 911 2680 praebuit.
962 2584 1064 2659 Alios
1094 2582 1219 2658 ciuffe
1250 2598 1394 2657 autom
1448 2582 1455 2596 '

282 2680 443 2767 adtinet,
477 2680 615 2776 -quippe
645 2679 726 2753 satis
751 2698 876 2754 notos:
922 2704 1027 2777 quare
1052 2679 1095 2756 ad
1119 2701 1233 2754 meam
1258 2676 1502 2777 proferendam

284 2775 495 2854 sententiam
522 2799 587 2846 me·
604 2774 777 2872 adcingor
810 2799 900 2873 quae
923 2777 995 2851 huc
1016 2775 1157 2876 redit„
1174 2775 1234 2850 seu
1257 2775 1391 2852 duabus
1413 2796 1500 2849 conr·

284 2870 516 2974 prehenditur
545 2870 711 2946 thesibus.
976 2921 980 2926 -

334 2969 367 3070 ᾗ.
397 2968 519 3043 cells.
548 2968 643 3042 Prior
668 2967 737 3052 est,
763 2989 893 3062 paucos
918 2967 1020 3041 fuisse
1045 2968 1151 3066 usque
1175 2965 1219 3040 ad
1234 2961 1501 3042 Constantinum

280 3084 454 3165 martyres
480 3083 612 3139 tantum
640 3061 771 3152 abesse,
797 3081 905 3136 utne
932 3064 1073 3160 quidem
1097 3064 1141 3137 de
1169 3063 1319 3160 periodo
1346 3062 1447 3160 hujus
1467 3076 1504 3136 et

283 3170 355 3262 seq.
382 3161 486 3237 seculi
519 3162 691 3258 usquead
720 3159 893 3249 Decium,
938 3162 996 3234 seu
1024 3160 1178 3232 medium
1213 3158 1394 3257 sequentis
1418 3160 1504 3249 seo,

283 3260 371 3338 illud
389 3279 512 3329 vetum
529 3278 676 3350 putem,
699 3277 805 3343 cum,
826 3253 918 3350 quod
932 3255 1109 3330 continuis
1126 3257 1255 3349 plebis,
1280 3254 1386 3351 saepe
1404 3254 1505 3329 etiam

285 3353 502 3437 Praesrdum,
521 3350 770 3425 vexationibus
785 3350 918 3422 suerint
935 3351 1082 3424 obnoxii
1102 3350 1312 3439 Christiani,
1335 3370 1415 3425 tum
1430 3353 1501 3428 Vc·

280 3470 400 3525 terum
425 3444 623 3524 testimonia
654 3446 700 3518 de
732 3444 959 3518 multitudine
993 3466 1202 3543 martyrum
1222 3447 1328 3519 nimis
1353 3442 1426 3522 sint
1449 3466 1506 3522 co·

144 3603 151 3619 .
281 3542 382 3646 piosa
404 3557 444 3609 et
468 3557 584 3628 certa,
614 3562 717 3635 quam
744 3558 784 3614 ut
811 3539 897 3612 fides
920 3539 964 3613 iis
988 3544 1106 3637 negari
1135 3541 1257 3638 posiit,
1282 3559 1345 3616 aut
1369 3545 1506 3620 debent.

285 3654 320 3718 t.
347 3631 563 3712 Christianos
594 3632 695 3708 fuisse
722 3660 742 3709 u
772 3635 875 3730 piebe
897 3641 1068 3710 continuo
1095 3636 1299 3725 infestatus,
1334 3659 1412 3715 non
1435 3658 1506 3715 tan·

281 3752 361 3815 turn
387 3730 524 3843 arguit,
549 3731 641 3826 quod
666 3754 713 3805 ne
741 3731 985 3842 inperatorum
1009 3733 1153 3829 quidem
1178 3732 1304 3844 edistis
1329 3732 1508 3835 compesci

99 3970 136 4021 ,ι
281 3851 463 4018 sitisti
481 3828 1511 4003 tiss,issisti¹str²0225⁶⁸ddttsstist

281 4029 335 4103 tio
357 4023 496 4120 publicu
522 4023 618 4117 quasi
649 4022 881 4117 grassabantur
912 4020 1116 4111 latrocinia,
1156 4019 1282 4119 quibus
1307 4019 1509 4121 sycophan-

279 4136 359 4211 tae,
395 4137 433 4189 ct
459 4120 629 4190 bonorum
654 4116 799 4209 cupidi,
830 4127 965 4210 φανερῶς
989 4118 1099 4212 palam
1125 4140 1162 4193 et
1188 4116 1344 4212 inpune,
1387 4120 1512 4195 nodet

279 4237 387 4315 arque
410 4212 505 4300 dies,
546 4208 747 4282 latrocinati
780 4213 876 4301 sunt,
920 4233 958 4284 ut
991 4215 1149 4308 queritur
1173 4212 1305 4285 Melito
1331 4214 1513 4290 Sardensrs

278 4313 371 4414 apud
396 4307 476 4382 Eus.
501 4307 553 4379 H.
578 4307 647 4377 IV:
675 4314 733 4378 26.
780 4308 851 4381 Nec
876 4308 935 4380 ulii
951 4312 1058 4404 magis
1078 4309 1325 4406 depostulatores
1348 4310 1510 4406 (suffiae

275 4424 408 4533 pura,
433 4399 567 4500 “indidit
593 4400 697 4509 Τετζ,
720 4401 883 4504 npdog.
916 4428 949 4484 c.
985 4425 1044 4502 35»
1078 4430 1174 4507 qam
1207 4405 1347 4517 rorigus:
1389 4406 1509 4480 rursus
