3609 5500
286 990 362 1091 280,
663 972 812 1074 ffistort'a
834 971 977 1075 Eccles..
993 970 1110 1076 Clulst.

288 1156 435 1252 letibus,
458 1148 641 1320 polignam
665 1156 854 1245 animate,
880 1180 982 1255 quam
1009 1154 1048 1229 in
1069 1150 1273 1252 principio,
1299 1151 1436 1229 Burrho
1460 1171 1508 1232 et.
1538 1212 1546 1229 .

269 1258 423 1327 'Seneca
463 1248 559 1321 diret
579 1250 694 1334 oribus
725 1251 993 1346 superstitibus„
1035 1250 1239 1348 praestitit,
1278 1248 1499 1341 desciviffet,

289 1346 536 1433 nobiliffimus,
569 1346 698 1439 quine
728 1346 867 1441 quidem
899 1367 1075 1436 amatre,
1103 1367 1238 1435 uxore,
1269 1346 1398 1443 propin
1425 1346 1500 1435 uia,

288 1465 328 1518 et
354 1445 493 1527 amicis,
520 1463 639 1513 manus
663 1440 829 1514 abstinuit
846 1464 1029 1531 cruentas,
1053 1443 1150 1537 cujus
1166 1444 1327 1514 notitiam
1346 1442 1384 1514 in
1443 1439 1499 1518 ist.

287 1537 395 1614 Rom.
423 1535 522 1630 lltpra
545 1534 646 1624 dedi,
674 1535 830 1610 terribile
860 1540 1060 1611 incendium
1089 1541 1244 1627 Romae,
1268 1535 1500 1631 quo-'confla-¹

318 1634 429 1721 ravit,
448 1629 562 1726 forte,
589 1656 631 1702 an
656 1634 723 1703 dolo
745 1633 903 1727 Principis
919 1632 1138 1730 suscitatum,
1170 1635 1347 1721 incertum,
1381 1650 1422 1704 ut
1447 1632 1502 1708 ait

286 1659 435 1803 lucitus
459 1728 550 1798 Anu.
570 1726 674 1817 XV„
699 1726 756 1800 sed
774 1728 937 1819 Neronr,
963 1750 1123 1824 tanquam
1141 1728 1255 1801 autori
1274 1728 1500 1823 inputatum,

286 1824 460 1919 opinione
485 1822 604 1916 uulgi,
639 1845 704 1915 qua
730 1821 920 1918 imperator
941 1824 1146 1897 credebatur
1173 1825 1314 1918 glorium
1340 1828 1500 1897 innovan-

285 1923 346 1996 dae
369 1921 456 1991 urbis
481 1912 620 2012 quaestui
647 1939 684 2006 e,
718 1914 908 2000 secundum
935 1920 1060 2014 Sulpit.
1086 1918 1328 1992 SeverumH.
1353 1917 1400 1992 Ee
1424 1919 1497 2010 11.,

287 2036 328 2104 ut
361 2011 439 2088 ase
472 2029 693 2098 removeret,
734 2032 772 2085 ec
804 2037 981 2087 rumorem
1013 2015 1108 2088 illum
1140 2014 1315 2100 aboleret,
1347 2010 1498 2107 subdidit⁸

284 2137 375 2199 teos,
414 2126 447 2183 et
473 2103 708 2203 quaestliffimis
730 2114 837 2203 poenis
860 2107 1005 2203 adfecit,
1039 2133 1113 2203 quos
1135 2126 1193 2200 ptr
1209 2106 1352 2205 flagitia
1378 2108 1498 2205 inuisos

285 2210 404 2300 uulgus
432 2201 624 2300 Christianos
649 2204 857 2298 adpellata,
883 2208 991 2278 verba
1014 2204 1233 2277 sunt'Tacit.
1261 2206 1281 2278 Ι.
1308 2226 1339 2278 c.
1363 2207 1426 2299 qui
1453 2229 1498 2282 ea

287 2300 469 2376 occalione
507 2296 693 2371 veritatem
725 2298 890 2374 historiae
922 2298 1050 2397 Christi
1085 2299 1229 2395 egregie
1271 2297 1496 2393 adtestatur,

284 2399 426 2487 dicens,
450 2417 511 2468 eos
534 2392 693 2491 acuristo
716 2417 846 2468 nomen
874 2396 1032 2483 traxille,
1057 2395 1116 2468 sub
1140 2392 1269 2469 Pontio
1292 2393 1405 2468 Pilato
1432 2420 1498 2474 oc·

287 2495 382 2581 ciso,
408 2511 446 2563 et
470 2486 506 2559 in
526 2489 662 2657 [gudam
688 2513 760 2562 non
793 2491 922 2579 solum,
962 2491 1083 2587 sed-et
1113 2513 1177 2585 per
1201 2489 1342 2580 orbem,
1382 2490 1496 2569 etiam

282 2592 445 2673 Romae,
471 2584 522 2658 fui
551 2584 843 2660 ediffeminato's:
867 2584 964 2657 addit
985 2603 1184 2680 praeterea,
1204 2584 1361 2674 ,coslam
1380 2594 1496 2680 petitu

283 2687 322 2763 de
346 2689 380 2756 in
399 2682 528 2756 crimine
547 2684 702 2770 incendii,
729 2707 823 2777 quum
846 2684 913 2753 odio
925 2683 1053 2775 generis
1069 2680 1221 2772 humani,
1247 2677 1307 2775 effe
1324 2686 1495 2764 conamus.

282 2781 339 2873 Ex
356 2800 425 2875 quo
442 2774 608 2884 colligere
624 2777 729 2863 licet,
755 2778 941 2849 Neronem
960 2775 1192 2866 Christianos,
1216 2800 1281 2885 qua
1298 2779 1401 2868 talea,
1421 2803 1498 2862 non

282 2895 355 2947 tam
379 2872 538 2965 persequi
556 2868 763 2962 intendisse,
787 2894 889 2967 qnam
918 2871 1074 2944 incendii
1099 2890 1136 2944 et
1153 2869 1371 2968 flagitiorum
1393 2896 1497 2972 reos,

284 2970 384 3051 simul
408 2966 451 3040 iis
476 2966 546 3038 hoc
571 2964 763 3061 inputalle,
789 2967 867 3062 quia
892 2967 998 3040 fidem
1017 2966 1149 3040 licilius
1167 2966 1328 3038 invenire
1351 2991 1500 3064 poterat
1526 2954 1546 2997 f

281 3064 348 3141 ista
372 3059 596 3150 criminatio,
625 3060 737 3158 ¹srmul
765 3063 885 3157 populi
918 3062 1076 3136 favorem
1111 3060 1173 3134 fibi
1205 3059 1398 3136 conciliare
1425 3066 1497 3145 hac

279 3161 419 3242 ratione
446 3159 601 3250 valeret,
633 3158 726 3254 quod
750 3157 912 3233 homines
936 3157 1053 3255 paffim
1080 3154 1237 3246 odiosos,
1269 3180 1336 3252 pro
1360 3161 1496 3240 Roma.¹

280 3258 319 3332 ni
346 3253 494 3352 inperii,
521 3253 625 3328 etita
647 3255 949 3348 garnitionem,
975 3252 1130 3326 hostibus
1152 3249 1311 3338 habitos,
1335 3257 1497 3336 emedio

280 3349 406 3431 tollere
420 3349 461 3421 ad
506 3349 669 3421 ederetur
685 3353 842 3437 Romae,
869 3352 1058 3443 urbemque
1074 3349 1157 3419 itaa
1183 3343 1351 3438 scelestis,
1376 3369 1414 3423 et
1430 3377 1496 3449 pe.

182 3513 185 3518 .
278 3438 443 3540 regrinae
464 3372 723 3536 ldperstitionis
748 3439 836 3529 reis,
882 3460 1061 3550 putaret.
1113 3441 1335 3534 Saevilstmae
1372 3465 1495 3527 autem

278 3542 359 3620 suae
386 3535 496 3610 indoli
521 3537 621 3630 plane
639 3535 757 3608 fraena
779 3534 931 3624 laxavit,
951 3465 1037 3609 dum
1057 3536 1148 3609 haud
1172 3536 1333 3633 exiguam
1349 3543 1496 3636 copiam

278 3631 556 3711 Christianorum
586 3629 798 3725 perdiderit,
823 3651 1004 3726 praeterea
1026 3631 1254 3706 crudeliffime
1278 3637 1317 3705 in
1341 3657 1404 3707 eos
1419 3640 1495 3713 sae.

278 3729 409 3816 vierit,
441 3723 530 3798 teste
557 3725 709 3812 Tacit03
748 3723 804 3798 alli
832 3728 927 3798 enim
952 3726 1101 3800 ferarum
1129 3727 1236 3821 tergis
1263 3729 1418 3803 contedli
1444 3728 1496 3811 la.¹

279 3827 378 3909 niatu
404 3845 530 3896 canum
557 3819 788 3911 interierunt,
812 3820 871 3895 alii
891 3823 966 3895 sunt
991 3821 1088 3897 cruci
1114 3821 1242 3911 adfini,
1268 3821 1319 3895 uti
1349 3824 1495 3921 Petrus,

277 3922 337 4002 alii
363 3916 555 4009 flammati,
583 3936 620 3990 et
647 3917 685 3991 in
710 3917 805 3990 usum
832 3917 997 3994 nodlurni
1024 3917 1187 4007 luminis,
1214 3916 1403 4011 combusti,
1428 3925 1492 4020 qui

277 4017 365 4116 palis
386 4013 539 4109 alligati,
572 4036 665 4087 unco
689 4012 822 4109 gutturi
844 4011 989 4107 suffixo,
1017 4016 1137 4104 tacda,
1161 4038 1319 4110 papyr0‚
1345 4035 1381 4087 et
1408 4042 1493 4099 cera

275 4107 503 4197 circumdati,
546 4109 643 4182 lance
683 4112 762 4183 oleo
796 4110 898 4205 plena
940 4110 1049 4207 capiti
1085 4108 1254 4205 inpolita,
1295 4106 1361 4180 usti
1395 4114 1488 4197 sunt.

276 4210 359 4317 Quo
385 4203 492 4284 etiam
513 4204 675 4281 adludere
700 4205 862 4283 censetur
882 4206 1062 4306 Juvenalis
1085 4207 1157 4286 Sat.
1180 4209 1209 4284 Ι.
1233 4206 1296 4282 lib.
1322 4205 1352 4279 Ι.

1301 4510 1310 4518 ’
1401 4496 1488 4589 Pom

280 4581 296 4616 t
