3609 5500
429 687 506 781 '492'
830 676 979 777 sstflori'u
1000 676 1133 783 Eccles.
1160 676 1276 781 Clrffl'

436 856 587 951 inerint,
617 852 718 937 vute
751 861 1017 939 meaverunt
1039 824 1113 955 ti,
1154 864 1238 941 ium
1251 862 1319 939 ¹aii
1345 860 1534 959 ,turigii
1549 858 1608 939 dei

439 957 538 1037 intell
597 974 658 1047 nt,
689 952 744 1030 uti
763 956 924 1053 pluribus
946 980 1092 1035 conatur
1117 958 1169 1037 est
1190 956 1420 1035 demonstrare
1439 960 1605 1056 Beveregint

437 1056 462 1131 l.
487 1075 521 1129 c.
540 978 605 1127 'i'ed
627 1050 688 1129 alii
710 1052 939 1149 quadraginta
972 1076 1108 1131 tantuin
1138 1059 1252 1147 lotas,
1284 1054 1373 1129 adeo
1400 1074 1435 1129 ut
1454 1054 1606 1151 jejunaturi

438 1148 551 1225 suerit
574 1170 649 1225 non
673 1166 812 1223 tantum
840 1150 963 1224 duobus
986 1151 1129 1243 diebus,
1169 1150 1323 1226 Veneris
1346 1170 1383 1223 et
1407 1150 1529 1229 Sabbati
1547 1170 1608 1223 ante

436 1245 557 1337 diem,
587 1269 659 1344 quo
687 1244 878 1318 resurrexit
897 1244 1084 1351 ‘christun
1113 1248 1171 1321 sed
1187 1268 1225 1321 et
1239 1250 1381 1321 nudibus
1394 1270 1533 1343 quoque,
1565 1242 1609 1341 qui

437 1341 558 1441 itaque
589 1362 728 1509 teinpgp
751 1340 1003 1509 ii0h⁶h⁵p⁰⁰s¹
1034 1342 1272 1515 defidqiiessnt
1304 1343 1507 1511 puadiugiipa
1526 1342 1608 1509 stilis:

436 1458 768 1629 {inindiligjmaii
791 1437 1168 1630 oiiepiiaunsteiiiiapueiiti
1184 1462 1353 1609 suiiiiiiiiiii
1372 1460 1472 1609 iiidie
1486 1461 1550 1605 iiiii
1562 1456 1607 1603 dli,

438 1628 612 1706 minicae:
637 1626 731 1725 quod
753 1626 904 1722 spatium
927 1624 1048 1702 exatte
1069 1632 1285 1725 quodraginta
1308 1628 1359 1703 est
1382 1632 1534 1703 lirnium:
1552 1626 1605 1698 diei

439 1728 538 1803 enirn
562 1721 718 1799 Veneris
747 1723 865 1797 adhuc
888 1724 948 1798 sex
972 1723 1141 1817 habebat,
1174 1724 1249 1799 dies
1272 1726 1412 1799 Saturni
1440 1748 1510 1798 cuni
1531 1720 1605 1795 nulle
1633 1730 1636 1743 '

463 1818 674 1895 raecedente
699 1821 822 1912 viginti·
843 1837 999 1914 quatuor,
1042 1844 1129 1917 quae
1156 1840 1256 1895 erant
1277 1824 1416 1919 triginta
1438 1820 1547 1909 horae,
1565 1814 1607 1889 ad·

435 1846 566 1991 gantur
585 1916 694 1987 decem
715 1936 789 2015 pro⁸
802 1913 929 2005 nodie,
950 1914 1046 1991 diem
1062 1914 1278 1991 dominicum
1296 1914 1531 2013 praecedente,
1550 1932 1605 2005 qiu·

432 2012 493 2083 dra
521 2017 587 2083 'nto
612 2006 819 2083 exorientur
842 2008 969 2099 horae,
1002 2008 1143 2085 Christo
1172 2014 1298 2085 laabin
1329 2008 1425 2086 lioris
1446 2028 1517 2083 ante
1536 2008 1603 2081 dieii

435 2128 459 2181 e
499 2102 658 2181 oscitato.
705 2102 822 2217 Quam
836 2103 1044 2181 sententiam
1059 2108 1216 2204 pluribus
1236 2104 1412 2183 adstruere
1428 2096 1604 2181 conatusell

432 2202 598 2279 Dallaeus
618 2200 665 2273 de
687 2199 804 2298 Jejun.
831 2201 855 2275 l.
880 2202 946 2275 ΙΙΙ.
970 2224 1003 2276 c.
1030 2222 1064 2297 7.

484 2300 517 2397 s.
542 2292 705 2372 CXXIX.
737 2294 912 2371 Omnibus
942 2296 1012 2371 rite
1035 2296 1257 2394 ponderatis,
1290 2296 1330 2372 in
1354 2296 1481 2373 Dallaei
1503 2291 1605 2367 senten·

433 2393 524 2468 tiam
546 2414 620 2465 non
640 2412 768 2465 vereor
791 2391 1023 2483 descendere,
1048 2392 1171 2468 oblias
1185 2394 1352 2469 rationes.
1407 2418 1437 2469 i.
1461 2396 1536 2466 Cuiii
1548 2384 1603 2458 diii·

432 2487 514 2562 isset
543 2488 659 2571 iren,
682 2483 768 2558 alios
789 2507 907 2575 unum,
931 2484 1015 2560 alios
1036 2490 1133 2577 duni,
1156 2490 1242 2563 alios
1264 2493 1366 2563 etiam
1378 2492 1482 2587 plures
1492 2476 1603 2582 jejunas·

433 2583 470 2658 se
494 2581 588 2667 dier,
619 2574 730 2653 minin
751 2599 855 2676 apte,
886 2580 973 2657 alios
996 2606 1056 2673 40.
1079 2585 1146 2655 dies
1168 2582 1206 2659 id
1228 2584 1371 2676 secisse,
1404 2586 1603 2680 subjungeret»

432 2700 514 2756 cuin
541 2672 634 2774 quod
657 2672 792 2774 phrasi,
812 2676 921 2770 plures
945 2677 1040 2766 dies,
1064 2679 1305 2776 coinpr'ehenfi
1332 2682 1418 2773 sint,
1449 2674 1602 2775 tudetiani

433 2777 552 2876 plures
573 2769 688 2861 dicat,
719 2793 949 2870 argumento,
980 2774 1133 2870 generali
1167 2775 1235 2850 hac
1259 2777 1373 2870 phrasi
1396 2761 1603 2872 comprehendi

434 2895 578 2960 ornnes,
602 2868 662 2966 qui
674 2869 804 2964 plures,
837 2871 1051 2966 quamduos,
1085 2869 1161 2944 dies
1187 2869 1420 2967 transigebant
1439 2873 1603 2970 jejunantes.

432 2991 469 3043 a.
494 2967 532 3040 si
556 2987 607 3053 40
629 2963 868 3060 intelligantur
889 2967 979 3055 dies,
1003 2966 1109 3038 verba
1135 2965 1314 3061 sequentia
1338 2969 1384 3044 de
1413 2969 1491 3043 litiis
1515 2961 1604 3034 rodii·

430 3067 484 3135 nis
507 3081 540 3132 et
560 3059 708 3147 diurnis,
743 3061 871 3226 puibus
898 3066 981 3138 ditm
1006 3061 1102 3134 suum
1125 3062 1382 3155 metiebantur,
1423 3053 1602 3138 coiuuiodlm

431 3177 505 3227 non
531 3151 721 3228 admittunt
757 3154 897 3241 ensutn3
936 3177 1017 3228 cuin
1042 3177 1114 3228 iioii
1147 3157 1279 3244 tradat,
1321 3161 1452 3255 aliquos
1474 3156 1515 3232 lic
1532 3169 1601 3226 com·

431 3267 556 3344 putare
571 3247 665 3319 diem
678 3247 826 3341 jejunii.
854 3247 912 3321 sed
943 3250 980 3320 iii
995 3272 1125 3346 genere
1140 3249 1234 3326 diem
1260 3251 1308 3326 sic
1327 3273 1529 3352 computare.
1560 3239 1602 3312 Ex

429 3363 500 3440 quo
526 3341 761 3434 colligendum
785 3339 856 3432 est,
888 3366 1030 3435 omnes,
1057 3343 1172 3443 quiin
1192 3370 1340 3422 nurnero
1363 3339 1602 3426 dierumdistie·

428 3439 577 3537 pabant,
602 3435 718 3510 secum
736 3433 774 3509 iii
791 3461 836 3511 eo
854 3439 1069 3530 convenire,
1095 3442 1188 3540 quod
1217 3443 1312 3516 diem
1331 3445 1458 3540 jejunii
1476 3442 1516 3517 sic
1529 3452 1600 3510 mel·

428 3531 598 3620 suraiint,
623 3548 662 3606 ut
679 3529 781 3605 horas
797 3533 981 3608 nouurnas
997 3535 1104 3610 etiarn
1128 3536 1354 3634 inpenderint
1368 3539 1513 3637 jejunio:
1533 3553 1572 3638 qu·
1661 3621 1662 3627 ἵ

428 3633 472 3706 ab
498 3627 596 3704 onini
619 3628 791 3725 probabili
815 3630 1002 3741 pbhorret,
1026 3655 1107 3740 cuni
1130 3655 1178 3722 40
1201 3633 1323 3708 diebus
1335 3657 1406 3803 per
1427 3631 1548 3709 nosleni
1560 3645 1599 3732 μ’.

421 3727 548 3826 'juiiare
581 3747 660 3836 noti
686 3743 893 3863 potuerint,
912 3748 1002 3837 ‘nec
1026 3746 1131 3800 etiam
1164 3751 1332 3837 verume
1371 3785 1384 3841 3
1414 3732 1489 3826 quia
1507 3721 1599 3886 vespidn

425 3820 1226 4028 lllbllsstlllti,marsillin
1253 3822 1550 4020 bilibri.
1569 3863 1598 3977 t

420 4012 605 4109 rigidiores
629 4007 761 4106 aliquoi
781 4010 956 4107 jejunium
983 4015 1024 4087 ad
1049 4011 1130 4109 galli
1156 4033 1322 4106 cantum,
1356 4038 1394 4092 et
1417 4017 1498 4093 lucis
1519 4023 1596 4082 einr·

420 4129 516 4202 urm,
538 4102 755 4206 ptoducere:
787 4108 887 4207 quale
908 4107 1081 4208 jejunium
1096 4113 1257 4212 dispereas
1280 4112 1485 4252 stipetposilio
1506 4095 1596 4273 Ἓξ.
