3609 5500
587 710 593 719 ’
654 714 659 721 ’
709 715 817 803 Secut
839 714 896 801 lla
1338 738 1416 829 ιγ,

229 899 272 1003 §.
306 899 422 979 CXV.
471 900 525 979 Hi
565 918 706 977 autores
737 902 938 979 Reformati
974 900 1013 978 in
1046 922 1087 978 ea
1119 904 1247 1004 pallim'
1271 906 1417 985 suerunt

175 999 392 1098 opinione,
419 1000 614 1089 Christum,
640 1000 829 1073 secundum
846 1002 987 1090 Patres,
1012 1000 1050 1073 in
1075 1004 1280 1077 eucharistia
1305 1007 1414 1081 sacra·

174 1096 399 1170 mentaliter
422 1116 460 1167 et
484 1096 632 1195 mystice
656 1096 726 1168 elle
750 1098 992 1192 praesentem,
1017 1120 1145 1193 corpus
1170 1122 1257 1171 vero
1283 1099 1413 1175 Christi

176 1190 361 1289 adpellari
385 1214 533 1287 panem,
556 1192 651 1287 quod
674 1191 824 1288 figuret,
859 1193 897 1264 in
920 1193 1072 1291 pignore
1097 1192 1284 1284 exhibeat,
1311 1198 1411 1271 deni-

174 1314 261 1386 que
287 1285 366 1360 vim
392 1292 549 1382 corporis
567 1287 694 1361 Christi
720 1288 911 1385 possideat,
935 1307 1105 1385 quatenus
1121 1289 1270 1362 eundem
1298 1291 1409 1367 effec·
1502 1342 1509 1347 -

177 1404 271 1460 tum
307 1404 376 1480 per
406 1384 553 1478 gratiam
582 1383 712 1456 Christi
743 1382 902 1478 praestat.
955 1388 1062 1459 Hanc
1093 1384 1200 1471 fidem
1232 1406 1415 1463 autumant

175 1484 354 1558 Veteres
386 1478 534 1553 tenuille
571 1480 678 1575 usque
710 1482 752 1551 ad
792 1479 947 1552 medium
982 1483 1051 1553 sec.
1085 1480 1225 1572 Vllmt',
1273 1484 1413 1581 quando

178 1574 394 1651 Anastasius
416 1577 573 1665 Sinaita,
605 1594 643 1648 et
659 1574 743 1654 dein
759 1573 827 1649 sec.
852 1577 965 1665 Vlll,
981 1576 1064 1673 Joh.
1090 1576 1411 1667 Damascenis,²in

180 1675 335 1746 Graeca
357 1672 510 1746 Ecclesia
535 1672 708 1770 paululum
736 1670 862 1744 aVet.
887 1672 1061 1745 sententia
1084 1670 1251 1763 deflexit,
1276 1679 1413 1770 inpona-

181 1772 313 1841 tionem
335 1762 540 1859 statuendo,
566 1770 625 1841 seu
655 1766 810 1839 Divinae
833 1784 977 1841 naturae
1002 1790 1087 1841 curn
1113 1790 1202 1863 pane
1220 1771 1410 1861 unionema

180 1864 314 1937 donec
344 1862 410 1936 sec.
435 1866 498 1936 tx.
537 1860 738 1936 Transubst.
774 1862 882 1936 fuerit
914 1886 980 1961 per
1012 1862 1227 1937 Paschasrum
1255 1868 1413 1943 Radber·

186 1980 275 2033 tum
299 1956 520 2047 introduila,
552 1958 616 2032 etsi
643 1957 840 2032 Blondellus
859 1958 976 2055 ipsum
1007 1959 1121 2033 adhuc
1145 1959 1182 2033 in
1210 1966 1414 2037 anationern

182 2049 350 2127 slatuiffe
376 2054 581 2129 contendat.
627 2053 697 2127 Sed
719 2052 961 2128 nostrahabet
985 2056 1130 2153 opinio,
1196 2076 1331 2133 eternm
1347 2083 1414 2155 pet

190 2149 322 2225 omnia
346 2149 460 2223 secula
481 2147 730 2247 praecedentia
753 2149 919 2240 eandem,
945 2174 1032 2247 quae
1048 2151 1266 2227 Damasceno
1289 2156 1413 2230 tribui·

191 2264 278 2335 tur,
318 2244 421 2319 fuisse
451 2245 688 2334 sententiam,
730 2245 890 2319 adeone
920 2269 982 2319 eos
1016 2242 1214 2336 censuisse,
1255 2249 1414 2325 divinam

188 2339 330 2416 Christi
354 2358 535 2429 naturam,
561 2341 620 2414 seu
646 2268 929 2437 SpiritumiJei,
954 2342 1026 2415 sese
1052 2363 1131 2413 cum
1155 2364 1248 2451 pane
1273 2365 1311 2419 et
1328 2347 1428 2443 vino,

186 2436 372 2527 univisse,
396 2436 475 2510 sere
498 2436 587 2510 sicut
613 2460 696 2510 cum
721 2436 871 2511 humana
893 2456 1018 2513 natura
1041 2434 1268 2527 Christ1,·ita
1293 2462 1332 2517 ut
1355 2468 1415 2540 pa·

187 2556 280 2607 nem
300 2552 339 2607 et
355 2531 480 2606 vinum
498 2530 755 2628 occupaverit,
781 2550 819 2605 et
841 2529 1030 2623 insederit,
1055 2554 1097 2606 ac
1113 2532 1347 2631 spiritualem,
1375 2560 1415 2617 et

185 2628 465 2718 vivificantem,
495 2628 571 2701 vim
594 2650 674 2701 cunr
697 2628 741 2701 iis
764 2629 1098 2704 communicaverit:
1131 2632 1190 2703 sed
1215 2656 1302 2729 quae
1329 2636 1417 2710 unio

188 2722 408 2800 interiorem
429 2722 530 2822 panis
551 2740 590 2798 et
612 2724 689 2798 vini
715 2742 873 2800 naturam
887 2748 1007 2822 aeque
1027 2723 1157 2800 salvam
1185 2728 1347 2824 reliquit,
1372 2755 1415 2806 ac

191 2819 387 2894 humanam
410 2840 567 2895 naturam
576 2845 590 2912 3
615 2820 768 2894 adeo-ut
793 2819 892 2917 panis
913 2841 953 2893 et
968 2819 1091 2894 vinum
1119 2844 1203 2894 vere
1228 2824 1419 2900 manserit:

194 2916 371 2990 videntur
400 2934 583 3012 praeterea
613 2939 689 2991 rern
720 2915 956 3011 spiritualem,
997 2938 1077 2988 cum
1100 2913 1144 2986 iis
1168 2915 1417 3010 conjunilam,
1451 2970 1456 2978 ,

194 3029 365 3109 tanquam
390 3013 471 3108 quid
499 3017 628 3108 ignorem
653 3009 870 3108 percepisse,
895 3009 988 3106 quod
1012 3008 1225 3106 pervadere,
1250 3008 1308 3086 seu
1331 3017 1418 3110 peri

192 3129 339 3197 meare,
372 3109 531 3204 potuerit
547 3131 680 3218 panem
705 3125 743 3179 et
765 3106 898 3181 vinum.
950 3106 1115 3179 Ceterum
1130 3105 1314 3183 elementa
1338 3111 1414 3204 illa,

189 3223 268 3278 tam
294 3203 390 3278 artie
414 3225 496 3278 curu
520 3203 642 3293 divina
665 3221 788 3277 natura
802 3201 921 3293 unita,
948 3201 1206 3277 constituerunt
1233 3222 1358 3302 typum
1376 3227 1416 3285 et

190 3301 346 3412 figuram
378 3298 540 3396 corporis
572 3318 609 3374 et
639 3297 817 3394 sanguinis
843 3296 992 3388 Christi,
1033 3321 1112 3375 cum
1145 3299 1268 3372 eadem
1292 3321 1418 3380 natura

190 3397 321 3472 divina
344 3395 460 3486 uniti,
501 3395 551 3469 ita
578 3395 681 3470 utin
713 3393 922 3469 eucharistia
947 3396 1044 3494 panis
1078 3413 1115 3470 et
1138 3394 1261 3468 vinum
1296 3399 1420 3478 locum

194 3491 361 3601 corporis
382 3513 425 3564 ac
449 3491 625 3588 sanguinis
650 3487 778 3565 Christi
804 3511 967 3579 teneant,
995 3489 1212 3586 eandemque
1236 3493 1310 3566 vim
1334 3515 1421 3574 cum·

194 3609 297 3660 vena
321 3587 565 3676 credentibus,
597 3585 840 3660 eucharistiam
869 3587 1101 3675 sumentibus,
1137 3590 1416 3669 communicent.

167 3721 178 3730 ·
195 3683 282 3784 Qua
297 3681 417 3756 eadem
434 3683 573 3758 ratione
588 3683 633 3756 de
649 3681 805 3778 baptismo
820 3683 997 3778 senserunt
1015 3701 1052 3754 et
1068 3680 1177 3754 locuti
1195 3682 1283 3756 sunt.
1334 3687 1418 3762 Pro·

193 3803 244 3876 pe
276 3778 321 3853 ad
351 3777 501 3853 nostram
536 3779 707 3853 accedere
734 3776 877 3851 uidetur
905 3775 1116 3851 sententiam
1142 3777 1178 3850 P.
1202 3777 1247 3850 de
1272 3781 1418 3875 Marca,

192 3877 299 3972 cujus
323 3873 487 3948 trailatus
519 3875 630 3948 exstat
653 3874 692 3947 in
717 3875 902 3949 collectione
924 3870 1119 3969 diuersorum
1141 3873 1348 3949 trailatuum
1373 3880 1420 3952 de

193 3969 440 4059 Eucharistia,
474 3969 593 4068 lingua
617 3971 704 4043 Gall.
729 3969 824 4043 edita
849 3969 1100 4058 Roteeodami,
1140 3967 1204 4041 nist
1230 3971 1322 4065 quod
1342 3995 1419 4050 eam

195 4067 414 4163 opinionem
448 4083 584 4142 tantum
610 4065 766 4140 manfiffe
792 4065 957 4160 opinatur
982 4065 1090 4139 suerit
1115 4061 1284 4159 usquead
1310 4065 1419 4162 Chry·

198 4162 417 4254 sostomunr,
458 4181 520 4255 et,
551 4179 695 4263 praeuer
720 4159 880 4330 dignam
904 4180 1098 4250 noctuam,
1129 4181 1267 4256 qunque
1297 4163 1428 4332 rcahmepr

263 4327 268 4332 .
314 4307 324 4320 ·
815 4277 874 4330 00
899 4275 920 4332 2
1373 4281 1386 4332 l
1415 4285 1430 4346 ι
