3609 5500
243 395 1658 745 u

691 973 696 986 ’
807 979 917 1065 secur.
940 977 1015 1067 ΙΙῙ.
1448 983 1521 1090 663

290 1171 360 1253 Sed
384 1167 536 1246 eximius
560 1154 663 1267 piane
686 1164 737 1242 est
760 1168 857 1243 locut
875 1187 1005 1244 comm.
1030 1166 1066 1241 in
1085 1164 1168 1265 Joh.
1193 1189 1230 1268 p.
1255 1175 1352 1263 41¹5
1366 1159 1438 1270 quo
1467 1183 1518 1248 a«

289 1274 347 1350 nis
371 1266 616 1343 eucharisticus
645 1289 726 1340 cunr
753 1264 879 1354 ortua,
912 1267 1023 1363 Judae
1045 1264 1349 1361 proditori'data,
1375 1192 1519 1344 conset·

294 1384 374 1456 tut,
408 1366 628 1461 diciturque,
655 1360 919 1451 canosinam,
953 1360 1136 1437 achrtsto
1162 1360 1328 1454 tatum,·-
1344 1365 1520 1459 accepisse

287 1465 364 1542 vim
379 1462 550 1560 quandam
570 1458 815 1556 spiritualem,
840 1465 953 1555 quae,
976 1456 1041 1532 nist
1058 1461 1247 1555 perversae
1263 1457 1384 1534 suisset
1411 1461 1520 1534 indo-¹

293 1562 337 1639 iis
361 1561 485 1658 Judas,
511 1575 548 1630 et
571 1580 589 1629 a
613 1556 729 1632 satana
752 1554 971 1651 intercepta,
1005 1555 1091 1628 boni
1116 1556 1199 1655 quid
1218 1557 1261 1631 in
1286 1578 1366 1630 eum
1391 1575 1518 1630 contu·

293 1655 406 1743 liffet,
448 1653 515 1741 fic,
542 1653 738 1751 subjungit,
779 1673 856 1726 rem
883 1652 956 1725 sese
978 1650 1110 1726 habere
1134 1677 1216 1727 cum
1245 1671 1330 1747 pene
1352 1668 1384 1726 et
1411 1657 1518 1728 calice

292 1755 332 1832 in
348 1747 571 1838 eucharistia,
597 1752 706 1826 eadem
723 1752 756 1820 ie
769 1765 854 1843 pure
872 1763 903 1821 et
917 1749 1030 1844 pecase
1055 1755 1175 1823 virture
1191 1748 1356 1846 superiore
1375 1754 1408 1822 r'rt
1433 1753 1520 1827 bene

285 1852 444 1953 subjrsia
469 1846 665 1943 disposttt'ortr
688 1861 837 1941 operante
864 1849 1000 1935 benum,
1033 1849 1067 1915 sn
1090 1846 1219 1941 acsfesiu
1244 1870 1315 1920 rere
1339 1848 1423 1919 muse
1447 1864 1519 1941 epe·

295 1963 392 2026 rente
418 1947 675 2018 damnationem:
700 1968 719 2018 a
747 1942 861 2017 noscit
884 1943 1003 2040 itaque
1023 1939 1172 2037 Origcn.
1200 1947 1326 2040 suaper
1350 1946 1430 2042 λέγει
1452 1947 1521 2017 rir-

297 2046 399 2120 sutem
417 2043 507 2117 rerbi
517 2040 560 2113 in
577 1965 793 2115 euchartriia.
828 2039 993 2141 Quocum
1017 2038 1172 2113 conferri
1199 2045 1354 2116 meretur
1369 2038 1519 2140 August.-

295 2145 424 2216 co'ntta
455 2136 631 2214 Donatist.
663 2139 684 2213 st
717 2137 784 2210 Hs.
816 2160 848 2212 c.
892 2156 960 2227 15:
977 2132 1025 2207 ad
1054 2135 1224 2232 majorem
1254 2136 1521 2212 illustrationem

293 2238 435 2325 dicens,
458 2232 667 2333 sacramente
692 2234 804 2307 divina
828 2236 936 2309 virtus
960 2227 1107 2328 edststit,
1140 2232 1212 2326 stre
1238 2234 1443 2331 adsalutem
1465 2238 1525 2308 be&

294 2335 540 2424 uertentium,
575 2330 647 2427 stre
671 2331 715 2404 ad
733 2333 912 2427 perniciem
937 2329 1229 2408 materterarum:
1271 2329 1319 2406 src
1341 2351 1378 2406 et
1402 2333 1426 2422 l,
1448 2332 1520 2412 lvi

303 2547 306 2552 ·
345 2526 377 2624 p.
401 2522 775 2621 LX.·Eri'Cyptiano,
800 2522 886 2599 sicet
910 2523 1123 2602 sententiam
1144 2527 1235 2601 hanc
1259 2525 1427 2601 adcurate
1443 2526 1519 2603 tion

297 2617 530 2719 explicuerit,
572 2624 739 2697 nonnulla
758 2626 889 2695 'tanien
923 2622 997 2731 ejus
1026 2622 1118 2697 haud
1151 2623 1294 2697 obscura
1328 2619 1522 2720 specimina

298 2717 377 2793 erui
401 2713 550 2812 poffirnt.
603 2718 688 2792 Huc
710 2719 808 2792 enim
846 2740 876 2792 1.
909 2717 1038 2792 diserta
1069 2721 1221 2794 tendunt
1255 2720 1354 2810 soca,
1395 2719 1523 2816 quibua¹

295 2817 441 2912 Spiritus
458 2812 493 2884 S.
518 2813 687 2887 adseritur
702 2838 781 2890 cum
806 2836 890 2910 aqua
908 2813 1070 2911 baptismi
1095 2817 1189 2891 artie
1208 2817 1426 2914 conjunsius.
1451 2815 1521 2914 Ep.

295 2932 358 3011 74.
376 2910 418 2984 ad
428 2910 633 3005 Pompejum,
658 2908 769 3002 dicit,
790 2927 929 3005 peccate
942 2929 1125 3010 purgareet
1140 2913 1522 3015 staminemsaneir'ficere

294 3029 382 3104 equa
398 3003 472 3103 sela
490 3029 548 3078 non
562 3004 684 3100 petest,
710 3007 771 3102 nist
787 3008 906 3080 stabeer
924 3024 955 3081 et
975 3012 1134 3105 Spiritum
1151 3012 1186 3085 S.
1211 3042 1266 3065 ··
1286 3046 1340 3064 —
1361 3015 1416 3066 -·'·
1438 3017 1521 3106 bap·
1656 3090 1658 3092 ¹

293 3106 395 3202 risere
420 3100 480 3198 effe
496 3100 569 3194 stne
601 3105 726 3196 Spiritu
762 3125 821 3177 non
848 3098 962 3198 petest.
1016 3106 1076 3180 Sic
1106 3125 1143 3178 et
1175 3106 1250 3180 aliis
1283 3105 1390 3195 locis,
1433 3130 1522 3203 aqua

285 3198 497 3306 sanetificarr‘
520 3200 639 3272 dieitur
669 3206 729 3294 pe‘r
753 3198 910 3299 spiritum
933 3201 969 3274 S.
1003 3200 1056 3274 uti
1090 3202 1156 3298 Ep.
1191 3223 1250 3296 70.
1285 3200 1328 3274 ad
1358 3201 1521 3298 Jubaian.
1715 3211 1719 3219 '

292 3298 442 3397 quemodo
469 3313 577 3368 autem
605 3319 721 3391 equum
745 3299 896 3372 mundare
921 3315 953 3370 et
965 3294 1177 3394 sensificare
1204 3295 1327 3392 peresi,
1368 3301 1424 3392 ptri
1453 3297 1520 3393 ipse

267 3462 273 3473 .
296 3395 467 3472 inmundas
484 3391 551 3491 est,
576 3396 661 3487 apud
682 3418 771 3490 quem
790 3393 931 3490 spiritus
948 3418 1009 3466 non
1026 3393 1087 3492 est:
1117 3393 1209 3468 unde
1224 3393 1422 3468 haereticos
1442 3396 1518 3472 nori

296 3490 397 3594 poss'e
421 3512 544 3564 verum
568 3490 730 3564 conserte
762 3489 971 3587 baptismum
1006 3491 1204 3583 concludit,
1244 3493 1325 3588 quia
1356 3491 1518 3590 Spiritum

243 3636 273 3657 a
296 3603 371 3664 rton
398 3587 550 3674 habent3
577 3607 614 3659 et
640 3611 761 3684 aquarn
787 3589 868 3661 ideo
892 3587 1109 3663 sanctificare
1132 3612 1205 3662 non
1231 3590 1404 3687 possunt:¹
1428 3615 1518 3688 quae

296 3685 460 3783 legitima
484 3705 555 3757 non
584 3682 679 3765 soret
703 3682 901 3774 conclusa,
939 3685 1023 3774 nist,
1060 3710 1179 3782 aquam
1200 3680 1455 3782 perspiritum
1481 3688 1518 3760 se

297 3804 383 3858 cum
409 3803 449 3853 ea
473 3779 653 3854 unientem
676 3779 907 3870 sanctificari,
948 3781 1119 3855 credatur.
1171 3784 1213 3854 In
1244 3781 1304 3854 lib.
1339 3782 1383 3854 de
1413 3782 1520 3877 Lapss
1558 3797 1560 3801 '

297 3876 427 3962 tradit,
469 3873 641 3948 Dominum
669 3882 833 3967 recedere,
877 3895 909 3949 et
925 3877 1137 3973 sanititatem
1154 3874 1298 3970 fugere,
1341 3876 1431 3949 srab
1454 3881 1520 3951 ine

299 3968 519 4052 metentibus
536 3970 696 4045 sumatur.
747 3971 979 4046 Nemesianus
995 3972 1032 4044 in
1051 3971 1178 4046 concil.
1202 3968 1406 4068 Carthagin.
1435 3971 1520 4069 Spi·'

298 4071 430 4156 ritum,
458 4089 536 4140 cunr
559 4091 578 4140 a
604 4091 644 4140 ua
671 4069 830 4165 baptismi
858 4069 891 4141 se
916 4068 1120 4158 unientem,
1148 4090 1226 4142 cum
1251 4093 1296 4142 eo
1314 4088 1517 4164 comparat,

301 4168 360 4268 qui
386 4170 428 4239 ab
454 4167 545 4237 initio
567 4090 668 4262 super
692 4192 794 4263 aquas
809 4165 1011 4262 ferebatur:
1052 4191 1147 4264 neque
1172 4169 1254 4240 enim
1269 4168 1433 4262 spiritus,
1470 4166 1523 4241 fic*

297 4266 440 4437 pergit,
458 4260 532 4356 stne
554 4288 639 4358 eque
662 4269 786 4358 operari
807 4261 929 4363 petest,
963 4288 1062 4358 neque¹
1085 4290 1168 4358 apua
1193 4263 1259 4350 fine
1275 4264 1408 4358 spiritu.
1456 4265 1522 4334 Se

323 4383 398 4467 atus
414 4383 551 4456 quoque
568 4359 676 4447 ibid„
701 4385 817 4470 aptam
826 4361 1007 4470 secerfserr's
1021 4359 1387 4468 precesaneiifieetum,
1406 4358 1517 4452 dixit,

295 4458 430 4538 assuere
452 4457 578 4537 aestua.
631 4456 824 4537 Firmriian.
851 4459 1093 4646 ἀόἓιὲιέείρ.
1120 4477 1180 4553 75.
1204 4458 1248 4532 ad
1272 4458 1533 4632 Cypmnffffi
