3609 5500
276 953 351 1044 sau
665 943 965 1052 nullatanus.
989 944 1105 1052 mut.
1203 981 1256 1052 χ
1428 899 1431 906 ’

113 1120 118 1130 ’
179 1149 182 1154 ·
279 1146 472 1227 martyrum
498 1126 570 1204 effe
594 1133 789 1208 contrariu:
827 1155 977 1230 quorum
1001 1130 1046 1222 ali
1073 1151 1116 1223 ua
1146 1126 1185 1204 in
1209 1125 1371 1204 medium
1395 1126 1500 1204 addu-

280 1245 371 1329 cam.
421 1227 515 1301 lren.
540 1225 620 1303 adn.
646 1228 742 1305 haer.
766 1229 835 1303 lV:
861 1252 919 1325 33.
945 1153 1127 1321 Eccleiant
1151 1226 1237 1300 enni
1260 1227 1328 1298 luco
1353 1226 1499 1300 multila·

280 1321 386 1394 dinem
412 1338 592 1420 martyrum
622 1327 768 1398 in'onrni
790 1340 929 1421 tempore
950 1327 1159 1420 praemittere
1191 1321 1237 1394 ad
1259 1320 1417 1412 Patrem,
1452 1319 1505 1396 di·

282 1413 376 1492 secte
400 1416 564 1510 testatur,
600 1418 824 1517 Theophilus
847 1419 891 1494 ud
916 1419 1038 1498 Autol.
1069 1419 1092 1494 l.
1118 1418 1186 1493 111.
1235 1413 1439 1514 Chrestianus
1461 1414 1506 1492 el

273 1509 344 1613 sua
364 1529 525 1610 tempure,
549 1512 608 1590 seu
629 1515 695 1589 sec.
722 1515 876 1606 llltium,
892 1514 1024 1613 semper
1035 1513 1273 1611 persecutiones
1288 1511 1427 1610 pallos,
1453 1511 1504 1586 di·

156 1697 163 1708 ⁹
283 1609 376 1684 ferte
400 1611 524 1689 refert.
548 1607 628 1686 Eul'.
652 1611 703 1685 H.
728 1611 777 1686 V:
806 1633 838 1686 1.
862 1615 1032 1710 myriadas
1055 1629 1247 1707 martyrum
1271 1629 1340 1705 per
1363 1609 1504 1686 univer·

284 1703 360 1782 sum
389 1709 510 1780 orbem
534 1709 594 1781 sub
616 1704 805 1780 Antonino
826 1707 928 1781 Vero
954 1700 1124 1782 exstitille
1142 1723 1283 1794 narrate
1311 1703 1421 1780 nituit
1436 1703 1500 1802 ltp-¹

285 1801 490 1902 perbolice,
520 1826 592 1877 non
619 1825 732 1898 nego,
763 1819 918 1877 attamen
990 1801 1115 1878 ucitati
1147 1819 1342 1899 martyrum
1364 1815 1500 1876 coum·-

285 1898 390 1974 rium.
442 1897 529 1975 Vid.
564 1916 602 1973 et
637 1899 751 2010 llll:
769 1921 837 2068 ἃμ
866 1897 912 1973 de
982 1895 1107 2008 rajani·
1124 1913 1299 2007 tempore.
1351 1897 1412 1972 De
1434 1915 1500 1994 quo

286 1994 751 2188 lllllf‘niffdnlll
763 1987 1501 2198 nriitiiiuiigissiiiiffiiinff‘i

284 2184 345 2259 suu
371 2185 476 2281 usque
500 2203 662 2282 tempora
684 2183 854 2260 exstttrlie
883 2185 1079 2284 martyres?
1118 2185 1293 2262 Veterum
1325 2183 1436 2260 effata
1460 2181 1501 2260 de

287 2280 533 2356 innumerabili
554 2299 746 2378 martyrum
775 2278 876 2377 copia
902 2280 1016 2354 nimie
1037 2276 1109 2353 ell'e
1135 2278 1388 2379 hyperboliua,
1419 2277 1501 2356 lloet

288 2378 382 2454 clare
405 2377 591 2469 evincant,
624 2374 794 2473 paucitati
819 2396 940 2451 tumen
961 2397 1036 2450 mar
1117 2397 1152 2450 tn
1186 2397 1269 2450 non
1284 2372 1501 2474 patrocium·-

292 2492 372 2566 tur,
406 2497 486 2549 cum
514 2496 588 2548 non
616 2470 780 2570 alj'olute,
820 2471 878 2547 sed
899 2474 1041 2546 relative
1075 2488 1246 2569 oquatur,
1280 2474 1393 2550 relate
1417 2467 1501 2548 scilla

286 2569 409 2645 netad
427 2569 639 2657 inmensam,
666 2569 818 2665 etlonge
834 2566 1025 2663 majorem,
1050 2564 1393 2646 Christianorumm
1419 2566 1429 2582 '
1485 2621 1498 2660 ,

289 2686 382 2763 quae
406 2687 471 2760 per
494 2666 615 2737 orbem
641 2662 839 2760 supererat,
872 2662 923 2737 ita
943 2682 1004 2756 ut,
1035 2661 1306 2761 comparatione
1320 2663 1342 2708 ·‘
1486 2717 1499 2758 ,

287 2757 396 2858 pauci
416 2779 454 2834 et
475 2758 580 2857 facile
604 2760 837 2834 numerabiles
861 2758 936 2835 dici
970 2777 1101 2857 queunt
1133 2760 1333 2859 martyrio,
1373 2768 1390 2781 ''
1473 2760 1480 2777 '
1524 2832 1530 2839 .

143 2916 146 2921 >
290 2854 340 2933 stc
367 2854 484 2947 ditio,
509 2855 689 2931 coronati:
711 2853 817 2965 longe
835 2855 943 2931 etiam
968 2853 1171 2953 pauciores,
1196 2880 1299 2955 quam
1321 2882 1346 2934 v
1382 2882 1430 2958 go
1446 2880 1501 2956 po·

166 2964 169 2969 “
292 2972 409 3044 tatur,
433 2952 538 3026 modo
556 2952 891 3042 interventiones,
918 2968 956 3024 et
970 2951 1094 3025 caedes
1110 2953 1344 3047 promiscuas,
1371 2976 1415 3031 at

291 3050 322 3126 sr
346 3049 544 3142 seditiosas,
585 3068 624 3124 et
651 3048 745 3123 inter
769 3049 960 3148 martyria,
992 3069 1038 3120 eo
1062 3046 1208 3123 nomine
1230 3048 1359 3147 digua,
1394 2976 1505 3127 dliii

364 3165 430 3223 tut.
1189 3206 1191 3217 .

290 3171 376 3343 gu}
404 3245 513 3318 CCV.
541 3244 628 3316 Cum
655 3239 795 3338 itaque,
826 3258 867 3314 ut
888 3264 934 3314 ea
958 3237 1064 3315 diuis
1084 3239 1271 3330 elucescit,
1316 3240 1367 3316 sat
1392 3264 1510 3345 magon

292 3338 473 3433 sanguinis
500 3335 683 3409 Christiani
709 3336 813 3431 copia
838 3335 945 3408 fuerit
969 3336 1062 3427 fusa,
1086 3336 1137 3410 illi
1164 3362 1233 3433 quo
1284 3360 1305 3409 e
1331 3340 1507 3417 continuit

294 3431 431 3508 luerint
455 3428 609 3504 infestati
633 3427 902 3519 vexationibus,
936 3428 1027 3504 inter
1060 3432 1157 3507 casua
1183 3431 1324 3530 periodi
1351 3435 1510 3513 illustrio-

273 3550 354 3603 ¹ces
377 3527 492 3598 locum
515 3526 646 3599 habere
697 3523 950 3613 ersecutiones,
977 3550 1050 3600 non
1066 3528 1294 3625 negaverim,
1317 3534 1511 3625 eominus,

296 3622 392 3720 quod
407 3644 524 3695 earum
543 3617 635 3692 ratio
671 3638 719 3708 rt,
746 3618 782 3691 in
797 3620 973 3695 Ecclesiae
996 3620 1157 3715 iuterna,
1182 3618 1241 3699 seu
1255 3629 1405 3723 morali,
1432 3652 1514 3707 coo·

292 3719 433 3797 -ditione
465 3713 682 3805 definienda,
723 3715 900 3791 habenda:
942 3716 1077 3790 eminet
1111 3719 1208 3794 enim
1240 3721 1338 3797 inter
1363 3725 1515 3803 virtute

298 3815 493 3906 Ecclesiae,
519 3832 659 3910 praeter
681 3810 829 3888 studium
854 3812 1016 3887 veritatis
1038 3812 1297 3906 defendendae,
1322 3842 1367 3894 ac
1390 3846 1519 3921 propu-

302 3916 455 4016 gandae,
490 3914 670 4008 patientia,
699 3935 786 4007 quae
813 3910 926 3984 virtus
949 3934 1029 3984 cum
1052 3934 1097 3984 eo
1121 3909 1234 3985 studio
1256 3913 1309 3987 est
1333 3920 1517 4015 copulam,

300 4013 428 4105 utica
459 4007 570 4104 Epist.
602 4006 861 4102 Apocalypticu
883 4007 1031 4103 secunda
1063 4006 1105 4079 ad
1137 4009 1367 4104 Smyrnenfee
1407 4034 1513 4111 patet.

130 4124 135 4131 ·
206 4178 209 4183 ,
301 4111 472 4185 Attamen
495 4103 541 4174 a‘n
573 4101 841 4196 persecutionibus
873 4100 1109 4175 characterem
1139 4104 1297 4198 periodi,
1337 4108 1520 4207 usquead

298 4201 473 4285 Decium,
517 4218 589 4269 non
617 4194 809 4269 censuerim
834 4196 903 4270 elle
933 4195 1227 4276 constituendum.
1276 4202 1381 4304 Quae
1405 4209 1519 4286 ‚ultera

300 4298 416 4377 nostru
440 4291 536 4385 tltefis
559 4289 629 4376 est,
672 4312 773 4386 quarn
806 4289 1040 4366 demonstrare
1071 4294 1266 4391 adgredior.
1319 4323 1352 4376 1.
1385 4301 1518 4399 Ingens

285 4401 457 4497 :vulgatae
481 4385 677 4470 sententiae
700 4385 746 4464 de
778 4404 833 4465 tot
862 4385 1169 4491 persecutionibus
1199 4412 1342 4473 creatur
1385 4395 1511 4503 ..eju-

285 4532 300 4561 ἱ·
316 4542 335 4560 ³
799 4550 803 4559 ·
888 4550 893 4557 ·
966 4556 968 4561 -
1101 4516 1112 4536 ⁰
1396 4510 1518 4592 emm,
