3609 5500
541 921 621 1032 τοι.
917 799 1217 998 distmio'dccsefi
1245 877 1365 998 Cirris.

553 1109 598 1178 ae
619 1076 835 1170 Christiane,
858 1076 1044 1158 censuisset
1059 1078 1142 1157 sede
1161 1080 1408 1171 deturbatum,
1433 1073 1577 1168 virum,
1602 1074 1734 1155 tantist

557 1182 621 1260 tiis
637 1199 675 1254 et
693 1176 883 1254 sceleribus
897 1176 1089 1267 infamem,
1103 1200 1224 1253 nonne
1238 1178 1415 1276 puduisset
1430 1174 1656 1252 defendere?
1686 1199 1722 1268 4.

560 1273 647 1360 illud
672 1299 731 1351 me
756 1276 847 1350 male
871 1275 999 1366 habet,
1043 1276 1136 1372 quod
1162 1276 1200 1349 in
1234 1275 1383 1376 gratiam
1412 1271 1598 1350 Zenobiae
1636 1271 1734 1347 refer

561 1368 1390 1567 {diisegisi‘edivoideiidtimcch‘idiic’essiisd
1407 1374 1460 1544 pp
1521 1369 1656 1560 ihi?
1670 1369 1734 1564 udi

610 1590 675 1641 uae
704 1522 875 1640 c’alurnnia
907 1564 990 1640 inde
1021 1521 1165 1640 videtin
1193 1584 1297 1657 nata,
1334 1565 1428 1662 quod
1458 1562 1667 1652 Zenobiae,
1715 1582 1734 1636 u

629 1663 763 1736 ientem
779 1660 937 1752 tenenti,
956 1661 1430 1760 celebratiffimaeReginae,
1446 1659 1619 1759 Judaicae
1636 1655 1734 1757 religi

575 1755 757 1847 addidlae,
799 1757 899 1830 valde
924 1777 1093 1855 acceptus
1119 1757 1229 1833 suerit
1252 1759 1394 1849 Paulus,
1436 1756 1525 1844 teste
1548 1755 1729 1832 Athenas.

566 1853 761 1962 Julr‘tarios,
790 1853 854 1952 qui
878 1872 997 1930 tamen
1022 1855 1097 1952 ejus
1119 1854 1274 1929 haeresin
1299 1854 1381 1929 inde
1403 1875 1476 1928 non
1498 1851 1697 1929 derivavit.

576 1951 617 2042 se
637 1949 814 2048 Epiphan.
837 1950 934 2028 haer.
961 1959 1020 2042 65.
1044 1975 1184 2050 quoque
1199 1973 1270 2025 non
1290 1949 1392 2038 inde,
1418 1949 1475 2024 sed
1500 1972 1519 2023 a
1535 1947 1703 2046 superbla
1732 1987 1734 2012 ι

579 2051 735 2146 t'epetit,
760 2045 903 2135 dicens,
934 2070 1005 2122 eum
1030 2066 1133 2122 mente
1157 2049 1276 2122 elatum
1302 2046 1454 2144 erridiffe
1477 2051 1632 2121 veritate.
1683 2046 1734 2147 Qu

580 2141 676 2244 'quod
702 2141 765 2236 ipsi
790 2143 909 2216 Patres
931 2143 1157 2221 Antiocheni
1181 2143 1257 2239 ejus
1280 2165 1353 2217 non
1378 2140 1536 2239 expresse
1559 2141 1734 2216 meminer

578 2261 617 2334 5.
668 2236 833 2336 Denique
857 2237 952 2311 inter
974 2263 1036 2320 ea.
1083 2262 1147 2315 uae
1170 2239 1279 2314 modo
1300 2239 1514 2328 memoravi,
1540 2235 1616 2310 sese
1642 2260 1734 2312 nom

580 2332 770 2423 offerunt,
808 2355 898 2429 quae
928 2336 986 2410 vel
1020 2262 1209 2435 suspicioni
1246 2337 1379 2411 debent
1418 2333 1629 2433 originem,
1671 2336 1731 2409 vel

583 2451 937 2540 utramquepartem
966 2430 1086 2523 fleur,
1120 2434 1239 2508 saltem
1273 2431 1518 2529 benigniorem
1541 2431 1639 2504 serre
1670 2430 1734 2529 pol

586 2524 937 2623 interpretationem.
970 2529 1187 2623 Rapina'rum
1219 2527 1336 2623 utique
1366 2546 1405 2602 et
1433 2527 1706 2604 concussionum

586 2621 721 2714 rationi
747 2644 828 2696 cum
853 2623 1118 2720 praemittitur,
1161 2646 1242 2699 eum
1263 2622 1480 2721 Episcopum
1505 2623 1640 2700 fatuum
1665 2623 1734 2700 effe

588 2740 745 2825 paupere
768 2715 941 2812 divitem,
973 2717 1061 2796 sicut
1092 2721 1177 2797 inde
1199 2718 1350 2818 suspicio
1380 2722 1582 2818 rapinarum
1612 2720 1721 2798 sacile

563 2812 870 2990 turtur
894 2817 1559 2992 ellellm{lilldllflllllss’
1587 2818 1734 2991 {luel

596 3010 763 3087 ducenarii
792 2936 943 3105 judicii,
981 2970 1119 3110 quoq’ue
1143 2939 1385 3102 sundiurqest,
1425 3014 1530 3107 etin
1559 2940 1734 3089 durentur²

589 3107 780 3201 Zenobiae
822 3107 920 3182 ratia.
967 3109 1072 3182 Unde
1096 3108 1204 3184 etiam
1229 3109 1381 3184 derivari
1408 3129 1628 3206 potuerunt,
1663 3133 1734 3209 qua

589 3202 694 3316 spflu
718 3220 756 3276 et
770 3130 929 3300 Jdperhia
953 3206 1155 3294 traduntur,
1171 3230 1265 3316 ‘cum
1295 3208 1463 3302 majorem
1488 3209 1672 3303 praeferre
1696 3230 1734 3304 pt

600 3322 669 3385 rit,
697 3323 799 3396 quam
824 3319 910 3374 tunc
935 3299 1089 3375 solebant
1113 3303 1239 3397 Episco
1268 3300 1300 3395 i,
1325 3305 1553 3401 splendorem.
1606 3304 1693 3403 Quo
1719 3328 1734 3377 e

594 3396 737 3502 ‚referre
760 3393 865 3483 licet,
890 3396 984 3492 quod
1010 3398 1175 3473 thronum
1197 3328 1359 3476 habuerit
1391 3397 1571 3490 altiorem,
1598 3420 1636 3475 et
1666 3401 1734 3475 trib

599 3490 641 3565 lis
669 3484 797 3593 instart
839 3508 877 3560 et
901 3491 1070 3585 majorem
1097 3495 1314 3572 comitatum.
1339 3497 1444 3603 Quod
1470 3515 1506 3571 et
1530 3499 1614 3572 ideo
1642 3496 1734 3570 mini

603 3610 648 3661 eo
672 3578 842 3656 debusset
866 3585 1096 3694 reprebendi,
1114 3591 1212 3696 ‘quia
1228 3592 1295 3668 sec.
1322 3594 1388 3690 seq.
1414 3595 1520 3691 longe
1553 3594 1730 3691 majorem

607 3704 684 3761 turn
702 3679 942 3777 praetulerunt
958 3680 1148 3780 Episc0p13
1173 3686 1231 3784 qui
1249 3707 1290 3762 et
1302 3705 1405 3777 tunc,
1432 3689 1520 3765 licut
1548 3711 1588 3766 et
1606 3714 1723 3783 nunc,

600 3776 709 3859 lieres
737 3775 880 3852 subinde
897 3776 1090 3856 habuerunt
1098 3778 1383 3878 subintrodudas3
1406 3783 1451 3859 de
1467 3810 1537 3884 quo
1553 3786 1689 3885 postea.

607 3898 724 3958 autem
740 3874 964 3952 divinitatem
982 3878 1111 3955 Christi
1129 3883 1345 3982 negaverit,¹
1365 3882 1499 3958 cantica
1525 3905 1716 3977 veterum,

605 3972 836 4059 celebrantia,
862 3971 989 4049 mirum
1011 3975 1151 4052 nonest
1174 4002 1254 4054 eum
1271 3977 1442 4053 eum'aliis
1457 3981 1712 4073 commutasse,

611 4092 684 4149 non
707 4065 775 4139 suit
792 4067 991 4157 insolitum,
1016 4093 1084 4143 nec
1106 4075 1149 4145 ab
1169 4074 1423 4171 Episcoporum
1445 4079 1637 4154 autoritate
1661 4081 1734 4157 alie

611 4163 716 4266 Quod
743 4161 852 4259 ipsum
876 4163 990 4236 ansam
1012 4170 1218 4259 praebuere.
1234 4169 1374 4265 potuit,
1407 4171 1472 4269 ipsi
1498 4172 1712 4274 inputandi,

613 4257 750 4340 cantica
781 4256 817 4332 in
842 4258 889 4332 sui
908 4257 1082 4339 honorem
1108 4262 1368 4363 introduxerit,
1405 4258 1512 4370 seque
1534 4270 1684 4375 gesserit
1710 4277 1734 4352 s.

609 4365 682 4444 lum
706 4357 807 4437 coelo
835 4353 1055 4459 detapsum..
1413 4414 1418 4423 -
1579 4408 1583 4417 ·

442 4442 446 4449 ,
592 4528 632 4571 u
928 4556 951 4581 ..
1637 4466 1734 4587 §.X
