3609 5500
580 903 586 910 ·
791 861 919 945 decus.
937 864 1019 956 ur.
1095 865 1123 934 «ἰ
1437 863 1523 963 m
1638 966 1641 970 Ι

290 1045 378 1128 licet
396 1045 586 1126 Novatua'
626 1069 659 1145 3.
686 1044 869 1124 Generalis
892 1046 1102 1148 hypothesis
1118 1046 1162 1123 de
1188 1045 1299 1124 nimia
1315 1044 1512 1148 episcopm

290 1170 370 1223 rom
399 1147 608 1234 autoritate,
645 1146 915 1241 tanquamcui,
948 1148 986 1219 in
1011 1147 1114 1217 rebue
1135 1144 1220 1221 fidei
1247 1166 1285 1219 et
1310 1146 1515 1245 religionis,
1604 1173 1606 1178 ·

290 1265 415 1318 omnes
439 1242 624 1339 adsurgere
652 1244 803 1315 debeant
826 1241 967 1330 fideles,
1008 1241 1155 1314 multum
1181 1266 1321 1338 quoque
1345 1253 1387 1316 ad
1414 1243 1516 1341 Epis·

291 1360 462 1437 coporum
489 1340 640 1411 Roman.
667 1336 819 1412 contulit
847 1335 1066 1411 dominatum
1085 1336 1326 1412 universalem.
1379 1340 1518 1416 Tenuit

293 1459 391 1525 earn,
408 1456 445 1507 et
463 1435 554 1506 haud
575 1435 719 1507 obscure
737 1433 901 1530 exprelsrt
922 1432 1086 1531 Cypriau.
1106 1436 1173 1531 lip.
1191 1455 1250 1524 59.
1271 1434 1352 1526 ubi,
1370 1434 1516 1531 haereses
1555 1508 1558 1514 ,
1650 1449 1652 1454 ’

292 1554 326 1610 er
339 1531 522 1629 schismata
551 1532 622 1602 inde
656 1527 791 1628 rroaiste
817 1532 990 1627 originem,
1032 1530 1204 1619 declarat,
1243 1532 1324 1627 quod
1346 1529 1516 1629 secerdoti

289 1631 357 1706 Dei
381 1652 441 1700 nen
464 1633 719 1721 obteinperatur,
758 1651 816 1701 nec
842 1651 923 1701 unus
950 1630 985 1697 in
1011 1624 1161 1721 Ecclefio
1185 1627 1229 1700 ad
1260 1644 1382 1722 tempas
1398 1623 1516 1725 sacer·

292 1729 371 1815 dor,
413 1741 445 1797 er
473 1726 516 1794 ed
540 1740 664 1820 tempus
691 1722 809 1815 Judea
839 1727 910 1798 rice
938 1721 1076 1817 Christi,
1116 1728 1288 1817 cogitatur.
1338 1725 1515 1820 Loquitur

246 1867 251 1874 ·
343 1819 436 1895 idem
461 1843 531 1891 non
556 1820 602 1892 de
627 1820 806 1916 Episcopo
833 1820 951 1915 aliquo
977 1818 1185 1909 universali,
1226 1820 1283 1893 sed
1309 1822 1353 1894 de
1370 1819 1513 1916 fingulir

292 1845 499 2017 ssiscopis,
524 1918 622 1988 secus
645 1939 686 1990 ac
711 1916 834 1988 volunt
852 1914 1112 2003 Romanenses‚
1138 1916 1189 1989 uti
1208 1940 1253 1990 ex
1279 1916 1438 2013 inspeslo
1460 1919 1512 1992 lb·

291 2038 360 2104 co,
387 2034 424 2088 et
445 2014 544 2107 supra
568 2010 690 2099 dietis,
715 2009 937 2085 manifestum
961 2007 1033 2099 est3
1057 2012 1207 2109 aJuello
1232 2034 1513 2109 quoquecontra

292 2110 517 2206 Hardingum
561 2108 690 2181 dudum
725 2106 900 2183 evidlum:
944 2110 1129 2198 attamen,
1176 2108 1403 2183 ratiocinium
1437 2111 1513 2206 ejus

290 2208 388 2287 reste
416 2204 506 2277 trahi
535 2202 650 2299 potest
674 2205 716 2279 ad
739 2205 979 2280 necessitatem
992 2202 1160 2302 Episcopi
1176 2205 1394 2281 Universalis
1409 2209 1520 2304 evinq
1609 2262 1612 2266 -

290 2305 460 2382 cendam:
488 2303 540 2373 uti
566 2297 669 2373 facile
694 2318 804 2399 patet.
1506 2369 1509 2376 .

338 2401 369 2499 s,
395 2396 558 2469 LXXXI.
584 2418 619 2485 5.
644 2398 715 2469 His
731 2395 957 2492 praejudiciis
972 2398 1087 2472 inbuti
1100 2401 1225 2493 primas
1239 2398 1311 2495 jam
1326 2396 1408 2472 dare
1427 2422 1509 2473 coe·
1598 2405 1603 2417 '

248 2539 257 2555 ·
290 2511 422 2597 perunt
439 2490 622 2587 Episcopia
640 2493 829 2583 Romanis,
856 2493 949 2591 ipsos
966 2494 1011 2567 de
1031 2496 1173 2591 majoris
1190 2495 1360 2567 momenti
1387 2499 1511 2587 rebus,

320 2616 378 2666 rae
395 2588 490 2675 aliis,
508 2585 741 2664 consulendo:
762 2590 814 2663 uti
830 2590 932 2685 saepe
950 2590 1043 2688 apud
1054 2592 1215 2689 Cyprian.
1234 2593 1396 2666 occurrit.
1432 2593 1512 2669 lmo

289 2616 317 2767 ii
349 2690 383 2762 in
413 2684 535 2763 dillitia
558 2683 641 2780 quid
673 2685 853 2761 accidisset
874 2686 985 2776 locis,
1027 2690 1121 2783 quod
1147 2686 1231 2760 fidei
1268 2708 1306 2762 et
1336 2687 1511 2763 Ecclesiae

289 2786 477 2864 videbatur
502 2778 633 2876 aliquid
657 2781 772 2857 damni
798 2783 1010 2870 adlaturum,
1049 2785 1092 2857 ad
1116 2808 1178 2857 eos
1208 2788 1399 2880 praecipue
1423 2808 1511 2860 con·

288 2882 493 2980 fugiebant,
519 2895 694 2952 eteorum
719 2903 823 2976 opem
847 2877 1081 2973 inplorabant.
1133 2879 1194 2952 Sic
1217 2905 1298 2954 cum
1316 2880 1511 2978 Dionysius

290 2976 479 3056 Alexandr.
515 2971 695 3067 epistolam
719 2976 760 3047 ad
795 2975 1020 3048 sabellianam
1060 2975 1219 3047 haeresin
1251 2975 1509 3070 exstirpandam

288 3066 496 3171 scripsisset,
520 3093 607 3166 quae
633 3093 737 3144 verae
763 3068 891 3144 Christi
917 3069 1098 3142 divinitati
1124 3071 1306 3144 videbatur
1323 3072 1511 3169 injuriosa,

291 3171 482 3248 certiorem
524 3187 608 3238 mox
650 3165 814 3239 fecerunt
835 3165 1044 3260 Dionysium
1077 3167 1306 3256 Romanum,
1348 3186 1386 3240 et
1416 3168 1511 3263 apud

290 3292 372 3353 eum
392 3260 613 3348 accusarunt,
631 3260 691 3357 qui
709 3263 814 3336 etiam
832 3285 935 3350 mox,
955 3283 1151 3336 convocata
1163 3262 1315 3358 synodo,
1334 3287 1394 3338 eos
1411 3263 1509 3339 dam·

291 3365 413 3450 navit,
469 3357 504 3433 ui
531 3356 705 3432 Christum
728 3359 885 3450 dixerint
911 3365 1027 3454 ποίημα
1051 3377 1256 3448 creaturam
1289 3359 1332 3433 de
1358 3383 1427 3454 quo
1446 3361 1509 3437 de·

290 3481 393 3538 creto
418 3476 524 3529 ettam
544 3453 818 3530 Alexandrinum
841 3457 993 3530 reddidit
1020 3458 1231 3544 certiorem,
1256 3476 1293 3528 et
1316 3457 1358 3530 ad
1385 3459 1508 3556 apolo·¹

293 3557 389 3655 giam
407 3552 692 3661 conscribendum
709 3553 839 3652 adegit.
874 3554 963 3629 Vid.
991 3552 1219 3664 Athanasde
1230 3551 1408 3664 sententiis
1424 3556 1509 3631 Dio·

289 3646 1337 3842 llslslslllffil,lillisillstsllzsllll
1351 3653 1510 3823 illle

289 3842 428 3942 spuria,
454 3840 656 3931 dirigantur,
681 3841 817 3936 inquit,
843 3845 1063 3935 Stephanum
1088 3839 1288 3928 adlocutus,
1323 3843 1356 3910 in
1377 3847 1509 3935 prouin-

290 3944 402 4026 ciam,
426 3951 457 4007 er
482 3937 525 4006 ad
546 3937 668 4027 plebem
688 3937 821 4009 Arelate
847 3936 1083 4032 cenfistenrem‚
1109 3935 1195 4008 aYe
1217 3938 1366 4024 litterae,
1390 3941 1508 4032 quibus

288 4035 435 4134 abstento
459 4034 639 4106 Marciano
666 4027 714 4129 (li
742 4031 863 4131 iscopo
890 4026 1112 4130 Arelatense)
1146 4035 1232 4107 aliur
1257 4035 1290 4105 in
1315 4033 1415 4106 locunt
1434 4039 1508 4130 ejus

274 4135 502 4238 substituatur
528 4147 597 4203 etc.
647 4059 752 4203 Unde
778 4130 868 4206 haud
894 4129 1040 4204 obscure
1068 4147 1186 4226 patet,
1213 4129 1381 4204 Romanis
1406 4132 1507 4225 Epis·

287 4236 388 4323 copis
412 4227 481 4321 jam
507 4227 672 4323 majorem
697 4224 800 4303 fuisse
824 4227 940 4304 datam
965 4228 1211 4315 autoritatem3
1238 4251 1316 4301 cum
1344 4251 1413 4319 non
1432 4229 1509 4323 ipse
1613 4295 1615 4299 .

282 4324 484 4429 scripserit,
524 4324 585 4405 sed
614 4347 635 4402 a
669 4322 902 4498 IlumauoRin
930 4322 1055 4422 specie
1088 4321 1169 4403 fieri
1199 4322 1363 4401 voluerit
1388 4326 1510 4502 affec

273 4476 302 4491 ..
820 4512 823 4517 ¹
860 4441 971 4520 areg
1355 4463 1357 4466 ·
1462 4442 1511 4511 era
