3609 5500
286 943 360 1026 590
680 917 827 1029 siilsoris
850 923 979 1028 Eccles.
1007 922 1121 1032 clun,

291 1106 509 1185 Christianos
535 1105 573 1182 in
601 1108 712 1183 Gallia
733 1110 894 1207 gravium
919 1110 1109 1193 criminum
1141 1125 1222 1180 reos
1247 1082 1511 1180 sese'ex'tesn’:

291 1209 355 1282 bus
376 1205 666 1302 deprehendisse,
692 1205 935 1294 adfirmabunt,
969 1209 1076 1281 fidem
1099 1203 1289 1292 adhibens,
1324 1201 1365 1286 in
1388 1225 1506 1288 eorum

176 1351 179 1362 ·
291 1303 504 1378 vexationes
531 1301 726 1400 consensit,
751 1304 802 1376 ira
828 1323 965 1393 tarsen,
992 1323 1032 1376 ut
1057 1302 1082 1377 ss
1104 1299 1176 1376 sese
1199 1297 1418 1382 Christianos
1440 1299 1506 1382 effe

290 1417 483 1496 negarent,
517 1398 688 1495 puniendi
715 1399 761 1470 ob
787 1423 828 1472 ea
854 1401 1003 1482 crimina
1022 1422 1094 1482 nou
1119 1397 1197 1480 siut,
1247 1397 1360 1484 Hunc
1384 1394 1504 1491 utiquo

289 1495 329 1570 iu
360 1497 504 1588 modum
539 1495 726 1589 loquuntur
758 1495 920 1592 Lugdun.
946 1515 984 1568 et
1016 1495 1151 1571 Vienu.
1183 1491 1221 1566 iu
1262 1493 1332 1588 Ep.
1371 1490 1498 1586 citata,

289 1589 404 1689 nissffl
444 1589 634 1688 Caesarem,
664 1591 734 1662 illos
757 1594 881 1684 quidem
903 1593 1034 1687 gladio,
1065 1592 1117 1666 nel
1125 1585 1245 1757 suste,
1268 1589 1340 1686 effe
1369 1588 1499 1674 tendere

288 1689 365 1779 des,
388 1686 512 1783 steno
534 1691 662 1784 quidem
677 1689 847 1782 negarint,
880 1710 933 1762 ees
958 1685 1017 1784 effe
1049 1684 1126 1784 ulfo
1138 1691 1263 1768 sendo.
1309 1684 1380 1759 Sed
1403 1685 1495 1780 louge

288 1784 381 1864 aliud
407 1783 519 1857 exstat
541 1783 659 1856 Marci
684 1783 892 1877 rescriptum
918 1785 960 1856 ad
986 1787 1151 1869 Commune
1168 1780 1290 1876 Astur,
1314 1781 1405 1882 apud
1423 1777 1494 1872 Eul‘,

288 1882 341 1966 H.
366 1881 437 1956 lV:
465 1903 521 1976 13.
553 1904 624 1991 quo
647 1878 862 1958 Christianos
894 1878 1024 1964 diserte
1049 1897 1146 1954 vetat
1185 1879 1385 1968 vexmdos,

289 1999 336 2054 na
359 1975 468 2051 etiarn
492 1977 537 2051 iis
559 1975 727 2070 lnposlta,
765 1974 825 2070 qui
849 1998 911 2048 eos
938 1974 1066 2074 injuste
1089 1973 1294 2060 detulerint,
1345 1975 1428 2057 Nec
1456 1973 1494 2064 sd

288 2095 451 2161 conrnune
468 2093 602 2147 mutum
619 2071 740 2159 Aliae,
766 2071 822 2150 sed
845 2089 883 2144 et
899 2072 986 2150 alios
1008 2071 1136 2154 multos
1161 2071 1196 2154 se
1211 2069 1420 2182 rescripsisse
1435 2067 1492 2144 oess

288 2187 393 2243 tatur.
442 2171 623 2242 Memorat
644 2165 787 2263 quidem
814 2167 946 2241 ΜεΙίῑο
972 2168 1068 2243 Sard.
1093 2167 1131 2241 in
1154 2169 1247 2263 apol.
1272 2168 1317 2243 ad
1337 2169 1491 2252 Marcum

286 2265 379 2364 apud
401 2262 480 2338 Etls.
505 2265 555 2338 H.
580 2263 648 2337 IV:
683 2269 740 2337 26.
764 2263 807 2346 ssi
827 2264 970 2363 tlypals
991 2274 1043 2348 nusi
1067 2266 1279 2372 surdypm
1308 2265 1435 2349 declusa
1462 2279 1491 2346 es

285 2366 390 2442 elion
406 2381 530 2446 contra
544 2358 777 2452 Christianos,
801 2362 926 2458 quibus
942 2364 1039 2459 plebs
1055 2362 1234 2437 ardentius
1249 2361 1319 2448 suit
1334 2361 1488 2462 incitata,

286 2460 346 2534 sed
372 2481 445 2532 non
470 2458 716 2554 Imperatoris,
742 2480 866 2538 verum
891 2457 1163 2556 Magistratuum
1181 2455 1388 2555 singularum
1407 2457 1488 2538 urli-

286 2579 368 2648 um,
392 2556 449 2628 vel
473 2551 729 2647 praesessorum
752 2553 1044 2651 provincialium,
1070 2575 1157 2654 quae
1183 2551 1486 2660 ssmdymblet

285 2652 370 2725 bant
393 2648 578 2743 adpellari,
603 2647 791 2746 intelligit,
819 2649 871 2724 uti
888 2671 934 2724 ex
951 2650 1106 2753 sequent.
1132 2671 1204 2734 uon
1228 2669 1365 2736 tantum
1381 2667 1488 2759 patet,

285 2745 348 2823 ubi
372 2746 408 2820 se
434 2742 594 2817 dubitare
618 2742 753 2841 inquit,
789 2768 872 2821 num
900 2747 1116 2843 inperatoris
1140 2746 1332 2835 autoritate
1356 2745 1493 2849 prode.

284 2845 379 2932 rint,
397 2838 455 2914 scd
472 2862 517 2913 ex
534 2840 652 2913 Marci
672 2840 866 2939 rescripto,
885 2844 998 2916 modo
1008 2844 1167 2934 laudato,
1184 2845 1313 2921 elucet.
1347 2852 1381 2919 s.
1400 2848 1489 2920 Psot-

285 2960 383 3014 terea
406 2956 444 3010 et
468 2937 548 3010 illud
576 2936 733 3028 evincit,
775 2938 889 3015 minus
914 2958 1047 3012 atroces
1070 2940 1144 3012 aliis
1168 2941 1204 3012 in
1229 2939 1425 3019 Provinciis
1444 2938 1490 3013 fis·

285 3038 350 3112 isse
387 3033 624 3123 vexationes,
669 3033 762 3131 quod
792 3034 981 3132 pautiffimi
1012 3059 1083 3109 non
1116 3035 1225 3120 solum
1262 3054 1490 3125 memorentur

285 3153 476 3231 martyres,
492 3128 560 3224 „sed
583 3130 620 3205 in
644 3133 815 3204 bonorum
841 3132 1124 3227 spoliationibus,
1158 3131 1390 3231 similibusque
1415 3134 1491 3208 cala·

285 3231 485 3315 mitatibus,
508 3226 694 3299 maximam
718 3247 856 3322 purtem
883 3228 965 3301 litae
990 3226 1122 3300 fuerint
1145 3232 1367 3305 vexationes.
1417 3228 1490 3316 Utis

287 3348 355 3421 que
380 3323 556 3418 Athenag.
591 3323 628 3393 in
654 3322 761 3394 initio
785 3325 956 3414 legationis
981 3321 1078 3412 suae,
1114 3328 1383 3419 persecutiones
1405 3348 1492 3423 prae·

283 3421 392 3513 ,cipue
415 3418 564 3497 collocat
593 3427 624 3490 ἐν
649 3429 691 3511 τῷ
714 3418 913 3506 insistendus,
939 3425 1091 3514 Φίμσθαρ
1113 3430 1165 3506 teti
1187 3428 1359 3506 sentruden
1391 3423 1494 3519 exagi-

284 3518 375 3599 tari,
416 3515 509 3603 rapi,
543 3528 576 3581 et
590 3513 726 3607 frigori.
779 3516 838 3588 Sic
864 3537 901 3588 et
925 3518 957 3614 s.
985 3541 1019 3605 5.
1054 3517 1163 3606 dicit,
1196 3519 1328 3613 strum
1353 3522 1496 3619 Diagora

285 3611 391 3687 Atsreo
405 3604 621 3702 sentiremus,
646 3612 758 3681 merito
782 3615 868 3684 nobis
894 3628 961 3686 turn
984 3617 1150 3706 inpietatis
1169 3620 1309 3707 crimen,
1336 3635 1407 3693 tum
1422 3640 1495 3703 exse

284 3707 456 3806 gilelionr's
469 3720 591 3796 poetro,
620 3710 834 3799 innutriretur.
882 3708 987 3781 Licet
1003 3709 1138 3783 inficias
1158 3732 1229 3785 non
1248 3714 1401 3806 iverim,
1425 3712 1498 3803 huss

287 3829 362 3888 tes,
388 3814 510 3874 'eorum
531 3801 625 3880 =vitae
648 3801 846 3892 insidiatos,
871 3803 941 3877 sese
962 3808 1203 3881 nonnullorum
1223 3807 1395 3906 sunguine
1423 3810 1495 3909 pol·

287 3901 406 3978 luisse:
433 3915 509 3997 orat
533 3898 627 3973 enim
653 3902 894 3998 superatores,
924 3921 965 3980 ut
988 3900 1161 3991 efficiant,
1195 3928 1251 3998 quo
1273 3910 1318 3992 us
1340 3907 1500 4011 liujusnos

286 4005 319 4076 di
337 3996 489 4092 jugulari
514 3995 694 4087 desinerent
719 4000 1028 4079 celtenrniutoribns;
1060 3997 1176 4089 addit,
1210 4004 1286 4089 illos
1314 4024 1391 4078 non
1416 4010 1499 4085 bons

284 4111 443 4175 santum,
482 4087 540 4161 sed
564 4111 601 4162 et
625 4114 837 4186 corporeae
863 4095 995 4169 animas
1019 4114 1155 4188 petere.
1205 4098 1282 4195 lpse
1317 4102 1501 4199 inperator

285 4188 377 4290 apud
404 4182 482 4259 Eus.
506 4187 574 4287 Νι
607 4208 660 4281 13.
688 4186 789 4274 dicit,
815 4191 964 4286 gentiles
987 4190 1148 4287 persequi
1174 4192 1391 4271 Christianos
1414 4195 1507 4296 usust

283 4294 329 4369 nd
353 4296 494 4355 mortem.
545 4283 677 4355 Melito
710 4308 847 4381 quoque
883 4287 977 4360 Sard.
1005 4285 1042 4359 in
1066 4288 1171 4382 Apol.
1200 4289 1294 4387 apud
1321 4294 1403 4368 Eus.
1426 4297 1448 4367 l.
1475 4312 1508 4380 c,

274 4380 419 4485 inquit,
454 4379 712 4477 sycophantas,
753 4400 791 4464 et
814 4381 1181 4483 alieneadpetentes,
1217 4388 1514 4560 οςςαῑιοεειὲιίἑς

797 4540 815 4561 =-
936 4522 964 4539 ¹·
1386 4508 1407 4575 ἒ
1452 4507 1518 4575 ...18
