3609 5500
216 1723 533 1874 nuruum
567 1759 936 1872 ucctnsmu
962 1729 1427 1879 cums'rmuru
1489 1919 1491 1924 ι

433 2036 1214 2151 sacurutrrttrtrum

425 2439 492 2563 H
606 2471 688 2570 Jesu
714 2471 872 2564 Christo,
897 2474 972 2568 ejue
996 2469 1202 2558 conditore,
1234 2486 1272 2542 et
1297 2470 1429 2565 Johan·

596 2591 652 2641 ne
672 2567 845 2664 Baptista,
888 2571 963 2663 ejus
979 2566 1225 2665 praecursore,
1252 2566 1429 2661 agendum

380 2645 531 2748 w
601 2660 664 2737 est.
712 2664 1003 2765 JOHANNES‚
1043 2661 1262 2762 adrgnrrate
1289 2680 1327 2734 et
1351 2684 1428 2748 mu·
1510 2719 1516 2734 .

213 2780 296 2837 nere
310 2758 500 2859 adpellatur
515 2781 558 2837 et
573 2758 747 2858 Baptista,
766 2779 809 2836 et
834 2762 1056 2859 praecursor,
1081 2759 1143 2835 seu
1164 2761 1319 2854 Legatos
1333 2760 1431 2847 Dei,

207 2859 255 2929 ad
279 2855 376 2941 viam
398 2857 550 2933 Mediae
573 2857 782 2954 parandam,
821 2882 843 2930 e
867 2858 976 2957 stirpe
1007 2859 1068 2932 seu
1100 2856 1198 2929 linea
1225 2854 1432 2931 sacerdotali

214 2949 310 3041 fuit,
342 2972 413 3029 nun
443 2976 529 3024 vero
550 2950 750 3025 Pontifieali
776 2953 952 3039 Aaronis,
985 2976 1035 3023 ex
1058 2953 1160 3021 Patre
1182 2946 1354 3020 Zacharia
1384 2951 1436 3025 sa·

210 3045 378 3137 cerdote,
403 3062 441 3119 et
456 3046 648 3134 arrabea,
675 3044 787 3120 tribus
807 3067 950 3157 quoque
974 3042 1087 3135 Levi,
1113 3061 1264 3139 utroque
1284 3058 1433 3140 parente

212 3142 344 3241 pietate
365 3160 409 3215 et
432 3140 567 3219 virtute
595 3139 745 3240 insigni,
778 3146 964 3233 oriundus,
988 3162 1057 3215 nec
1080 3136 1152 3213 fine
1178 3138 1339 3236 fingulari
1356 3142 1432 3221 Dei

212 3236 456 3333 providentia,
504 3260 547 3313 ac
575 3236 831 3331 destinatione,
869 3237 965 3312 haud
998 3260 1070 3311 uno
1097 3234 1196 3347 figno
1220 3238 1433 3331 conspicua,

216 3336 251 3408 in
275 3332 475 3410 nativitatis
498 3336 575 3432 ejus
601 3333 900 3424 adnunciatione,
940 3352 983 3407 ac
1005 3332 1161 3407 nomime
1194 3330 1433 3427 inpofirione,

215 3452 276 3525 per
295 3431 475 3527 Angelum
504 3430 725 3521 Gabrielem,
758 3426 1014 3505 incredulitatis
1037 3428 1149 3505 Patris
1175 3426 1430 3527 castigatione,

239 3546 277 3598 ua
298 3545 420 3599 mutus
445 3544 484 3601 et
509 3526 629 3602 surdus
653 3527 765 3625 usque
790 3527 835 3601 ad
860 3524 1086 3601 nativitatem
1107 3526 1185 3622 ejus
1206 3524 1298 3615 fuit,
1342 3524 1434 3627 (sur-

215 3546 331 3696 iiuttir
355 3620 447 3697 licet
482 3642 557 3697 non
591 3623 750 3721 exprella
775 3622 838 3700 fitt
867 3618 1122 3698 mentiossLuc.
1147 3622 1181 3695 ir·
1209 3618 1302 3695 haud
1325 3644 1435 3699 unum
1522 3706 1524 3714 ᾗ

218 3734 330 3793 tamen
365 3718 447 3792 e‘ur
476 3718 636 3793 occurrit
677 3718 872 3809 indicium,
913 3714 1252 3815 utquodnutubus
1280 3738 1436 3795 cumen

213 3815 351 3922 egerint
362 3743 401 3911 ,)1
418 3836 468 3887 eo
486 3812 563 3911 ipm
580 3833 719 3913 quoque
739 3814 938 3912 inpeditur,
957 3836 1005 3889 ne
1020 3836 1098 3903 res,
1122 3814 1165 3887 ab
1183 3810 1323 3910 Angelo
1343 3836 1433 3891 nun·

211 3930 319 4001 cleta,
342 3908 623 4007 intempestive,
647 3912 705 3986 vel
730 3930 813 3985 ante
828 3930 988 4008 tempus,
1022 3906 1163 4007 abipso
1189 3910 1434 4005 evulgaretur,

214 4002 362 4104 indeque
387 4008 514 4082 turbae
537 4006 735 4099 orirentur,
761 4007 912 4105 denique
937 4006 1031 4103 quod
1059 4028 1081 4078 e
1106 4023 1218 4079 matre
1239 4002 1370 4093 sterili,
1395 4005 1435 4080 et'

215 4120 362 4215 utroque
379 4122 532 4205 parente
552 4100 788 4201 proveujoris
805 4104 951 4196 aetatis,
969 4102 1084 4179 fueritv
1095 4119 1298 4202 prognatus.
1332 4099 1435 4201 Quae

208 4219 330 4281 omme
355 4222 406 4275 ex
424 4202 514 4279 Luc.
540 4202 569 4281 L
593 4198 773 4282 coustant.
821 4204 994 4279 Ceterum
1014 4195 1263 4282 sacerdotem,
1278 4208 1316 4301 et
1339 4216 1437 4291 non,

258 4290 349 4390 [rm.
370 4296 451 4374 ut
783 4296 821 4377 A
998 4334 1002 4344 ·
1194 4286 1430 4393 l'ouuficem,

214 2373 295 2481 §.t
330 2275 742 2656 ssmglstoriam
772 2373 947 2450 Ecclesiae
979 2321 1167 2472 antequam
1196 2366 1342 2463 ordiar,
1384 2373 1430 2450 de
