3609 5500
763 929 890 1018 'Serui
916 927 992 1007 ΙΙΙ,
1013 937 1016 943 ’
1101 933 1127 962 ”
1429 941 1523 1036 7'75?

285 1104 404 1200 teste,
442 1107 533 1187 aliud
552 1110 666 1210 rursus
691 1110 874 1187 incendium
896 1109 1026 1185 molitus
1049 1106 1159 1187 fuerit
1183 1110 1350 1191 Galerius.
1400 1116 1496 1193 Post·

285 1229 349 1297 ca,
380 1222 418 1280 ut
440 1207 520 1284 illud
545 1213 662 1285 obiter
682 1209 825 1299 addam,
866 1206 954 1281 aliae
978 1209 1056 1280 sunt
1079 1230 1099 1281 a
1123 1209 1325 1284 Maximino
1349 1217 1494 1314 excogi-

285 1320 382 1376 tatae
415 1303 572 1379 fraudes:
618 1329 673 1380 ex.
723 1330 750 1380 r.
773 1303 968 1402 legationes
998 1302 1131 1376 urbium
1164 1304 1207 1377 ad
1234 1306 1496 1402 Maximinum,

286 1398 454 1473 auxilinm
488 1422 612 1474 contra
636 1400 850 1475 Christianos
880 1398 1103 1493 petentium,
1145 1400 1376 1492 subornatae-3
1416 1408 1498 1482 dein

286 1494 363 1569 atta
388 1496 487 1569 Pilati
512 1495 549 1569 in
574 1496 700 1570 Christi
725 1494 972 1571 contumeliam
998 1497 1041 1567 ab
1066 1494 1244 1588 inpostore
1261 1500 1432 1593 conficta,
1459 1522 1525 1577 et·:

285 1591 414 1687 ubique
442 1592 571 1688 sparsa;
597 1612 636 1666 ut
663 1593 818 1667 omnium
836 1589 945 1678 anirn'i
971 1589 1009 1663 in
1033 1590 1246 1666 Christianos
1260 1591 1498 1675 imitarentur:

289 1687 501 1764 mulierculis
533 1712 671 1787 quoque
711 1686 914 1762 Christianis
951 1709 1017 1783 per
1050 1704 1225 1761 tormenta
1243 1688 1328 1762 sunt
1360 1696 1501 1790 expres·

288 1782 346 1857 sae
367 1783 619 1859 horrendorum
643 1786 846 1873 criminum,
870 1806 891 1856 a
916 1779 1119 1858 Christianis
1140 1786 1269 1879 patrari
1297 1784 1498 1883 solitorum,

289 1877 532 1954 coufeffioncs.
565 1879 643 1955 Eus.
670 1883 719 1954 H.
745 1883 807 1953 IX:
835 1901 867 1951 2.

336 1973 556 2071 §.CLXVL
589 1975 657 2049 Sed
685 1974 768 2072 quid
793 1970 970 2048 Galerium
998 1975 1036 2047 in
1065 1971 1189 2068 primis
1206 1993 1243 2047 et
1261 1977 1523 2066 Maximinum.

289 2070 447 2166 inpulit?
470 2070 629 2145 Lablant.
655 2093 686 2145 c.
715 2095 770 2146 11.
796 2070 933 2165 culpam
957 2071 1098 2143 confert
1115 2070 1153 2141 in
1177 2090 1325 2145 matrem
1345 2075 1500 2168 Galerii,
1521 2123 1526 2131 ·

288 2166 431 2241 Deorum
455 2171 606 2241 orontium
625 2165 721 2266 (vel,
749 2185 788 2241 ut
807 2163 979 2239 Graevius
997 2166 1105 2264 legit,
1129 2164 1412 2259 Deuemouriuru,
1445 2191 1524 2248 aut-

288 2263 432 2338 Deorum
455 2267 593 2355 matris,
617 2263 752 2337 scilicet
768 2257 934 2357 Cybeles)
960 2264 1148 2345 cultricem,
1173 2261 1366 2339 foeminam
1382 2266 1527 2365 super·.

291 2357 565 2447 stitiofiffirum
607 2383 687 2455 quae
710 2362 848 2452 quotidie
867 2375 952 2450 pune
966 2355 1206 2453 sacrificabat,
1246 2376 1278 2430 et
1302 2362 1439 2454 dapibus
1462 2388 1503 2438 uc

291 2452 479 2551 epulissuis
498 2457 629 2526 vicanos
647 2456 843 2542 eslribebur,
870 2450 928 2525 seu
953 2454 1086 2543 alebat,
1110 2452 1271 2548 aquibus
1295 2478 1377 2531 cum
1403 2459 1525 2532 Chri:

291 2550 395 2624 stiani
420 2546 633 2641 abstineant,
660 2550 696 2623 in
724 2551 799 2647 ejus
823 2546 943 2622 odium
963 2548 1210 2637 incurrebant,
1235 2546 1287 2623 ita
1312 2551 1441 2643 ctiam,
1466 2573 1507 2628 ut

285 2646 397 2743 filium
411 2645 531 2742 suum,
550 2670 619 2719 uon
643 2650 748 2720 trinus
760 2641 1042 2744 superstitiosum,
1073 2646 1209 2741 querelis
1231 2646 1439 2724 muliebribus
1463 2652 1509 2725 ud

293 2744 446 2817 tollendos
460 2741 598 2815 lumines
614 2743 813 2817 incitaverit.
860 2738 930 2813 Sed
955 2739 1085 2815 srhaec
1106 2738 1415 2836 accefferitratio,
1438 2743 1528 2821 sota,

293 2857 354 2913 aut
377 2835 564 2934 praecipua
584 2838 711 2934 nequit
734 2835 877 2924 haberi,
911 2836 1210 2910 cumtantinon
1232 2842 1390 2932 potuerit
1411 2841 1510 2917 furo-

292 2934 351 3009 ris.
368 2931 438 3009 elle
464 2933 573 3008 causa.
620 2933 779 3010 Galerius
803 2930 939 3029 ipsein
966 2931 1106 3022 edida,
1132 2955 1203 3026 quo
1227 2934 1405 3030 superiora
1429 2961 1526 3010 cru··

295 3029 386 3103 delia
420 3031 624 3121 revocavit,
666 3029 755 3127 apud
789 3025 886 3102 Lau.
919 3050 951 3102 c.
986 3049 1043 3121 34.
1071 3047 1108 3101 et
1133 3028 1213 3102 Eas.
1238 3030 1288 3103 H.
1314 3031 1419 3107 Vlll.
1449 3055 1529 3126 17.·.

294 3148 389 3201 vano
413 3143 601 3224 praetextu
625 3126 719 3215 usus,
752 3123 924 3211 declarat,
957 3124 994 3196 se
1025 3122 1064 3196 in
1088 3120 1304 3198 Christianos
1330 3126 1432 3202 fuiffe
1454 3128 1527 3203 ·in·.

296 3223 465 3311 citatum,
490 3220 583 3315 quod
607 3221 823 3318 primaevam
848 3216 944 3292 suam
965 3238 1198 3315 corruperant
1216 3218 1448 3318 religionem,
1473 3242 1527 3303 et,¹
1605 3224 1607 3228 ’

295 3318 335 3393 in
350 3316 461 3390 varias
475 3315 608 3389 fuerint
623 3316 724 3391 divisa
741 3313 859 3391 sertas.
892 3314 1066 3409 Equidem
1085 3312 1384 3410 existimaverim,
1412 3342 1514 3416 prae·

295 3412 437 3506 cipuam
464 3411 595 3485 causatm
619 3412 719 3495 fuille
745 3406 1145 3505 'cumluperstitionem3
1186 3428 1256 3483 tum
1280 3412 1525 3491 ambitionem¹
1584 3436 1589 3444 ·

296 3505 537 3583 instaurandae
561 3507 745 3603 religionis
760 3506 946 3602 antiquae,
971 3530 1058 3602 quae
1081 3530 1148 3604 per
1174 3506 1320 3584 nimiam
1345 3512 1515 3587 Christia-

297 3627 422 3678 norum
450 3602 591 3700 copiam
617 3606 693 3678 lere
716 3603 758 3679 ad
779 3622 938 3677 extrema
964 3623 1200 3712 pervenerat,
1232 3625 1270 3679 et
1298 3606 1516 3681 Christianae

294 3700 484 3787 delendae,
510 3718 670 3796 tanquam
696 3725 714 3774 a
742 3698 855 3797 prima
882 3698 1021 3795 origine
1040 3702 1189 3771 multum
1215 3697 1392 3790 diversae,
1417 3700 1528 3775 srmub

265 3809 267 3812 ‘
295 3792 631 3904 divisae,.adeoque
648 3793 772 3881 falsae,
796 3794 893 3866 srmul
914 3789 1019 3864 facile
1035 3790 1288 3886 exstirpandae.
1330 3791 1513 3872 Sicutita·

297 3913 366 3988 que
390 3887 542 3962 Romani
567 3889 695 3988 inperii
724 3885 971 3963 instauratores
978 3932 989 3974 ,
1022 3908 1063 3959 ac
1088 3886 1321 3978 liberatores,
1349 3889 1514 3982 fuerunt,

296 4005 341 4060 et
361 3981 531 4060 celebrati
554 3984 746 4076 sunt‚=.'ita
769 3988 912 4085 quoque
931 3980 1094 4079 respedlu
1117 3980 1419 4079 'religionis-idern
1439 4010 1519 4065 am«

296 4081 450 4157 bierunt:
473 4078 610 4183 ¹erod
623 4100 645 4156 a
660 4101 862 4187 temporum
879 4077 1089 4181 conditione
1108 4102 1181 4153 non
1196 4081 1373 4157 abhorret.
1402 4082 1528 4158 christ

296 4177 387 4251 tiani
410 4175 515 4253 enim.
529 4176 634 4252 nimis
659 4176 760 4253 erant
784 4172 1031 4274 multiplicati,
1047 4194 1094 4248 et
1109 4175 1238 4274 capita
1250 4175 1379 4275 ubique
1396 4202 1519 4255 erexe-

296 4288 395 4360 rant,
437 4296 504 4348 nec
539 4271 690 4372 amplius
722 4274 935 4349 videbantur
967 4270 1127 4359 ferendi3
1164 4273 1340 4371 adeoque,
1381 4274 1524 4372 reliquis

296 4365 460 4442 hostibus
481 4369 684 4468 debellatis,
704 4367 1000 4462 sabaeus-hant,
1021 4388 1199 4466 :tanquam
1218 4368 1385 4449 intestini
1407 4370 1533 4459 nostes,

295 4463 522 4563 ¹‹ievincendi
808 4466 960 4544 Eeeee
980 4488 1007 4565 4
1281 4464 1315 4570 i.
1338 4458 1523 4548 CLXVII.
