3609 5500
371 754 458 851 {io
778 748 927 852 ffillorld
955 736 1082 854 EccseJ.
1109 746 1222 853 urrist.

386 932 478 1024 lide,
503 948 544 1011 ut
568 928 658 1007 milli
672 929 839 1023 videon,
862 934 1107 1032 responderint
1131 934 1206 1031 ejus
1221 926 1431 1021 adversarii,
1455 922 1612 1023 inmaga

388 1051 450 1114 nar
467 1031 503 1103 se
528 1030 762 1124 conjecerunt
784 1030 977 1126 angustias,
1003 1031 1188 1127 negando,
1214 1051 1301 1125 quae
1316 1025 1437 1124 negari
1454 1047 1526 1099 non
1542 1046 1609 1119 po·

387 1142 525 1215 terant,
567 1144 628 1203 aut
656 1126 844 1201 debebant.
890 1126 1061 1222 Equidem
1097 1124 1235 1215 omnia,
1274 1146 1361 1221 quoe
1386 1120 1537 1219 protuli,
1571 1114 1610 1189 ei

389 1220 541 1303 concedi
573 1217 672 1315 posse
691 1220 973 1326 ‘autumaverim
1013 1222 1140 1318 absque
1165 1220 1267 1295 irtio
1301 1217 1377 1313 ejus
1400 1215 1611 1313 opinionem

388 1315 528 1397 metelle
554 1314 764 1403 meritum
798 1315 856 1397 cui
883 1319 950 1394 alio
975 1318 1114 1394 ratione
1139 1318 1393 1390 occurrendum
1415 1313 1487 1389 est:
1510 1308 1613 1403 cujus

388 1413 539 1493 breuem
561 1410 662 1491 dubo,
676 1408 910 1494 intellellum-
962 1428 992 1489 r.
1019 1412 1152 1507 Utique
1182 1410 1224 1483 ad
1247 1410 1403 1506 priorum
1424 1427 1611 1503 argumen-

388 1525 466 1589 tum
497 1503 670 1601 regeffiffe
703 1503 911 1595 suffecerit.
954 1508 996 1587 ab
1022 1505 1249 1585 OEconomia
1283 1505 1385 1603 legali
1417 1522 1454 1577 et
1487 1499 1614 1598 typica

388 1604 435 1677 ad
462 1600 675 1697 spiritualem
706 1602 831 1679 nullam
858 1602 976 1681 valere
1010 1603 1317 1699 consequentiam,
1355 1597 1439 1694 quia
1468 1593 1612 1671 foederi

389 1715 543 1775 externo
571 1714 658 1772 tunc
683 1694 780 1775 locus
803 1714 900 1787 erat,
925 1720 1020 1771 nunc
1044 1699 1177 1786 nullum
1202 1698 1295 1771 sacra
1312 1714 1410 1770 erant
1436 1712 1519 1767 tunc
1546 1714 1612 1775 εκ(

390 1810 491 1886 terna
515 1808 553 1864 et
576 1808 616 1887 ty
640 1790 716 1878 ico,
749 1788 879 1887 quique
908 1810 1054 1867 externe
1078 1816 1119 1867 ea
1144 1792 1369 1878 observabat,
1404 1789 1546 1885 typicae
1571 1802 1615 1861 et

390 1886 497 1984 legali
524 1884 603 1967 satis
618 1884 756 1965 uolebat
772 1884 1044 1983 dispensationi,
1070 1904 1212 1984 eratque
1227 1887 1388 1982 Judaeis,
1415 1886 1522 1958 modo
1539 1880 1610 1955 cir·

388 1978 572 2070 telmisu,
596 1998 633 2061 et
656 1979 817 2076 legaliter
842 1981 961 2077 puris,
981 1982 1038 2079 jus
1064 1984 1110 2057 ad
1125 2005 1166 2059 ea
1189 1980 1310 2070 sacru
1334 2002 1439 2078 quare
1463 1979 1608 2077 legalis,

389 2097 433 2162 et
455 2098 530 2159 nou
561 2074 717 2164 moralis,
752 2074 926 2174 inpuritas
950 2100 1054 2187 mrem
1070 2080 1116 2153 ab
1137 2078 1186 2154 iio
1205 2078 1358 2153 arcebat.
1405 2074 1504 2175 Quae
1533 2096 1614 2145 om-

391 2174 453 2249 nia
466 2173 527 2250 sub
547 2170 781 2277 OEconomia
795 2172 965 2268 spirituali
980 2170 1080 2247 secus
1095 2172 1166 2250 sese
1182 2172 1335 2253 habent:
1359 2169 1498 2267 Legalis
1513 2189 1619 2246 nuno

391 2270 503 2357 nulla,
536 2264 609 2340 sola
634 2267 775 2345 obtmet
805 2267 965 2356 moralis,
998 2267 1186 2363 inpuritas:
1220 2266 1262 2341 ad
1287 2267 1381 2341 sacra
1404 2262 1519 2339 nostra
1545 2287 1610 2337 ne·

390 2362 503 2451 mini,
529 2360 592 2438 oisr
608 2383 694 2443 vera
718 2380 755 2435 et
773 2362 915 2441 efficace
938 2363 1010 2437 lide
1032 2362 1217 2459 praedito,
1237 2363 1292 2458 jus
1308 2361 1385 2450 est,
1411 2361 1608 2450 membrum

389 2455 568 2545 Ecelefire
592 2474 697 2539 nemo
725 2456 789 2543 nisi
815 2458 949 2549 fidelis,
974 2474 1012 2531 et
1037 2456 1178 2535 virtutis
1194 2456 1380 2545 studiosus,
1406 2457 1617 2529 communio

388 2550 510 2640 nostra
534 2551 629 2627 sacra
652 2575 738 2634 eum
757 2550 836 2625 solia
863 2553 916 2627 est
941 2552 1165 2634 credentibus
1189 2552 1303 2643 veris,
1334 2552 1378 2625 ad
1407 2575 1495 2647 quos
1518 2550 1611 2625 soler

389 2649 541 2727 societas
567 2646 726 2743 pertinet
750 2644 964 2729 christum:
989 2672 1093 2744 quare
1116 2650 1208 2728 hauc
1230 2648 1336 2724 sidem
1353 2646 1515 2742 profeffi,
1539 2666 1616 2721 nec

391 2745 550 2833 moribus
571 2761 650 2817 euru
683 2742 901 2836 refutantes,
933 2744 1164 2822 admittuntur
1190 2742 1273 2834 soli,
1303 2742 1409 2840 idque
1432 2740 1503 2824 hoc
1528 2741 1613 2816 fun«

387 2845 579 2928 dumento,
616 2839 711 2934 quod
745 2862 865 2919 uerum
899 2841 970 2916 elle
998 2864 1120 2916 eorum
1156 2859 1195 2916 et
1223 2838 1390 2914 smeeram
1421 2837 1613 2912 confeffio·

390 2963 475 3022 nem
498 2931 756 3033 praesumatur:
778 2937 878 3034 cujus
898 2937 1115 3012 contrarium
1140 2936 1166 3010 sr
1193 2936 1303 3033 palam
1329 2952 1370 3008 et
1394 2953 1495 3007 certo
1520 2956 1608 3010 con·

388 3036 480 3123 stet,
522 3029 695 3137 rumpitur
717 3054 800 3109 oum
830 3055 875 3106 eo
899 3033 1103 3114 communio
1127 3033 1231 3108 sacru.
1276 3027 1426 3125 Judaeus
1448 3027 1617 3126 legaliter

387 3150 499 3226 purus
521 3122 790 3212 admittebatur,
808 3125 886 3200 sed.
897 3126 1113 3202 Christianus
1128 3125 1308 3202 moruiter
1324 3124 1421 3200 talis:
1447 3125 1605 3220 Judaeo,

387 3219 499 3320 modo
523 3216 754 3307 circumciso,
778 3235 816 3293 et
841 3219 999 3313 legaliter
1021 3223 1173 3311 mundo,
1195 3224 1252 3318 jus
1276 3220 1314 3295 in
1337 3219 1430 3294 sacra
1454 3219 1606 3314 Templi

387 3309 617 3408 negotiaori
649 3325 819 3406 poterat,
858 3314 980 3406 potest
1013 3317 1209 3392 Christiano
1247 3316 1428 3398 moraliter
1460 3313 1607 3412 inpuro.

386 3423 426 3488 o.
440 3406 623 3500 -Ertempla
653 3429 740 3514 vero
773 3407 943 3504 produela
970 3409 1007 3486 in
1033 3435 1108 3486 rem
1131 3412 1349 3510 praesentem
1373 3433 1495 3508 panno
1519 3409 1611 3492 ἢεί,

386 3522 475 3598 unt,
500 3523 579 3571 cum
603 3524 649 3575 ex
676 3502 745 3574 rllir
768 3519 903 3576 tantum
928 3504 999 3579 hoe
1021 3507 1141 3604 colligi
1165 3508 1287 3605 pollit,
1313 3507 1454 3601 quinam
1480 3529 1612 3604 pecca·

387 3619 486 3686 rores
514 3595 840 3705 exeommunicandi
866 3598 955 3689 smt,
989 3603 1049 3698 qui
1085 3623 1179 3692 non,
1210 3602 1269 3676 sed
1295 3603 1444 3676 minime
1473 3603 1512 3676 in
1536 3625 1609 3698 quo

387 3695 453 3790 sita
477 3689 949 3804 suerum-excommunicatio.
999 3696 1108 3792 Judae
1142 3698 1340 3793 eaer'nplum
1380 3698 1502 3794 utique
1532 3719 1615 3775 nom

385 3807 762 3897 tentumemoeeret,
782 3788 825 3864 ‘sr
856 3791 940 3885 qurd
974 3790 1015 3866 in
1045 3791 1135 3868 hane
1156 3815 1239 3868 rem·
1263 3795 1416 3882 valeret,
1458 3793 1607 3889 ejusmo-

388 3885 430 3974 dr
450 3881 612 3955 hommes
633 3905 718 3992 ‘nou
740 3903 875 3958 tuntum
899 3885 943 3961 ad
965 3889 1002 3968 S.
1028 3890 1202 3976 Coenam,
1242 3888 1300 3961 sed
1324 3907 1361 3963 et
1385 3887 1429 3962 ad
1457 3887 1609 3962 familia·

384 4004 428 4080 qe
439 3989 703 4081 {commercium
717 3977 787 4055 effe
803 3977 1065 4066 admittendos,
1084 3983 1177 4076 quod
1193 3983 1471 4079 indisciplinam
1489 3985 1523 4059 A
1553 3984 1608 4056 os·

318 4171 324 4178 .
384 4071 529 4184 tplicam
556 4069 690 4144 drredle
713 4070 883 4180 incurrit:
915 4073 1040 4148 sed-ed
1058 4077 1157 4150 -illud
1180 4075 1291 4174 Judae
1317 4079 1489 4175 regelsrll‘e
1512 4005 1613 4156 siffi-

381 4185 457 4264 ιιι,
473 4163 577 4316 trlluclv
591 4163 670 4267 etse,
686 4167 1021 4262 eumordrnarium,
1046 4191 1114 4250 nec
1134 4174 1319 4276 publicum
1339 4175 1455 4256 adhuc
1478 4176 1522 4252 ab
1546 4175 1606 4352 ip·

383 4323 401 4360 r.
473 4335 480 4348 ·
985 4310 988 4320 '
1468 4345 1473 4354 .
1550 4347 1555 4358 ,
1581 4293 1612 4350 0
