3609 5500
253 432 1648 683 —

792 532 878 541 ᾖ.

374 729 379 738 ι

766 857 769 864 ’
815 854 936 940 Serus.
952 854 1026 939 lli
1058 863 1123 958 ‘¹'
1445 874 1523 969 542

295 1035 483 1130 mansisse,
514 1026 632 1118 tradit.
683 1039 812 1118 Refert
837 1043 979 1144 quidem
1005 1043 1154 1118 Tertull.
1179 1043 1258 1121 adv.
1276 1044 1466 1123 valentin.
1487 1045 1516 1120 l.

294 1139 373 1211 IV.
396 1159 478 1210 eurn
501 1136 607 1211 initio
632 1138 793 1214 simulasse
817 1142 1077 1227 orthodoxum,
1104 1140 1184 1213 dum
1208 1142 1356 1217 ambiret
1371 1143 1518 1241 Episco-

295 1250 445 1330 patum,
467 1230 526 1306 sed
550 1236 652 1325 dein,
677 1246 757 1310 cuin
785 1238 851 1311 hac
875 1238 936 1332 spe
960 1234 1170 1326 excidisset,
1188 1237 1318 1311 larvam
1342 1236 1518 1334 deposuis-

301 1328 354 1402 se.
406 1326 472 1401 Cui
497 1351 601 1404 nemo
624 1333 762 1423 fiderit,
788 1356 833 1406 eo
857 1337 971 1405 minus
994 1331 1086 1428 quod
1110 1329 1218 1404 simile
1245 1331 1328 1428 quid
1354 1334 1517 1408 omnibus

298 1422 384 1499 fere
406 1423 597 1500 haereticis
617 1428 749 1527 adfingi
775 1428 892 1504 soleat.
941 1429 1000 1505 De
1025 1425 1165 1524 scriptis
1187 1430 1261 1524 ejus
1283 1452 1405 1524 parum
1433 1427 1518 1504 cone

297 1518 380 1595 stat.
430 1521 470 1592 T
470 1542 535 1595 ert.
559 1523 581 1597 l.
607 1547 638 1606 c.
662 1543 835 1598 memorat
850 1526 924 1621 ejus
946 1525 1116 1619 Sophiam,
1142 1544 1181 1598 et
1206 1525 1250 1598 de
1266 1546 1362 1599 carne
1381 1525 1521 1619 Christi,

281 1615 323 1691 ’1.
351 1617 382 1692 1.
406 1615 483 1712 ejus
505 1613 661 1712 Psalmos.
708 1622 763 1693 Ex
785 1619 938 1694 homiliis
969 1622 1043 1716 ejus
1068 1621 1234 1717 quaedam
1266 1620 1402 1696 exstant
1427 1622 1520 1719 stag·

299 1713 427 1787 menta
451 1724 541 1809 apud
567 1717 675 1791 Clem.
695 1716 825 1807 Alere,
840 1736 889 1790 >et
906 1714 1097 1790 dissertatio
1117 1718 1230 1812 aliqua
1255 1718 1344 1811 apud
1370 1718 1518 1814 Origen.

302 1827 434 1883 contra
455 1810 657 1901 Marcion,
690 1837 777 1909 quae
803 1812 997 1911 fragmenta
1022 1813 1166 1909 collegit
1184 1815 1290 1886 Grab.
1324 1814 1362 1887 in
1393 1815 1519 1909 Spicil.

302 1901 445 1978 fec-II.
492 1907 621 2002 lugens
644 1908 786 2003 quidem
815 1908 955 2006 aliquod
988 1907 1222 2015 fragmentum
1247 1909 1406 1983 recenset
1431 1910 1520 2006 Epi·

304 2000 414 2100 phau.
438 2000 460 2075 l.
485 2023 540 2092 c.,
564 2003 622 2076 sed
642 2027 712 2077 non
730 2001 781 2077 est
796 2006 888 2101 ejus,
914 2024 954 2079 ut
970 2005 1081 2077 evicrt
1098 2006 1247 2078 Pearfon
1264 2002 1374 2079 Vind.
1400 2008 1517 2103 ignat.

300 2117 342 2195 p.
367 2097 414 2171 ll.
441 2120 472 2170 e.
489 2119 524 2186 5.
574 2099 702 2173 Refert
719 2100 859 2196 quidem
878 2119 981 2175 autor
995 2102 1198 2174 ultimorum
1215 2109 1290 2196 cap'.
1314 2099 1393 2174 libri
1415 2104 1519 2184 'sert

300 2195 351 2268 'de
386 2190 590 2292 Praescript.
623 2197 756 2271 haeret.
788 2196 902 2292 ipsum
936 2218 1067 2272 novum
1100 2195 1238 2271 finxisse
1270 2201 1516 2296 euangelium3

299 2286 366 2364 ted
388 2286 494 2378 falsu,
527 2310 567 2363 ut
592 2290 756 2388 probavit
788 2295 904 2366 Grabe
928 2293 949 2366 l.
973 2294 995 2367 l.
1504 2362 1506 2365 .

350 2381 383 2484 s.
407 2385 622 2461 CLXXXII.
648 2387 878 2476 Valentinus,
902 2386 989 2463 licet
1004 2387 1152 2485 ingenio
1170 2388 1209 2462 in
1224 2387 1409 2486 systemate
1432 2412 1518 2463 con·

299 2479 422 2560 ¹dendo
443 2482 566 2555 abusus
586 2482 714 2573 fuerit,
749 2485 792 2557 ab
816 2483 891 2557 aliis
915 2502 1052 2573 tamen,
1084 2483 1145 2579 qui
1170 2483 1235 2586 ipss
1259 2486 1519 2579 praeluserunt,

298 2576 414 2655 'rnulta
437 2574 573 2670 sumfit,
598 2579 649 2652 uti
666 2602 789 2653 omnes
813 2578 983 2654 testantur
1000 2581 1165 2655 Veteres.
1215 2582 1368 2655 Primam
1387 2583 1517 2682 ogdoa,-

301 2674 370 2764 da,
408 2671 558 2746 secunda
592 2675 743 2773 tetracly
774 2676 855 2751 alias
887 2675 1065 2766 ordinata,
1109 2700 1190 2750 eum
1215 2700 1235 2748 a
1257 2676 1521 2756 Vetustioribus

297 2764 476 2847 derivasse
503 2771 700 2863 Gnosticis,
740 2774 808 2847 late
838 2771 1003 2868 probavit
1030 2773 1179 2846 Pearson
1208 2772 1318 2849 Vind.
1343 2778 1454 2871 lgnat.
1480 2801 1518 2873 p.

296 2868 353 2942 ¹11.
388 2887 420 2940 c.
444 2884 481 2955 5.
530 2867 761 2942 Valentinum
791 2869 950 2964 antiquas
987 2867 1237 2941 Gnosticorum
1271 2869 1445 2943 dostrinas
1478 2876 1517 2943 in

301 2962 405 3039 suurn
428 2961 663 3037 cnaratterem
691 2963 916 3052 transtulisse,
940 2961 1069 3034 diserte
1094 2960 1238 3034 testatur
1253 2963 1347 3033 lren.
1375 2965 1398 3036 l.
1425 2966 1453 3034 l:
1480 2985 1516 3052 5.

302 3058 440 3137 11:18.
480 3080 585 3153 quare
617 3083 637 3132 a
673 3060 814 3155 reliquis
855 3053 1032 3133 Gnosticis
1063 3054 1147 3126 furti
1190 3054 1332 3126 fuerunt
1370 3055 1522 3131 accusati

300 3150 574 3244 Valentiniani,
600 3155 723 3228 eodem
740 3155 824 3230 ibid.
844 3152 943 3228 teste.
973 3149 1195 3224 Theodoret.
1213 3147 1295 3221 alibi
1311 3150 1421 3226 Haer.
1447 3150 1519 3228 fab.

299 3250 332 3326 l.
357 3250 387 3325 I.
412 3246 521 3340 dixit,
546 3275 587 3323 ex
610 3252 662 3324 sris
680 3254 824 3325 omnibus
845 3247 1025 3343 lraesestlsus
1049 3246 1244 3319 Valentinus
1270 3249 1433 3342 accipiens
1450 3272 1522 3324 mo·

298 3350 423 3423 seriam
452 3349 713 3420 interminabiles.
729 3347 875 3442 fabulas
920 3341 1103 3440 composuit.
1153 3343 1211 3416 De
1244 3341 1520 3441 antiquioribus,

296 3456 345 3518 ut
366 3441 534 3533 Simone,
567 3444 790 3535 Menandre,
824 3465 862 3517 et
879 3441 1073 3529 Cerintho,
1098 3460 1179 3511 cum
1201 3436 1268 3512 sec.
1294 3440 1324 3512 1.
1359 3441 1519 3539 egerim,

291 3538 368 3614 irie
393 3538 575 3634 proximos
598 3542 808 3635 praelusores
831 3538 1055 3624 memorabo,
1079 3536 1139 3608 sed
1155 3533 1381 3631 praecipuos,
1405 3541 1521 3613 Satur·

300 3641 418 3709 ninum
441 3632 576 3709 scilicet
608 3655 644 3708 et
666 3635 860 3730 Bnfilidem,
909 3657 1056 3802 quorum
1082 3633 1134 3703 ille
1166 3630 1413 3737 Antiochenus
1437 3639 1523 3708 Me·

299 3727 440 3809 'naudr't
460 3733 624 3829 dogmata
645 3729 716 3826 'per
738 3732 895 3830 Syriam,
942 3734 971 3802 ic
997 3752 1085 3802 vero
1110 3750 1174 3820 per
1190 3729 1406 3820 Alsgyptum
1429 3731 1521 3825 spar-

296 3825 376 3914 ·stt,
415 3842 452 3897 et
481 3826 531 3912 in.
551 3827 664 3900 Perfia
690 3850 829 3924 quoque
859 3825 1003 3910 docuit,
1042 3840 1202 3928 narrante
1224 3821 1400 3894 Archelao
1433 3826 1524 3920 apud

296 3917 519 4018 'Zacagnium
552 3922 589 3994 in
619 3923 761 3997 Collesl.
788 3942 943 3993 monum.
969 3920 1079 4006 Vet.,
1114 3919 1172 3989 ubr
1195 3914 1429 4012 fragmentum
1461 3922 1521 3997 ali·

299 4017 398 4118 quod
422 4018 497 4113 ejus
521 4017 631 4090 exstat
653 4018 696 4091 de
721 4023 840 4092 duobus
867 4018 1048 4110 principiis.
1103 4013 1184 4115 Quo
1209 4032 1369 4108 tempore
1394 4015 1522 4093 florue-

300 4115 398 4204 rint,
438 4113 690 4188 etsr'adcurate
716 4111 856 4189 definiri
882 4129 1050 4208 nequeat,
1084 4108 1167 4185 illud
1193 4130 1326 4182 certum
1353 4109 1422 4200 est,
1464 4138 1526 4188 eos

300 4215 375 4310 jam
404 4209 548 4305 Trajani
572 4229 731 4301 tempore
758 4208 936 4282 doslrinas
958 4204 1205 4295 disseminasse,
1231 4203 1287 4277 fed
1312 4205 1371 4278 sub
1395 4209 1523 4283 lladri·

284 4318 377 4457 ta'sso
401 4325 508 4401 caput
529 4305 711 4399 extulisse,
735 4306 892 4477 publici}
913 4303 1040 4379 orestis
1055 4301 1180 4377 scholis
1187 4356 1200 4396 ,
1224 4322 1261 4375 et
1285 4301 1438 4471 conditiq
1456 4307 1524 4473 qe

315 4422 323 4455 κ
453 4462 456 4468 .
750 4490 753 4495 g
900 4423 995 4496 zzg
1405 4418 1456 4472 ce
1473 4427 1527 4494 ns,
