3609 5500
792 895 900 976 Serus.
922 849 999 977 ils.
1417 918 1492 998 771

282 1099 371 1176 unt;
400 1076 587 1253 inprimis
610 1098 691 1157 curn
716 1076 798 1156 sons
820 1080 949 1154 erroris
974 1091 1113 1176 pateat,
1145 1097 1250 1175 quern
1276 1074 1396 1166 Marci
1414 1080 1492 1158 Au·

285 1183 366 1258 relii
391 1200 429 1256 et
488 1177 634 1253 ureliani
661 1177 819 1253 consulto
852 1176 1014 1275 peperit,
1041 1176 1093 1251 uti
1120 1174 1195 1272 ipse
1217 1176 1382 1253 Ruinart.
1407 1178 1429 1254 l.
1455 1201 1491 1255 c.

285 1282 323 1357 in
340 1280 374 1352 S.
400 1274 658 1373 symphoriano
681 1274 840 1372 agnovit.

355 1430 364 1448 .
391 1372 533 1444 CLXII.
574 1371 659 1445 Nec
683 1390 800 1445 tamen
837 1369 875 1444 in
901 1367 1079 1444 Dodwelli
1105 1365 1315 1442 sententiam
1339 1368 1468 1444 iverim
1476 1377 1497 1462 ,'

256 1473 343 1547 -sed
359 1468 479 1563 aliqua
499 1466 572 1562 jam
595 1466 697 1541 fuisse
719 1466 838 1541 emissa
862 1464 998 1556 edissa,
1023 1484 1060 1539 et
1085 1461 1368 1562 persecutionem
1393 1467 1494 1539 ince-

284 1565 373 1665 pisse
390 1583 471 1637 ante
496 1562 707 1659 inperatoris
725 1582 899 1651 mortem,
926 1581 963 1635 et
981 1560 1060 1658 post
1083 1558 1302 1634 continuasse
1318 1562 1362 1634 ad
1381 1562 1496 1636 breve

286 1682 446 1756 tempus,
469 1659 684 1732 censuerim:
706 1684 738 1733 1.
760 1657 920 1732 Latiam.
937 1656 1020 1731 illud
1040 1657 1132 1731 clare
1148 1654 1302 1747 indicat,
1327 1657 1386 1731 ubi
1396 1691 1415 1748 ,²
1434 1660 1496 1731 In·

284 1773 483 1856 peratorem
510 1756 705 1828 crudelibus
719 1753 849 1849 fadis,
888 1776 961 1826 non
988 1753 1106 1850 itaque
1130 1750 1312 1849 proposito
1336 1770 1494 1846 tantum,

285 1859 371 1929 iram
389 1848 461 1923 Dei
480 1849 698 1941 laceffiviffe,
731 1850 841 1940 dicit,
875 1852 975 1922 initia
993 1872 1132 1945 quoque
1156 1846 1284 1922 suroris
1298 1869 1495 1939 memorat,

286 1953 361 2026 imo
385 1944 513 2018 diserte
540 1946 658 2037 addit,
699 1943 824 2044 scripta
846 1943 1003 2017 nondum
1029 1945 1070 2017 ad
1097 1946 1267 2017 ulteriores
1293 1945 1497 2040 provinciae

241 2061 250 2071 ·
284 2038 505 2143 pervenisset
529 2039 620 2116 edita
645 2043 763 2138 itaque
789 2041 931 2114 suerunt
953 2040 1085 2137 aliqua,
1111 2040 1209 2113 etin
1233 2037 1361 2114 vicinis
1378 2038 1498 2115 saltem

285 2134 507 2236 regionibus,
535 2137 656 2235 utique
675 2137 871 2225 Thraciae,
897 2134 958 2208 ubi
973 2155 1047 2210 erat
1063 2138 1280 2232 Imperator,
1307 2136 1497 2230 publicata.

287 2260 321 2312 2.
345 2225 470 2307 Euseb.
495 2256 610 2307 nonam
643 2235 703 2307 sub
729 2232 921 2307 Aureliano
952 2253 1026 2306 non
1055 2230 1253 2305 collocasset
1280 2232 1498 2327 persecutio·

286 2354 389 2417 nem,
414 2346 453 2401 ut
481 2326 568 2401 fecit
592 2327 631 2402 in
655 2329 810 2419 Chrom,
835 2326 970 2402 srintra
992 2326 1105 2401 minas
1131 2326 1327 2416 mansisset,
1353 2347 1391 2401 et
1407 2327 1499 2403 nihil

205 2481 209 2486 -
284 2424 403 2500 luisset
429 2421 620 2519 peratum.
670 2449 702 2521 3.
727 2427 826 2499 Inter
857 2423 1012 2511 fulmen,
1055 2422 1098 2495 de
1124 2445 1194 2518 quo
1218 2422 1298 2496 Eus.
1321 2422 1500 2519 loquitur,
1584 2486 1586 2488 .

286 2543 325 2595 et
349 2538 501 2593 mortem
527 2522 567 2592 ln
595 2520 760 2610 eratoris,
803 2519 933 2621 aliquid
957 2516 1125 2613 temporis
1160 2515 1226 2590 suit
1249 2515 1502 2614 interjedium,

287 2635 327 2691 ut
350 2640 394 2689 ex
413 2615 543 2689 Chron.
568 2546 647 2691 sus.
674 2618 799 2690 Gr.·et
815 2618 892 2690 Lat.
918 2633 1037 2709 patet:
1064 2636 1134 2709 quo
1153 2610 1266 2709 spatio
1283 2611 1502 2689 intermedio

285 2708 486 2810 persecutio
512 2709 673 2809 incipere
698 2711 837 2809 potuit:
871 2728 1071 2808 praeterea,
1113 2731 1192 2783 curn
1208 2707 1275 2805 seu·
1297 2710 1405 2786 mens.
1429 2710 1501 2786 suit

285 2811 545 2974 interrepnum,
610 2831 656 2881 uo
681 2805 894 2881 edissenum
930 2804 1073 2879 fuerunt
1103 2823 1292 2894 revocata,
1332 2808 1503 2904 utiqueo

287 2903 470 2977 malevdls
493 2901 696 2978 consrlrariis
726 2919 921 2999 potuerunt
950 2897 1155 2981 executioni
1185 2898 1289 2974 suilse
1325 2903 1502 2981 mandata.
1542 2951 1546 2957 ι

286 3024 323 3090 4.
349 2995 468 3071 Const.
495 2999 552 3073 M.
579 3022 717 3097 quoque
739 2998 777 3072 in
802 3017 890 3072 orat.
914 2995 957 3070 ad
981 2995 1166 3092 sanderum
1189 3011 1310 3072 coetum
1334 3018 1410 3092 cap.
1431 3004 1499 3090 '24.

286 3094 512 3169 Aurelianum
536 3096 600 3191 jun
629 3095 658 3167 it
685 3093 877 3171 Valeriano
903 3111 941 3165 et
972 3090 1112 3182 Decio,
1153 3109 1190 3165 et
1206 3090 1501 3259 persecutoribus

286 3185 499 3264 adnumerat.
548 3213 583 3281 5.
649 3212 692 3263 ec
714 3190 864 3264 multum
879 3185 1020 3285 negotii
1037 3185 1190 3284 denique
1223 3187 1340 3262 acessit
1356 3186 1436 3264 lius.
1461 3189 1504 3265 in

285 3283 381 3360 Hist.
410 3286 431 3359 l.
455 3308 510 3374 c.,
536 3284 616 3382 quia
643 3284 764 3369 minus
788 3282 934 3382 proprie
959 3302 997 3358 et
1028 3282 1193 3359 adcurate
1215 3281 1399 3380 loquitur,
1438 3283 1505 3360 ubi

284 3379 534 3470 Aurelianum,
558 3378 832 3455 subscribentem
850 3378 994 3471 edistis,
1023 3378 1129 3453 ultam
1147 3376 1216 3453 else
1234 3402 1255 3451 e
1270 3375 1423 3478 uestigio,
1448 3379 1503 3456 di·

286 3475 357 3565 cit,
382 3474 539 3550 divinam
561 3475 752 3574 justitiam,
777 3476 874 3552 addit
897 3474 993 3550 enim
1019 3490 1056 3548 ut
1071 3478 1121 3551 ita
1140 3479 1297 3567 dixerim,
1322 3475 1431 3571 quast:
1455 3497 1503 3552 ne

284 3572 400 3647 dicam
426 3573 591 3648 nonnulla
622 3572 740 3649 edissa
763 3572 898 3651 censeri
924 3572 1022 3670 posse
1043 3570 1116 3668 jam
1142 3571 1281 3660 emissa,
1322 3595 1401 3646 cum
1427 3572 1504 3646 aliis
1555 3602 1559 3611 =

285 3667 502 3741 subscribens
526 3668 595 3744 fuit
618 3669 768 3745 fulmine
793 3669 893 3745 istus.
941 3667 1121 3755 satiant,
1160 3687 1200 3738 ut
1224 3664 1333 3737 modo
1356 3664 1502 3757 notavi,

286 3763 413 3837 diserte
422 3761 558 3927 spatha,
585 3760 700 3838 edida
724 3783 869 3838 cruenta
882 3763 927 3836 ad
945 3763 1113 3835 ulteriores
1126 3757 1327 3857 provincias
1347 3763 1505 3838 nondum

311 3877 432 3931 ervem
462 3879 493 3930 e.
750 3929 752 3932 Α
1170 3873 1173 3881 ·

335 3952 367 4052 l.
394 3952 555 4028 chffl.
581 3954 798 4032 Intermedio
825 3974 1010 4052 tempore,
1034 3953 1140 4049 usque
1162 3949 1205 4026 ud
1220 3949 1510 4028 Diocletianeam'

286 4047 592 4150 persecutionem,
632 4050 718 4126 licet
740 4055 835 4127 forte
859 4075 932 4126 non
955 4050 1133 4145 defuerint
1157 4047 1343 4146 martyria,
1371 4047 1396 4121 sr
1429 4047 1507 4129 adia

288 4169 411 4219 eorum
435 4145 527 4242 apud
553 4146 718 4224 Ruinart.
745 4149 813 4225 smt
837 4147 1010 4247 genuina,
1049 4168 1143 4220 nova
1168 4163 1284 4233 tamen
1308 4143 1509 4243 persecutio

289 4257 376 4315 ante
402 4264 478 4316 eam
511 4264 584 4316 non
610 4242 791 4343 ingruit,
812 4269 900 4347 quae
925 4244 1046 4320 ultima
1070 4241 1165 4332 suit,
1193 4259 1229 4314 et
1253 4240 1410 4332 omniurn
1436 4242 1510 4316 sade

222 4378 230 4388 ·
260 4424 266 4435 ι
290 4335 446 4431 vissima,
471 4358 512 4416 ac
536 4332 808 4422 decemdura'iit
831 4350 961 4512 εΕπῃοε,
976 4363 1012 4412 a
1033 4338 1154 4437 primo
1178 4346 1301 4413 autore
1316 4336 1517 4415 Diocleum

371 4449 378 4461 '
875 4456 1030 4512 eeeea
1463 4451 1513 4512 uo
