<?xml version="1.0" encoding="UTF-8"?>
<!DOCTYPE html PUBLIC "-//W3C//DTD XHTML 1.0 Transitional//EN"
    "http://www.w3.org/TR/xhtml1/DTD/xhtml1-transitional.dtd">
<html xmlns="http://www.w3.org/1999/xhtml" xml:lang="en" lang="en">
 <head>
  <title>
</title>
<meta http-equiv="Content-Type" content="text/html;charset=utf-8" />
  <meta name='ocr-system' content='tesseract 3.04.00' />
  <meta name='ocr-capabilities' content='ocr_page ocr_carea ocr_par ocr_line ocrx_word'/>
</head>
<body>
  <div class='ocr_page' id='page_1' title='image "./hermannivenemai05venegoog_0390.png"; bbox 0 0 3609 5500; ppageno 0'>
   <div class='ocr_carea' id='block_1_1' title="bbox 430 693 1267 800">
    <p class='ocr_par' dir='ltr' id='par_1_1' title="bbox 430 693 1267 800">
     <span class='ocr_line' id='line_1_1' title="bbox 430 693 1267 800; baseline -0.004 -23"><span class='ocrx_word' id='word_1_1' title='bbox 430 693 513 796; x_wconf 73' lang='lat' dir='ltr'><strong>mr</strong></span> <span class='ocrx_word' id='word_1_2' title='bbox 792 694 1267 800; x_wconf 56' lang='lat' dir='ltr'><strong>ranunculorum</strong></span> 
     </span>
    </p>
   </div>
   <div class='ocr_carea' id='block_1_2' title="bbox 419 871 1633 1365">
    <p class='ocr_par' dir='ltr' id='par_1_2' title="bbox 419 871 1633 1365">
     <span class='ocr_line' id='line_1_2' title="bbox 419 871 1631 982; baseline -0.003 -26"><span class='ocrx_word' id='word_1_3' title='bbox 419 883 491 956; x_wconf 76' lang='lat' dir='ltr'><strong>lut</strong></span> <span class='ocrx_word' id='word_1_4' title='bbox 512 895 585 952; x_wconf 89' lang='lat' dir='ltr'><strong>non</strong></span> <span class='ocrx_word' id='word_1_5' title='bbox 609 871 779 976; x_wconf 76' lang='lat' dir='ltr'><strong>adoptare</strong></span> <span class='ocrx_word' id='word_1_6' title='bbox 803 875 992 954; x_wconf 80' lang='lat' dir='ltr'><strong>declarant.</strong></span> <span class='ocrx_word' id='word_1_7' title='bbox 1045 879 1181 982; x_wconf 79' lang='lat' dir='ltr'><strong>Quibus</strong></span> <span class='ocrx_word' id='word_1_8' title='bbox 1209 879 1271 956; x_wconf 83' lang='lat' dir='ltr'><strong>ttbi</strong></span> <span class='ocrx_word' id='word_1_9' title='bbox 1298 879 1460 978; x_wconf 74' lang='lat' dir='ltr'><strong>ignatius</strong></span> <span class='ocrx_word' id='word_1_10' title='bbox 1485 877 1631 976; x_wconf 81' lang='lat' dir='ltr'><strong>sinplici-</strong></span> 
     </span>
     <span class='ocr_line' id='line_1_3' title="bbox 434 972 1633 1084; baseline -0.003 -33"><span class='ocrx_word' id='word_1_11' title='bbox 434 973 724 1084; x_wconf 75' lang='lat' dir='ltr'><strong>terresponrlet,</strong></span> <span class='ocrx_word' id='word_1_12' title='bbox 756 974 920 1070; x_wconf 79' lang='lat' dir='ltr'><strong>scriptum</strong></span> <span class='ocrx_word' id='word_1_13' title='bbox 943 973 1014 1071; x_wconf 78' lang='lat' dir='ltr'><strong>esd,</strong></span> <span class='ocrx_word' id='word_1_14' title='bbox 1045 972 1236 1074; x_wconf 81' lang='lat' dir='ltr'><strong>significat,</strong></span> <span class='ocrx_word' id='word_1_15' title='bbox 1281 999 1328 1051; x_wconf 79' lang='lat' dir='ltr'><strong>ex</strong></span> <span class='ocrx_word' id='word_1_16' title='bbox 1352 999 1433 1052; x_wconf 82' lang='lat' dir='ltr'><strong>mea</strong></span> <span class='ocrx_word' id='word_1_17' title='bbox 1459 977 1633 1083; x_wconf 81' lang='lat' dir='ltr'><strong>opinione,</strong></span> 
     </span>
     <span class='ocr_line' id='line_1_4' title="bbox 433 1069 1627 1168; baseline -0.003 -22"><span class='ocrx_word' id='word_1_18' title='bbox 433 1073 523 1147; x_wconf 87' lang='lat' dir='ltr'><strong>nihil</strong></span> <span class='ocrx_word' id='word_1_19' title='bbox 541 1070 654 1160; x_wconf 79' lang='lat' dir='ltr'><strong>aliud,</strong></span> <span class='ocrx_word' id='word_1_20' title='bbox 680 1091 871 1166; x_wconf 82' lang='lat' dir='ltr'><strong>nepotum</strong></span> <span class='ocrx_word' id='word_1_21' title='bbox 896 1069 1006 1146; x_wconf 83' lang='lat' dir='ltr'><strong>etiarn</strong></span> <span class='ocrx_word' id='word_1_22' title='bbox 1031 1075 1251 1168; x_wconf 84' lang='lat' dir='ltr'><strong>euangelium</strong></span> <span class='ocrx_word' id='word_1_23' title='bbox 1282 1071 1322 1146; x_wconf 90' lang='lat' dir='ltr'><strong>in</strong></span> <span class='ocrx_word' id='word_1_24' title='bbox 1347 1074 1445 1147; x_wconf 85' lang='lat' dir='ltr'><strong>libris</strong></span> <span class='ocrx_word' id='word_1_25' title='bbox 1475 1071 1627 1166; x_wconf 78' lang='lat' dir='ltr'><strong>antiquis,</strong></span> 
     </span>
     <span class='ocr_line' id='line_1_5' title="bbox 434 1166 1628 1276; baseline -0.002 -34"><span class='ocrx_word' id='word_1_26' title='bbox 434 1170 472 1242; x_wconf 91' lang='lat' dir='ltr'><strong>in</strong></span> <span class='ocrx_word' id='word_1_27' title='bbox 489 1168 605 1266; x_wconf 89' lang='lat' dir='ltr'><strong>specie</strong></span> <span class='ocrx_word' id='word_1_28' title='bbox 623 1167 899 1274; x_wconf 77' lang='lat' dir='ltr'><strong>Prophetarum,</strong></span> <span class='ocrx_word' id='word_1_29' title='bbox 918 1166 1049 1267; x_wconf 90' lang='lat' dir='ltr'><strong>scripto</strong></span> <span class='ocrx_word' id='word_1_30' title='bbox 1065 1167 1135 1246; x_wconf 79' lang='lat' dir='ltr'><strong>elle</strong></span> <span class='ocrx_word' id='word_1_31' title='bbox 1153 1171 1249 1246; x_wconf 83' lang='lat' dir='ltr'><strong>const</strong></span> <span class='ocrx_word' id='word_1_32' title='bbox 1275 1187 1417 1260; x_wconf 82' lang='lat' dir='ltr'><strong>natum,</strong></span> <span class='ocrx_word' id='word_1_33' title='bbox 1442 1169 1499 1244; x_wconf 90' lang='lat' dir='ltr'><strong>seu</strong></span> <span class='ocrx_word' id='word_1_34' title='bbox 1512 1169 1628 1276; x_wconf 83' lang='lat' dir='ltr'><strong>adnun-</strong></span> 
     </span>
     <span class='ocr_line' id='line_1_6' title="bbox 432 1193 1629 1365; baseline -0.006 -26"><span class='ocrx_word' id='word_1_35' title='bbox 432 1265 584 1340; x_wconf 82' lang='lat' dir='ltr'><strong>ciatum:</strong></span> <span class='ocrx_word' id='word_1_36' title='bbox 617 1261 703 1336; x_wconf 81' lang='lat' dir='ltr'><strong>sicut</strong></span> <span class='ocrx_word' id='word_1_37' title='bbox 728 1263 831 1350; x_wconf 82' lang='lat' dir='ltr'><strong>alibi,</strong></span> <span class='ocrx_word' id='word_1_38' title='bbox 864 1264 923 1337; x_wconf 89' lang='lat' dir='ltr'><strong>sed</strong></span> <span class='ocrx_word' id='word_1_39' title='bbox 945 1286 984 1337; x_wconf 89' lang='lat' dir='ltr'><strong>et</strong></span> <span class='ocrx_word' id='word_1_40' title='bbox 1008 1265 1047 1338; x_wconf 90' lang='lat' dir='ltr'><strong>in</strong></span> <span class='ocrx_word' id='word_1_41' title='bbox 1072 1263 1141 1338; x_wconf 88' lang='lat' dir='ltr'><strong>hac</strong></span> <span class='ocrx_word' id='word_1_42' title='bbox 1162 1265 1236 1364; x_wconf 91' lang='lat' dir='ltr'><strong>ipsa</strong></span> <span class='ocrx_word' id='word_1_43' title='bbox 1249 1193 1371 1360; x_wconf 44' lang='lat' dir='ltr'><strong>ipio.</strong></span> <span class='ocrx_word' id='word_1_44' title='bbox 1401 1267 1433 1365; x_wconf 64' lang='lat' dir='ltr'><strong>s.</strong></span> <span class='ocrx_word' id='word_1_45' title='bbox 1459 1289 1494 1356; x_wconf 82' lang='lat'><strong>5.</strong></span> <span class='ocrx_word' id='word_1_46' title='bbox 1519 1263 1629 1338; x_wconf 77' lang='lat' dir='ltr'><strong>diserte</strong></span> 
     </span>
    </p>
   </div>
   <div class='ocr_carea' id='block_1_3' title="bbox 420 1354 1633 1751">
    <p class='ocr_par' dir='ltr' id='par_1_3' title="bbox 420 1354 1633 1751">
     <span class='ocr_line' id='line_1_7' title="bbox 433 1354 1630 1459; baseline -0.005 -23"><span class='ocrx_word' id='word_1_47' title='bbox 433 1361 562 1436; x_wconf 77' lang='lat' dir='ltr'><strong>tradit:</strong></span> <span class='ocrx_word' id='word_1_48' title='bbox 595 1359 767 1454; x_wconf 80' lang='lat' dir='ltr'><strong>propbetas</strong></span> <span class='ocrx_word' id='word_1_49' title='bbox 793 1360 989 1454; x_wconf 77' lang='lat' dir='ltr'><em>diligamus,</em></span> <span class='ocrx_word' id='word_1_50' title='bbox 1022 1359 1203 1457; x_wconf 81' lang='lat' dir='ltr'><strong>inquiens,</strong></span> <span class='ocrx_word' id='word_1_51' title='bbox 1233 1379 1406 1459; x_wconf 78' lang='lat' dir='ltr'><strong>propterea</strong></span> <span class='ocrx_word' id='word_1_52' title='bbox 1428 1363 1508 1456; x_wconf 78' lang='lat' dir='ltr'><strong>quad</strong></span> <span class='ocrx_word' id='word_1_53' title='bbox 1532 1377 1561 1432; x_wconf 81' lang='lat' dir='ltr'><strong>tt</strong></span> <span class='ocrx_word' id='word_1_54' title='bbox 1580 1354 1630 1453; x_wconf 75' lang='lat' dir='ltr'><strong>ips</strong></span> 
     </span>
     <span class='ocr_line' id='line_1_8' title="bbox 432 1457 1629 1554; baseline -0.008 -20"><span class='ocrx_word' id='word_1_55' title='bbox 432 1460 634 1552; x_wconf 77' lang='lat' dir='ltr'><strong>euangelium</strong></span> <span class='ocrx_word' id='word_1_56' title='bbox 658 1457 950 1544; x_wconf 76' lang='lat' dir='ltr'><strong>adnuntiaverint,</strong></span> <span class='ocrx_word' id='word_1_57' title='bbox 984 1482 1025 1530; x_wconf 86' lang='lat' dir='ltr'><strong>ac</strong></span> <span class='ocrx_word' id='word_1_58' title='bbox 1050 1464 1085 1530; x_wconf 84' lang='lat' dir='ltr'><strong>ln</strong></span> <span class='ocrx_word' id='word_1_59' title='bbox 1112 1457 1269 1553; x_wconf 75' lang='lat' dir='ltr'><strong>Christum</strong></span> <span class='ocrx_word' id='word_1_60' title='bbox 1281 1458 1511 1554; x_wconf 77' lang='lat' dir='ltr'><strong>speraverint,</strong></span> <span class='ocrx_word' id='word_1_61' title='bbox 1539 1474 1568 1527; x_wconf 82' lang='lat' dir='ltr'><strong>et</strong></span> <span class='ocrx_word' id='word_1_62' title='bbox 1582 1478 1629 1525; x_wconf 80' lang='lat' dir='ltr'><strong>er·</strong></span> 
     </span>
     <span class='ocr_line' id='line_1_9' title="bbox 420 1550 1633 1751; baseline -0.005 -123"><span class='ocrx_word' id='word_1_63' title='bbox 420 1553 664 1751; x_wconf 32' lang='lat' dir='ltr'><strong>gestaverint,</strong></span> <span class='ocrx_word' id='word_1_64' title='bbox 689 1557 722 1622; x_wconf 84' lang='lat' dir='ltr'><strong>in</strong></span> <span class='ocrx_word' id='word_1_65' title='bbox 746 1575 804 1645; x_wconf 80' lang='lat' dir='ltr'><strong>qua</strong></span> <span class='ocrx_word' id='word_1_66' title='bbox 829 1568 862 1622; x_wconf 83' lang='lat' dir='ltr'><strong>rt</strong></span> <span class='ocrx_word' id='word_1_67' title='bbox 888 1553 1053 1626; x_wconf 80' lang='lat' dir='ltr'><strong>credentes</strong></span> <span class='ocrx_word' id='word_1_68' title='bbox 1065 1551 1211 1649; x_wconf 82' lang='lat' dir='ltr'><strong>salntem</strong></span> <span class='ocrx_word' id='word_1_69' title='bbox 1226 1553 1491 1650; x_wconf 80' lang='lat' dir='ltr'><strong>consecutisum.</strong></span> <span class='ocrx_word' id='word_1_70' title='bbox 1535 1550 1588 1624; x_wconf 87' lang='lat' dir='ltr'><strong>Sic</strong></span> <span class='ocrx_word' id='word_1_71' title='bbox 1601 1567 1633 1622; x_wconf 87' lang='lat' dir='ltr'><strong>et</strong></span> 
     </span>
    </p>
   </div>
   <div class='ocr_carea' id='block_1_4' title="bbox 422 1643 1632 2702">
    <p class='ocr_par' dir='ltr' id='par_1_4' title="bbox 426 1643 1632 2415">
     <span class='ocr_line' id='line_1_10' title="bbox 489 1643 1629 1748; baseline -0.001 -27"><span class='ocrx_word' id='word_1_72' title='bbox 489 1669 523 1740; x_wconf 92' lang='lat'><strong>9.</strong></span> <span class='ocrx_word' id='word_1_73' title='bbox 562 1648 662 1721; x_wconf 78' lang='lat' dir='ltr'><strong>Solet</strong></span> <span class='ocrx_word' id='word_1_74' title='bbox 685 1645 827 1742; x_wconf 88' lang='lat' dir='ltr'><strong>quidem</strong></span> <span class='ocrx_word' id='word_1_75' title='bbox 852 1648 897 1721; x_wconf 91' lang='lat' dir='ltr'><strong>de</strong></span> <span class='ocrx_word' id='word_1_76' title='bbox 914 1652 1117 1745; x_wconf 84' lang='lat' dir='ltr'><strong>euangelio,</strong></span> <span class='ocrx_word' id='word_1_77' title='bbox 1142 1671 1237 1724; x_wconf 88' lang='lat' dir='ltr'><strong>nunc</strong></span> <span class='ocrx_word' id='word_1_78' title='bbox 1249 1651 1379 1748; x_wconf 81' lang='lat' dir='ltr'><strong>scripto</strong></span> <span class='ocrx_word' id='word_1_79' title='bbox 1404 1653 1448 1724; x_wconf 87' lang='lat' dir='ltr'><strong>ab</strong></span> <span class='ocrx_word' id='word_1_80' title='bbox 1467 1643 1629 1746; x_wconf 79' lang='lat' dir='ltr'><strong>Apostolit</strong></span> 
     </span>
     <span class='ocr_line' id='line_1_11' title="bbox 430 1739 1629 1845; baseline -0.005 -26"><span class='ocrx_word' id='word_1_81' title='bbox 430 1765 468 1820; x_wconf 81' lang='lat' dir='ltr'><strong>et</strong></span> <span class='ocrx_word' id='word_1_82' title='bbox 494 1739 743 1837; x_wconf 83' lang='lat' dir='ltr'><strong>Euangelistis,</strong></span> <span class='ocrx_word' id='word_1_83' title='bbox 768 1743 943 1841; x_wconf 83' lang='lat' dir='ltr'><strong>intelligi,</strong></span> <span class='ocrx_word' id='word_1_84' title='bbox 969 1750 1085 1820; x_wconf 81' lang='lat' dir='ltr'><strong>minus</strong></span> <span class='ocrx_word' id='word_1_85' title='bbox 1110 1744 1228 1835; x_wconf 73' lang='lat' dir='ltr'><strong>relle,</strong></span> <span class='ocrx_word' id='word_1_86' title='bbox 1254 1748 1402 1843; x_wconf 86' lang='lat' dir='ltr'><strong>opinor,</strong></span> <span class='ocrx_word' id='word_1_87' title='bbox 1428 1746 1529 1845; x_wconf 85' lang='lat' dir='ltr'><strong>quia,</strong></span> <span class='ocrx_word' id='word_1_88' title='bbox 1560 1739 1629 1840; x_wconf 87' lang='lat' dir='ltr'><strong>quid</strong></span> 
     </span>
     <span class='ocr_line' id='line_1_12' title="bbox 429 1837 1630 1938; baseline 0.001 -22"><span class='ocrx_word' id='word_1_89' title='bbox 429 1841 573 1916; x_wconf 80' lang='lat' dir='ltr'><strong>adrem</strong></span> <span class='ocrx_word' id='word_1_90' title='bbox 597 1837 722 1926; x_wconf 85' lang='lat' dir='ltr'><strong>fatiat,</strong></span> <span class='ocrx_word' id='word_1_91' title='bbox 763 1859 836 1912; x_wconf 88' lang='lat' dir='ltr'><strong>non</strong></span> <span class='ocrx_word' id='word_1_92' title='bbox 865 1859 1001 1929; x_wconf 83' lang='lat' dir='ltr'><strong>tantum</strong></span> <span class='ocrx_word' id='word_1_93' title='bbox 1036 1863 1109 1914; x_wconf 92' lang='lat' dir='ltr'><strong>non</strong></span> <span class='ocrx_word' id='word_1_94' title='bbox 1140 1841 1305 1936; x_wconf 85' lang='lat' dir='ltr'>adparet,</span> <span class='ocrx_word' id='word_1_95' title='bbox 1345 1843 1404 1916; x_wconf 87' lang='lat' dir='ltr'><strong>sed</strong></span> <span class='ocrx_word' id='word_1_96' title='bbox 1436 1867 1512 1916; x_wconf 83' lang='lat' dir='ltr'><strong>vox</strong></span> <span class='ocrx_word' id='word_1_97' title='bbox 1533 1852 1630 1938; x_wconf 64' lang='lat' dir='ltr'><strong>naor</strong></span> 
     </span>
     <span class='ocr_line' id='line_1_13' title="bbox 428 1934 1629 2106; baseline -0.003 -92"><span class='ocrx_word' id='word_1_98' title='bbox 428 1953 469 2014; x_wconf 82' lang='lat' dir='ltr'><strong>ot</strong></span> <span class='ocrx_word' id='word_1_99' title='bbox 490 1939 637 2012; x_wconf 84' lang='lat' dir='ltr'><strong>verbum</strong></span> <span class='ocrx_word' id='word_1_100' title='bbox 655 1935 846 2033; x_wconf 62' lang='lat' dir='ltr'><strong>ytygr&#39;rlm</strong></span> <span class='ocrx_word' id='word_1_101' title='bbox 860 1934 1026 2032; x_wconf 82' lang='lat' dir='ltr'><strong>scriptam</strong></span> <span class='ocrx_word' id='word_1_102' title='bbox 1049 1934 1120 2026; x_wconf 92' lang='lat' dir='ltr'><strong>est,</strong></span> <span class='ocrx_word' id='word_1_103' title='bbox 1144 1936 1188 2010; x_wconf 87' lang='lat' dir='ltr'><strong>ad</strong></span> <span class='ocrx_word' id='word_1_104' title='bbox 1215 1935 1343 2106; x_wconf 58' lang='lat' dir='ltr'><strong>scrigta</strong></span> <span class='ocrx_word' id='word_1_105' title='bbox 1368 1939 1418 2013; x_wconf 90' lang='lat' dir='ltr'><strong>V.</strong></span> <span class='ocrx_word' id='word_1_106' title='bbox 1445 1939 1495 2013; x_wconf 89' lang='lat' dir='ltr'><strong>T.</strong></span> <span class='ocrx_word' id='word_1_107' title='bbox 1520 1945 1561 2011; x_wconf 90' lang='lat' dir='ltr'><strong>ab</strong></span> <span class='ocrx_word' id='word_1_108' title='bbox 1583 1941 1629 2034; x_wconf 87' lang='lat' dir='ltr'><strong>lg·</strong></span> 
     </span>
     <span class='ocr_line' id='line_1_14' title="bbox 427 2029 1630 2132; baseline -0.003 -24"><span class='ocrx_word' id='word_1_109' title='bbox 427 2033 528 2108; x_wconf 83' lang='lat' dir='ltr'><strong>nario</strong></span> <span class='ocrx_word' id='word_1_110' title='bbox 558 2031 686 2128; x_wconf 89' lang='lat' dir='ltr'><strong>ubique</strong></span> <span class='ocrx_word' id='word_1_111' title='bbox 720 2029 893 2105; x_wconf 86' lang='lat' dir='ltr'><strong>refertur:</strong></span> <span class='ocrx_word' id='word_1_112' title='bbox 937 2055 993 2107; x_wconf 80' lang='lat' dir='ltr'><strong>ex.</strong></span> <span class='ocrx_word' id='word_1_113' title='bbox 1019 2055 1071 2129; x_wconf 85' lang='lat' dir='ltr'><strong>gr.</strong></span> <span class='ocrx_word' id='word_1_114' title='bbox 1105 2030 1148 2106; x_wconf 84' lang='lat' dir='ltr'><strong>ad</strong></span> <span class='ocrx_word' id='word_1_115' title='bbox 1177 2031 1306 2130; x_wconf 84' lang='lat' dir='ltr'><strong>Ephe.</strong></span> <span class='ocrx_word' id='word_1_116' title='bbox 1331 2057 1366 2125; x_wconf 86' lang='lat'><strong>5.</strong></span> <span class='ocrx_word' id='word_1_117' title='bbox 1397 2034 1630 2132; x_wconf 80' lang='lat' dir='ltr'><strong>Magnesia.</strong></span> 
     </span>
     <span class='ocr_line' id='line_1_15' title="bbox 428 2125 1632 2296; baseline -0.002 -93"><span class='ocrx_word' id='word_1_118' title='bbox 428 2145 467 2203; x_wconf 81' lang='lat' dir='ltr'><strong>et</strong></span> <span class='ocrx_word' id='word_1_119' title='bbox 492 2125 586 2202; x_wconf 81' lang='lat' dir='ltr'><strong>alibi.</strong></span> <span class='ocrx_word' id='word_1_120' title='bbox 638 2129 856 2222; x_wconf 82' lang='lat' dir='ltr'><strong>Euangelium</strong></span> <span class='ocrx_word' id='word_1_121' title='bbox 873 2149 962 2201; x_wconf 90' lang='lat' dir='ltr'><strong>vero</strong></span> <span class='ocrx_word' id='word_1_122' title='bbox 986 2126 1075 2222; x_wconf 87' lang='lat' dir='ltr'><strong>apud</strong></span> <span class='ocrx_word' id='word_1_123' title='bbox 1098 2127 1213 2296; x_wconf 75' lang='lat' dir='ltr'><strong>ignat.</strong></span> <span class='ocrx_word' id='word_1_124' title='bbox 1238 2128 1445 2225; x_wconf 78' lang='lat' dir='ltr'><strong>simpliciter</strong></span> <span class='ocrx_word' id='word_1_125' title='bbox 1458 2127 1632 2204; x_wconf 85' lang='lat' dir='ltr'><strong>adnuncia·</strong></span> 
     </span>
     <span class='ocr_line' id='line_1_16' title="bbox 427 2221 1631 2320; baseline -0.002 -22"><span class='ocrx_word' id='word_1_126' title='bbox 427 2225 563 2298; x_wconf 85' lang='lat' dir='ltr'><strong>tionem</strong></span> <span class='ocrx_word' id='word_1_127' title='bbox 581 2221 798 2315; x_wconf 83' lang='lat' dir='ltr'><strong>nativitatis,</strong></span> <span class='ocrx_word' id='word_1_128' title='bbox 822 2223 1004 2320; x_wconf 80' lang='lat' dir='ltr'><strong>paffionis,</strong></span> <span class='ocrx_word' id='word_1_129' title='bbox 1021 2242 1062 2298; x_wconf 91' lang='lat' dir='ltr'><strong>et</strong></span> <span class='ocrx_word' id='word_1_130' title='bbox 1077 2244 1116 2294; x_wconf 90' lang='lat' dir='ltr'><strong>re</strong></span> <span class='ocrx_word' id='word_1_131' title='bbox 1132 2221 1341 2298; x_wconf 76' lang='lat' dir='ltr'><strong>urreliionis</strong></span> <span class='ocrx_word' id='word_1_132' title='bbox 1357 2225 1511 2317; x_wconf 86' lang='lat' dir='ltr'><strong>Christi,</strong></span> <span class='ocrx_word' id='word_1_133' title='bbox 1536 2226 1631 2298; x_wconf 87' lang='lat' dir='ltr'><strong>deuo·</strong></span> 
     </span>
     <span class='ocr_line' id='line_1_17' title="bbox 426 2318 1480 2415; baseline 0.002 -22"><span class='ocrx_word' id='word_1_134' title='bbox 426 2339 500 2407; x_wconf 85' lang='lat' dir='ltr'><strong>tat,</strong></span> <span class='ocrx_word' id='word_1_135' title='bbox 527 2321 577 2392; x_wconf 88' lang='lat' dir='ltr'><strong>nti</strong></span> <span class='ocrx_word' id='word_1_136' title='bbox 605 2343 660 2393; x_wconf 87' lang='lat' dir='ltr'><strong>ex.</strong></span> <span class='ocrx_word' id='word_1_137' title='bbox 687 2340 739 2414; x_wconf 87' lang='lat' dir='ltr'><strong>gr.</strong></span> <span class='ocrx_word' id='word_1_138' title='bbox 764 2321 806 2392; x_wconf 86' lang='lat' dir='ltr'><strong>ad</strong></span> <span class='ocrx_word' id='word_1_139' title='bbox 829 2318 961 2392; x_wconf 73' lang='lat' dir='ltr'><strong>Philad.</strong></span> <span class='ocrx_word' id='word_1_140' title='bbox 989 2341 1024 2408; x_wconf 84' lang='lat'><strong>9.</strong></span> <span class='ocrx_word' id='word_1_141' title='bbox 1048 2321 1107 2394; x_wconf 85' lang='lat' dir='ltr'><strong>Srn</strong></span> <span class='ocrx_word' id='word_1_142' title='bbox 1135 2341 1188 2394; x_wconf 88' lang='lat' dir='ltr'><strong>rn.</strong></span> <span class='ocrx_word' id='word_1_143' title='bbox 1212 2342 1236 2410; x_wconf 86' lang='lat'>5</span> <span class='ocrx_word' id='word_1_144' title='bbox 1260 2339 1298 2394; x_wconf 90' lang='lat' dir='ltr'><strong>et</strong></span> <span class='ocrx_word' id='word_1_145' title='bbox 1323 2343 1356 2415; x_wconf 82' lang='lat'><strong>7.</strong></span> <span class='ocrx_word' id='word_1_146' title='bbox 1476 2403 1480 2408; x_wconf 49' lang='grc'>,</span> 
     </span>
    </p>

    <p class='ocr_par' dir='ltr' id='par_1_5' title="bbox 422 2343 1632 2702">
     <span class='ocr_line' id='line_1_18' title="bbox 437 2343 1630 2513; baseline 0 -25"><span class='ocrx_word' id='word_1_147' title='bbox 437 2449 443 2458; x_wconf 92' lang='grc'><strong><em>·</em></strong></span> <span class='ocrx_word' id='word_1_148' title='bbox 474 2415 508 2513; x_wconf 66' lang='lat' dir='ltr'><strong>s,</strong></span> <span class='ocrx_word' id='word_1_149' title='bbox 534 2416 725 2488; x_wconf 80' lang='lat' dir='ltr'><strong>XXXVII.</strong></span> <span class='ocrx_word' id='word_1_150' title='bbox 760 2416 946 2510; x_wconf 83' lang='lat' dir='ltr'><strong>Explicem</strong></span> <span class='ocrx_word' id='word_1_151' title='bbox 971 2343 1145 2512; x_wconf 65' lang='lat' dir='ltr'><strong>superesd‚</strong></span> <span class='ocrx_word' id='word_1_152' title='bbox 1176 2415 1260 2510; x_wconf 90' lang='lat' dir='ltr'><strong>quid</strong></span> <span class='ocrx_word' id='word_1_153' title='bbox 1294 2416 1357 2490; x_wconf 86' lang='lat' dir='ltr'><strong>fibi</strong></span> <span class='ocrx_word' id='word_1_154' title='bbox 1383 2414 1500 2490; x_wconf 89' lang='lat' dir='ltr'><strong>velint</strong></span> <span class='ocrx_word' id='word_1_155' title='bbox 1524 2415 1630 2513; x_wconf 83' lang='lat' dir='ltr'><strong>Judai·</strong></span> 
     </span>
     <span class='ocr_line' id='line_1_19' title="bbox 424 2508 1632 2612; baseline 0.002 -28"><span class='ocrx_word' id='word_1_156' title='bbox 424 2527 542 2584; x_wconf 69' lang='lat' dir='ltr'><strong>nantes</strong></span> <span class='ocrx_word' id='word_1_157' title='bbox 564 2508 773 2596; x_wconf 86' lang='lat' dir='ltr'><strong>Christiani,</strong></span> <span class='ocrx_word' id='word_1_158' title='bbox 807 2533 886 2583; x_wconf 85' lang='lat' dir='ltr'><strong>cum</strong></span> <span class='ocrx_word' id='word_1_159' title='bbox 912 2511 1053 2605; x_wconf 86' lang='lat' dir='ltr'><strong>Ignatio</strong></span> <span class='ocrx_word' id='word_1_160' title='bbox 1070 2509 1242 2606; x_wconf 85' lang='lat' dir='ltr'><strong>regeffilse</strong></span> <span class='ocrx_word' id='word_1_161' title='bbox 1266 2511 1436 2586; x_wconf 87' lang='lat' dir='ltr'><strong>dicuntur</strong></span> <span class='ocrx_word' id='word_1_162' title='bbox 1465 2513 1502 2586; x_wconf 66' lang='lat' dir='ltr'><strong>lla</strong></span> <span class='ocrx_word' id='word_1_163' title='bbox 1526 2513 1632 2612; x_wconf 63' lang='lat' dir='ltr'><strong>sgira-</strong></span> 
     </span>
     <span class='ocr_line' id='line_1_20' title="bbox 422 2605 1626 2702; baseline 0.002 -20"><span class='ocrx_word' id='word_1_164' title='bbox 422 2635 476 2682; x_wconf 66' lang='grc' dir='ltr'><strong>κα</strong></span> <span class='ocrx_word' id='word_1_165' title='bbox 498 2609 690 2701; x_wconf 76' lang='lat' dir='ltr'><strong>praejacet,</strong></span> <span class='ocrx_word' id='word_1_166' title='bbox 725 2607 782 2678; x_wconf 88' lang='lat' dir='ltr'><strong>vel</strong></span> <span class='ocrx_word' id='word_1_167' title='bbox 834 2605 1022 2677; x_wconf 89' lang='lat' dir='ltr'><strong>ublicatum</strong></span> <span class='ocrx_word' id='word_1_168' title='bbox 1049 2605 1195 2702; x_wconf 86' lang='lat' dir='ltr'><strong>prostat.</strong></span> <span class='ocrx_word' id='word_1_169' title='bbox 1242 2609 1285 2680; x_wconf 89' lang='lat' dir='ltr'><strong>In</strong></span> <span class='ocrx_word' id='word_1_170' title='bbox 1315 2611 1436 2681; x_wconf 87' lang='lat' dir='ltr'><strong>animo</strong></span> <span class='ocrx_word' id='word_1_171' title='bbox 1460 2611 1551 2684; x_wconf 88' lang='lat' dir='ltr'><strong>mibi</strong></span> <span class='ocrx_word' id='word_1_172' title='bbox 1574 2615 1626 2684; x_wconf 80' lang='lat' dir='ltr'><strong>ba·</strong></span> 
     </span>
    </p>
   </div>
   <div class='ocr_carea' id='block_1_5' title="bbox 274 2701 1627 2800">
    <p class='ocr_par' dir='ltr' id='par_1_6' title="bbox 274 2701 1627 2800">
     <span class='ocr_line' id='line_1_21' title="bbox 274 2701 1627 2800; baseline -0.004 -14"><span class='ocrx_word' id='word_1_173' title='bbox 274 2713 278 2722; x_wconf 87' lang='grc'><strong>’</strong></span> <span class='ocrx_word' id='word_1_174' title='bbox 422 2701 533 2783; x_wconf 84' lang='lat' dir='ltr'><strong>buisse</strong></span> <span class='ocrx_word' id='word_1_175' title='bbox 558 2701 726 2776; x_wconf 85' lang='lat' dir='ltr'><strong>videntur</strong></span> <span class='ocrx_word' id='word_1_176' title='bbox 749 2701 834 2798; x_wconf 86' lang='lat' dir='ltr'><strong>legts</strong></span> <span class='ocrx_word' id='word_1_177' title='bbox 858 2701 1035 2775; x_wconf 78' lang='lat' dir='ltr'><strong>solennem</strong></span> <span class='ocrx_word' id='word_1_178' title='bbox 1061 2703 1399 2800; x_wconf 82' lang='lat' dir='ltr'><strong>promulgationem,</strong></span> <span class='ocrx_word' id='word_1_179' title='bbox 1424 2701 1558 2795; x_wconf 72' lang='lat' dir='ltr'><strong>dDeo,</strong></span> <span class='ocrx_word' id='word_1_180' title='bbox 1581 2705 1627 2781; x_wconf 85' lang='lat' dir='ltr'><strong>su·</strong></span> 
     </span>
    </p>
   </div>
   <div class='ocr_carea' id='block_1_6' title="bbox 397 2797 1628 4333">
    <p class='ocr_par' dir='ltr' id='par_1_7' title="bbox 397 2797 1628 4145">
     <span class='ocr_line' id='line_1_22' title="bbox 420 2797 1627 2904; baseline -0.002 -26"><span class='ocrx_word' id='word_1_181' title='bbox 420 2822 545 2904; x_wconf 77' lang='lat' dir='ltr'><strong>premo</strong></span> <span class='ocrx_word' id='word_1_182' title='bbox 569 2797 806 2895; x_wconf 85' lang='lat' dir='ltr'><strong>Legillatore,</strong></span> <span class='ocrx_word' id='word_1_183' title='bbox 840 2798 884 2870; x_wconf 88' lang='lat' dir='ltr'><strong>de</strong></span> <span class='ocrx_word' id='word_1_184' title='bbox 916 2817 1040 2871; x_wconf 89' lang='lat' dir='ltr'><strong>monte</strong></span> <span class='ocrx_word' id='word_1_185' title='bbox 1063 2797 1158 2873; x_wconf 86' lang='lat' dir='ltr'><strong>Sinai</strong></span> <span class='ocrx_word' id='word_1_186' title='bbox 1186 2798 1333 2890; x_wconf 66' lang='lat' dir='ltr'><strong>fatiam,</strong></span> <span class='ocrx_word' id='word_1_187' title='bbox 1366 2802 1627 2899; x_wconf 72' lang='lat' dir='ltr'><strong>inperpetuum</strong></span> 
     </span>
     <span class='ocr_line' id='line_1_23' title="bbox 421 2894 1628 2997; baseline -0.003 -20"><span class='ocrx_word' id='word_1_188' title='bbox 421 2896 704 2985; x_wconf 75' lang='lat' dir='ltr'><strong>observantiam,</strong></span> <span class='ocrx_word' id='word_1_189' title='bbox 730 2898 845 2969; x_wconf 86' lang='lat' dir='ltr'><strong>donec</strong></span> <span class='ocrx_word' id='word_1_190' title='bbox 869 2894 1062 2967; x_wconf 84' lang='lat' dir='ltr'><strong>abeodem</strong></span> <span class='ocrx_word' id='word_1_191' title='bbox 1086 2918 1196 2992; x_wconf 78' lang='lat' dir='ltr'><strong>aeque</strong></span> <span class='ocrx_word' id='word_1_192' title='bbox 1220 2896 1408 2974; x_wconf 82' lang='lat' dir='ltr'><strong>solenniter</strong></span> <span class='ocrx_word' id='word_1_193' title='bbox 1422 2900 1628 2997; x_wconf 81' lang='lat' dir='ltr'><strong>abrogetur,</strong></span> 
     </span>
     <span class='ocr_line' id='line_1_24' title="bbox 417 2989 1621 3095; baseline -0.007 -22"><span class='ocrx_word' id='word_1_194' title='bbox 417 2998 577 3095; x_wconf 82' lang='lat' dir='ltr'><strong>adeoque</strong></span> <span class='ocrx_word' id='word_1_195' title='bbox 600 3016 644 3065; x_wconf 92' lang='lat' dir='ltr'><strong>eo</strong></span> <span class='ocrx_word' id='word_1_196' title='bbox 668 2992 818 3065; x_wconf 90' lang='lat' dir='ltr'><strong>tendunt</strong></span> <span class='ocrx_word' id='word_1_197' title='bbox 839 2990 910 3065; x_wconf 88' lang='lat' dir='ltr'><strong>hoc</strong></span> <span class='ocrx_word' id='word_1_198' title='bbox 935 2989 1066 3080; x_wconf 81' lang='lat' dir='ltr'><strong>effato,</strong></span> <span class='ocrx_word' id='word_1_199' title='bbox 1093 2998 1140 3065; x_wconf 82' lang='lat' dir='ltr'><strong>&#39;ut</strong></span> <span class='ocrx_word' id='word_1_200' title='bbox 1158 2990 1362 3082; x_wconf 88' lang='lat' dir='ltr'><strong>ostendant,</strong></span> <span class='ocrx_word' id='word_1_201' title='bbox 1388 2996 1621 3091; x_wconf 80' lang='lat' dir='ltr'><strong>euangelium,</strong></span> 
     </span>
     <span class='ocr_line' id='line_1_25' title="bbox 416 3087 1623 3185; baseline -0.007 -16"><span class='ocrx_word' id='word_1_202' title='bbox 416 3094 504 3169; x_wconf 78' lang='lat' dir='ltr'><strong>litet</strong></span> <span class='ocrx_word' id='word_1_203' title='bbox 529 3092 565 3164; x_wconf 90' lang='lat' dir='ltr'><strong>in</strong></span> <span class='ocrx_word' id='word_1_204' title='bbox 588 3088 685 3161; x_wconf 84' lang='lat' dir='ltr'><strong>libris</strong></span> <span class='ocrx_word' id='word_1_205' title='bbox 715 3088 763 3163; x_wconf 86' lang='lat' dir='ltr'><strong>V.</strong></span> <span class='ocrx_word' id='word_1_206' title='bbox 790 3088 837 3162; x_wconf 92' lang='lat' dir='ltr'><strong>T.</strong></span> <span class='ocrx_word' id='word_1_207' title='bbox 864 3088 1034 3176; x_wconf 86' lang='lat' dir='ltr'><strong>obvium,</strong></span> <span class='ocrx_word' id='word_1_208' title='bbox 1067 3087 1201 3176; x_wconf 87' lang='lat' dir='ltr'><strong>etita,</strong></span> <span class='ocrx_word' id='word_1_209' title='bbox 1226 3108 1265 3161; x_wconf 92' lang='lat' dir='ltr'><strong>ut</strong></span> <span class='ocrx_word' id='word_1_210' title='bbox 1292 3089 1450 3185; x_wconf 78' lang='lat' dir='ltr'><strong>ignatius·</strong></span> <span class='ocrx_word' id='word_1_211' title='bbox 1476 3092 1623 3179; x_wconf 76' lang='lat' dir='ltr'><strong>dixerat,</strong></span> 
     </span>
     <span class='ocr_line' id='line_1_26' title="bbox 409 3179 1619 3288; baseline -0.002 -29"><span class='ocrx_word' id='word_1_212' title='bbox 409 3188 596 3288; x_wconf 76' lang='lat' dir='ltr'><strong>scriptum,</strong></span> <span class='ocrx_word' id='word_1_213' title='bbox 621 3182 691 3275; x_wconf 88' lang='lat' dir='ltr'><strong>legi</strong></span> <span class='ocrx_word' id='word_1_214' title='bbox 714 3204 787 3255; x_wconf 94' lang='lat' dir='ltr'><strong>non</strong></span> <span class='ocrx_word' id='word_1_215' title='bbox 811 3179 911 3281; x_wconf 85' lang='lat' dir='ltr'><strong>posse</strong></span> <span class='ocrx_word' id='word_1_216' title='bbox 941 3185 1135 3278; x_wconf 81' lang='lat' dir='ltr'><strong>obrogare,</strong></span> <span class='ocrx_word' id='word_1_217' title='bbox 1160 3183 1219 3257; x_wconf 88' lang='lat' dir='ltr'><strong>sed</strong></span> <span class='ocrx_word' id='word_1_218' title='bbox 1244 3206 1325 3256; x_wconf 82' lang='lat' dir='ltr'><strong>curn</strong></span> <span class='ocrx_word' id='word_1_219' title='bbox 1351 3210 1397 3257; x_wconf 91' lang='lat' dir='ltr'><strong>eo</strong></span> <span class='ocrx_word' id='word_1_220' title='bbox 1414 3190 1619 3282; x_wconf 84' lang='lat' dir='ltr'><strong>conjungen-</strong></span> 
     </span>
     <span class='ocr_line' id='line_1_27' title="bbox 416 3275 1622 3378; baseline -0.005 -21"><span class='ocrx_word' id='word_1_221' title='bbox 416 3283 501 3357; x_wconf 87' lang='lat' dir='ltr'><strong>dum</strong></span> <span class='ocrx_word' id='word_1_222' title='bbox 527 3277 618 3367; x_wconf 86' lang='lat' dir='ltr'><strong>esse,</strong></span> <span class='ocrx_word' id='word_1_223' title='bbox 646 3300 726 3349; x_wconf 87' lang='lat' dir='ltr'><strong>tum</strong></span> <span class='ocrx_word' id='word_1_224' title='bbox 744 3296 786 3349; x_wconf 87' lang='lat' dir='ltr'><strong>et·</strong></span> <span class='ocrx_word' id='word_1_225' title='bbox 804 3275 981 3373; x_wconf 79' lang='lat' dir='ltr'><strong>antiquius</strong></span> <span class='ocrx_word' id='word_1_226' title='bbox 1003 3299 1042 3351; x_wconf 88' lang='lat' dir='ltr'><strong>et</strong></span> <span class='ocrx_word' id='word_1_227' title='bbox 1066 3278 1226 3373; x_wconf 82' lang='lat' dir='ltr'><strong>publice,</strong></span> <span class='ocrx_word' id='word_1_228' title='bbox 1253 3277 1358 3354; x_wconf 81' lang='lat' dir='ltr'><strong>instar</strong></span> <span class='ocrx_word' id='word_1_229' title='bbox 1375 3302 1563 3378; x_wconf 84' lang='lat' dir='ltr'><strong>perpetuae</strong></span> <span class='ocrx_word' id='word_1_230' title='bbox 1576 3282 1622 3353; x_wconf 81' lang='lat' dir='ltr'><strong>le·</strong></span> 
     </span>
     <span class='ocr_line' id='line_1_28' title="bbox 414 3371 1625 3475; baseline -0.002 -27"><span class='ocrx_word' id='word_1_231' title='bbox 414 3376 491 3475; x_wconf 84' lang='lat' dir='ltr'><strong>gis,</strong></span> <span class='ocrx_word' id='word_1_232' title='bbox 518 3372 625 3453; x_wconf 85' lang='lat' dir='ltr'><strong>suerit</strong></span> <span class='ocrx_word' id='word_1_233' title='bbox 643 3371 679 3445; x_wconf 92' lang='lat' dir='ltr'><strong>in</strong></span> <span class='ocrx_word' id='word_1_234' title='bbox 696 3371 827 3445; x_wconf 83' lang='lat' dir='ltr'><strong>solenni</strong></span> <span class='ocrx_word' id='word_1_235' title='bbox 847 3371 903 3445; x_wconf 88' lang='lat' dir='ltr'><strong>illa</strong></span> <span class='ocrx_word' id='word_1_236' title='bbox 921 3372 1140 3467; x_wconf 83' lang='lat' dir='ltr'><strong>legislatione</strong></span> <span class='ocrx_word' id='word_1_237' title='bbox 1156 3378 1425 3472; x_wconf 63' lang='lat' dir='ltr'><strong>promulgatum.</strong></span> <span class='ocrx_word' id='word_1_238' title='bbox 1475 3379 1625 3453; x_wconf 85' lang='lat' dir='ltr'><strong>Verbum</strong></span> 
     </span>
     <span class='ocr_line' id='line_1_29' title="bbox 414 3466 1622 3571; baseline -0.002 -23"><span class='ocrx_word' id='word_1_239' title='bbox 414 3473 536 3571; x_wconf 84' lang='lat' dir='ltr'><strong>utique</strong></span> <span class='ocrx_word' id='word_1_240' title='bbox 560 3466 713 3567; x_wconf 57' lang='lat' dir='ltr'><strong>relativa«</strong></span> <span class='ocrx_word' id='word_1_241' title='bbox 737 3488 923 3563; x_wconf 80' lang='lat' dir='ltr'><strong>utrumque</strong></span> <span class='ocrx_word' id='word_1_242' title='bbox 952 3470 1144 3565; x_wconf 77' lang='lat' dir='ltr'><strong>significat,</strong></span> <span class='ocrx_word' id='word_1_243' title='bbox 1169 3492 1207 3543; x_wconf 92' lang='lat' dir='ltr'><strong>et</strong></span> <span class='ocrx_word' id='word_1_244' title='bbox 1225 3477 1419 3566; x_wconf 74' lang='lat' dir='ltr'><strong>praejacet,</strong></span> <span class='ocrx_word' id='word_1_245' title='bbox 1451 3493 1532 3547; x_wconf 83' lang='lat' dir='ltr'><strong>ante</strong></span> <span class='ocrx_word' id='word_1_246' title='bbox 1556 3474 1622 3546; x_wconf 85' lang='lat' dir='ltr'><strong>sac·</strong></span> 
     </span>
     <span class='ocr_line' id='line_1_30' title="bbox 413 3563 1624 3663; baseline -0.002 -22"><span class='ocrx_word' id='word_1_247' title='bbox 413 3592 490 3647; x_wconf 88' lang='lat' dir='ltr'><strong>tum</strong></span> <span class='ocrx_word' id='word_1_248' title='bbox 515 3563 588 3658; x_wconf 78' lang='lat' dir='ltr'><strong>est,</strong></span> <span class='ocrx_word' id='word_1_249' title='bbox 611 3586 649 3641; x_wconf 91' lang='lat' dir='ltr'><strong>et</strong></span> <span class='ocrx_word' id='word_1_250' title='bbox 668 3568 797 3663; x_wconf 77' lang='lat' dir='ltr'><strong>publice</strong></span> <span class='ocrx_word' id='word_1_251' title='bbox 820 3565 1038 3660; x_wconf 77' lang='lat' dir='ltr'><strong>propositum</strong></span> <span class='ocrx_word' id='word_1_252' title='bbox 1063 3566 1134 3655; x_wconf 87' lang='lat' dir='ltr'><strong>est,</strong></span> <span class='ocrx_word' id='word_1_253' title='bbox 1159 3568 1211 3641; x_wconf 90' lang='lat' dir='ltr'><strong>uti</strong></span> <span class='ocrx_word' id='word_1_254' title='bbox 1236 3569 1316 3641; x_wconf 84' lang='lat' dir='ltr'><strong>satis</strong></span> <span class='ocrx_word' id='word_1_255' title='bbox 1341 3566 1496 3644; x_wconf 79' lang='lat' dir='ltr'><strong>constat:</strong></span> <span class='ocrx_word' id='word_1_256' title='bbox 1520 3570 1624 3643; x_wconf 83' lang='lat' dir='ltr'><strong>debet</strong></span> 
     </span>
     <span class='ocr_line' id='line_1_31' title="bbox 397 3659 1620 3761; baseline -0.002 -19"><span class='ocrx_word' id='word_1_257' title='bbox 397 3684 502 3743; x_wconf 61' lang='lat' dir='ltr'><strong>‘vero</strong></span> <span class='ocrx_word' id='word_1_258' title='bbox 527 3662 570 3738; x_wconf 80' lang='lat' dir='ltr'><strong>ad</strong></span> <span class='ocrx_word' id='word_1_259' title='bbox 593 3665 796 3759; x_wconf 79' lang='lat' dir='ltr'><strong>euangelium</strong></span> <span class='ocrx_word' id='word_1_260' title='bbox 820 3659 965 3749; x_wconf 88' lang='lat' dir='ltr'><strong>referri,</strong></span> <span class='ocrx_word' id='word_1_261' title='bbox 992 3662 1085 3759; x_wconf 88' lang='lat' dir='ltr'><strong>quod</strong></span> <span class='ocrx_word' id='word_1_262' title='bbox 1109 3664 1149 3737; x_wconf 90' lang='lat' dir='ltr'><strong>in</strong></span> <span class='ocrx_word' id='word_1_263' title='bbox 1172 3664 1324 3761; x_wconf 87' lang='lat' dir='ltr'><strong>antiquis</strong></span> <span class='ocrx_word' id='word_1_264' title='bbox 1339 3664 1439 3739; x_wconf 89' lang='lat' dir='ltr'><strong>libris</strong></span> <span class='ocrx_word' id='word_1_265' title='bbox 1465 3686 1503 3737; x_wconf 89' lang='lat' dir='ltr'><strong>et</strong></span> <span class='ocrx_word' id='word_1_266' title='bbox 1523 3664 1620 3739; x_wconf 84' lang='lat' dir='ltr'><strong>insti·</strong></span> 
     </span>
     <span class='ocr_line' id='line_1_32' title="bbox 412 3756 1624 3855; baseline -0.006 -17"><span class='ocrx_word' id='word_1_267' title='bbox 412 3762 501 3838; x_wconf 80' lang='lat' dir='ltr'><strong>tatis</strong></span> <span class='ocrx_word' id='word_1_268' title='bbox 525 3759 696 3834; x_wconf 79' lang='lat' dir='ltr'><strong>Mosaicia</strong></span> <span class='ocrx_word' id='word_1_269' title='bbox 721 3756 919 3855; x_wconf 61' lang='lat' dir='ltr'><strong>repetitum</strong></span> <span class='ocrx_word' id='word_1_270' title='bbox 956 3756 1043 3833; x_wconf 82' lang='lat' dir='ltr'><strong>stent</strong></span> <span class='ocrx_word' id='word_1_271' title='bbox 1068 3759 1249 3850; x_wconf 80' lang='lat' dir='ltr'><strong>dixerant,</strong></span> <span class='ocrx_word' id='word_1_272' title='bbox 1289 3761 1325 3833; x_wconf 88' lang='lat' dir='ltr'><strong>se</strong></span> <span class='ocrx_word' id='word_1_273' title='bbox 1346 3784 1420 3833; x_wconf 90' lang='lat' dir='ltr'><strong>non</strong></span> <span class='ocrx_word' id='word_1_274' title='bbox 1442 3760 1624 3835; x_wconf 81' lang='lat' dir='ltr'><strong>admittere</strong></span> 
     </span>
     <span class='ocr_line' id='line_1_33' title="bbox 410 3853 1623 3961; baseline 0.002 -34"><span class='ocrx_word' id='word_1_275' title='bbox 410 3853 652 3953; x_wconf 63' lang='lat' dir='ltr'><strong>euangelium,</strong></span> <span class='ocrx_word' id='word_1_276' title='bbox 690 3854 755 3929; x_wconf 82' lang='lat' dir='ltr'><strong>nist</strong></span> <span class='ocrx_word' id='word_1_277' title='bbox 782 3858 816 3926; x_wconf 84' lang='lat' dir='ltr'><strong>itt</strong></span> <span class='ocrx_word' id='word_1_278' title='bbox 841 3858 989 3961; x_wconf 75' lang='lat' dir='ltr'><strong>antiquis</strong></span> <span class='ocrx_word' id='word_1_279' title='bbox 1018 3854 1231 3931; x_wconf 80' lang='lat' dir='ltr'><strong>inveniatur.</strong></span> <span class='ocrx_word' id='word_1_280' title='bbox 1282 3857 1408 3931; x_wconf 85' lang='lat' dir='ltr'><strong>Sensus</strong></span> <span class='ocrx_word' id='word_1_281' title='bbox 1441 3880 1528 3955; x_wconf 86' lang='lat' dir='ltr'><strong>ergo</strong></span> <span class='ocrx_word' id='word_1_282' title='bbox 1552 3854 1623 3942; x_wconf 85' lang='lat' dir='ltr'><strong>est,</strong></span> 
     </span>
     <span class='ocr_line' id='line_1_34' title="bbox 409 3947 1620 4051; baseline 0 -28"><span class='ocrx_word' id='word_1_283' title='bbox 409 3951 653 4051; x_wconf 74' lang='lat' dir='ltr'><strong>euangelium,</strong></span> <span class='ocrx_word' id='word_1_284' title='bbox 677 3948 715 4024; x_wconf 91' lang='lat' dir='ltr'><strong>in</strong></span> <span class='ocrx_word' id='word_1_285' title='bbox 742 3947 895 4046; x_wconf 79' lang='lat' dir='ltr'><strong>antiquis</strong></span> <span class='ocrx_word' id='word_1_286' title='bbox 920 3950 990 4023; x_wconf 87' lang='lat' dir='ltr'><strong>rllis</strong></span> <span class='ocrx_word' id='word_1_287' title='bbox 1013 3949 1185 4039; x_wconf 88' lang='lat' dir='ltr'><strong>obvium,</strong></span> <span class='ocrx_word' id='word_1_288' title='bbox 1211 3952 1373 4049; x_wconf 85' lang='lat' dir='ltr'><strong>adeoque</strong></span> <span class='ocrx_word' id='word_1_289' title='bbox 1391 3953 1521 4049; x_wconf 78' lang='lat' dir='ltr'><strong>legale,</strong></span> <span class='ocrx_word' id='word_1_290' title='bbox 1545 3970 1620 4024; x_wconf 87' lang='lat' dir='ltr'><strong>tan·</strong></span> 
     </span>
     <span class='ocr_line' id='line_1_35' title="bbox 533 4043 1624 4145; baseline -0.002 -24"><span class='ocrx_word' id='word_1_291' title='bbox 533 4063 610 4123; x_wconf 77' lang='lat' dir='ltr'><strong>nrm</strong></span> <span class='ocrx_word' id='word_1_292' title='bbox 634 4066 673 4121; x_wconf 84' lang='lat' dir='ltr'><strong>er</strong></span> <span class='ocrx_word' id='word_1_293' title='bbox 699 4048 812 4142; x_wconf 76' lang='lat' dir='ltr'><strong>palam</strong></span> <span class='ocrx_word' id='word_1_294' title='bbox 846 4043 1038 4121; x_wconf 80' lang='lat' dir='ltr'><strong>solenniter</strong></span> <span class='ocrx_word' id='word_1_295' title='bbox 1066 4050 1347 4145; x_wconf 83' lang='lat' dir='ltr'><strong>promulgatum,</strong></span> <span class='ocrx_word' id='word_1_296' title='bbox 1388 4072 1463 4123; x_wconf 90' lang='lat' dir='ltr'><strong>non</strong></span> <span class='ocrx_word' id='word_1_297' title='bbox 1488 4066 1624 4123; x_wconf 81' lang='lat' dir='ltr'><strong>tanturn</strong></span> 
     </span>
    </p>

    <p class='ocr_par' dir='ltr' id='par_1_8' title="bbox 405 4140 1624 4333">
     <span class='ocr_line' id='line_1_36' title="bbox 405 4140 1624 4317; baseline -0.003 -92"><span class='ocrx_word' id='word_1_298' title='bbox 405 4168 472 4253; x_wconf 75' lang='lat' dir='ltr'><strong>per</strong></span> <span class='ocrx_word' id='word_1_299' title='bbox 495 4142 692 4247; x_wconf 68' lang='lat' dir='ltr'><strong>posteriora</strong></span> <span class='ocrx_word' id='word_1_300' title='bbox 712 4140 973 4241; x_wconf 69' lang='lat' dir='ltr'><strong>Prophetarum</strong></span> <span class='ocrx_word' id='word_1_301' title='bbox 996 4140 1128 4245; x_wconf 69' lang='lat' dir='ltr'><strong>scripto</strong></span> <span class='ocrx_word' id='word_1_302' title='bbox 1153 4142 1291 4225; x_wconf 81' lang='lat' dir='ltr'><strong>censeri</strong></span> <span class='ocrx_word' id='word_1_303' title='bbox 1323 4166 1399 4223; x_wconf 87' lang='lat' dir='ltr'><strong>non</strong></span> <span class='ocrx_word' id='word_1_304' title='bbox 1422 4143 1624 4317; x_wconf 50' lang='lat' dir='ltr'><strong>possm·</strong></span> 
     </span>
     <span class='ocr_line' id='line_1_37' title="bbox 1392 4291 1623 4333; baseline 0 -4"><span class='ocrx_word' id='word_1_305' title='bbox 1392 4324 1398 4333; x_wconf 86' lang='lat'><strong>.</strong></span> <span class='ocrx_word' id='word_1_306' title='bbox 1610 4291 1623 4329; x_wconf 62' lang='grc' dir='ltr'>θ</span> 
     </span>
    </p>
   </div>
   <div class='ocr_carea' id='block_1_7' title="bbox 0 0 1810 5500">
    <p class='ocr_par' dir='ltr' id='par_1_9' title="bbox 0 0 1810 5500">
     <span class='ocr_line' id='line_1_38' title="bbox 0 0 1810 5500; baseline 0 8"><span class='ocrx_word' id='word_1_307' title='bbox 0 0 1810 5500; x_wconf 95' lang='lat' dir='ltr'><strong> </strong></span> 
     </span>
    </p>
   </div>
  </div>
 </body>
</html>
