<?xml version="1.0" encoding="UTF-8"?>
<!DOCTYPE html PUBLIC "-//W3C//DTD XHTML 1.0 Transitional//EN"
    "http://www.w3.org/TR/xhtml1/DTD/xhtml1-transitional.dtd">
<html xmlns="http://www.w3.org/1999/xhtml" xml:lang="en" lang="en">
 <head>
  <title>
</title>
<meta http-equiv="Content-Type" content="text/html;charset=utf-8" />
  <meta name='ocr-system' content='tesseract 3.04.00' />
  <meta name='ocr-capabilities' content='ocr_page ocr_carea ocr_par ocr_line ocrx_word'/>
</head>
<body>
  <div class='ocr_page' id='page_1' title='image "./hermannivenemai05venegoog_0090.png"; bbox 0 0 3609 5500; ppageno 0'>
   <div class='ocr_carea' id='block_1_1' title="bbox 831 935 1533 1050">
    <p class='ocr_par' dir='ltr' id='par_1_1' title="bbox 831 935 1533 1050">
     <span class='ocr_line' id='line_1_1' title="bbox 831 935 1533 1050; baseline 0.006 -31"><span class='ocrx_word' id='word_1_1' title='bbox 831 941 941 1022; x_wconf 76' lang='lat' dir='ltr'>secut.</span> <span class='ocrx_word' id='word_1_2' title='bbox 964 935 998 1020; x_wconf 85' lang='lat' dir='ltr'>I.</span> <span class='ocrx_word' id='word_1_3' title='bbox 1214 969 1220 980; x_wconf 91' lang='lat'><em>·</em></span> <span class='ocrx_word' id='word_1_4' title='bbox 1479 967 1533 1050; x_wconf 72' lang='lat'>79</span> 
     </span>
    </p>
   </div>
   <div class='ocr_carea' id='block_1_2' title="bbox 285 1115 1521 2082">
    <p class='ocr_par' dir='ltr' id='par_1_2' title="bbox 285 1115 1521 1894">
     <span class='ocr_line' id='line_1_2' title="bbox 285 1115 1521 1214; baseline 0.007 -14"><span class='ocrx_word' id='word_1_5' title='bbox 285 1121 449 1214; x_wconf 77' lang='lat' dir='ltr'>inloto,</span> <span class='ocrx_word' id='word_1_6' title='bbox 494 1115 576 1198; x_wconf 80' lang='lat' dir='ltr'>flue</span> <span class='ocrx_word' id='word_1_7' title='bbox 599 1123 672 1198; x_wconf 88' lang='lat' dir='ltr'>hoc</span> <span class='ocrx_word' id='word_1_8' title='bbox 696 1122 754 1198; x_wconf 79' lang='lat' dir='ltr'>vel</span> <span class='ocrx_word' id='word_1_9' title='bbox 786 1121 871 1212; x_wconf 84' lang='lat' dir='ltr'>iiio,</span> <span class='ocrx_word' id='word_1_10' title='bbox 918 1146 985 1197; x_wconf 90' lang='lat' dir='ltr'>nec</span> <span class='ocrx_word' id='word_1_11' title='bbox 1008 1122 1051 1198; x_wconf 86' lang='lat' dir='ltr'>ad</span> <span class='ocrx_word' id='word_1_12' title='bbox 1078 1139 1261 1200; x_wconf 85' lang='lat' dir='ltr'>externam</span> <span class='ocrx_word' id='word_1_13' title='bbox 1294 1125 1521 1210; x_wconf 86' lang='lat' dir='ltr'>adferendam</span> 
     </span>
     <span class='ocr_line' id='line_1_3' title="bbox 287 1217 1519 1316; baseline 0.008 -23"><span class='ocrx_word' id='word_1_14' title='bbox 287 1221 570 1309; x_wconf 73' lang='lat' dir='ltr'>liberationem,</span> <span class='ocrx_word' id='word_1_15' title='bbox 595 1221 751 1308; x_wconf 86' lang='lat' dir='ltr'>futurus,</span> <span class='ocrx_word' id='word_1_16' title='bbox 776 1220 832 1294; x_wconf 86' lang='lat' dir='ltr'>sed</span> <span class='ocrx_word' id='word_1_17' title='bbox 861 1217 964 1313; x_wconf 83' lang='lat' dir='ltr'>instar</span> <span class='ocrx_word' id='word_1_18' title='bbox 977 1218 1149 1313; x_wconf 72' lang='lat' dir='ltr'>firiguris,</span> <span class='ocrx_word' id='word_1_19' title='bbox 1174 1228 1445 1316; x_wconf 88' lang='lat' dir='ltr'>quaquaversum</span> <span class='ocrx_word' id='word_1_20' title='bbox 1468 1231 1519 1302; x_wconf 83' lang='lat' dir='ltr'>se·</span> 
     </span>
     <span class='ocr_line' id='line_1_4' title="bbox 289 1315 1518 1410; baseline 0.003 -14"><span class='ocrx_word' id='word_1_21' title='bbox 289 1315 612 1404; x_wconf 75' lang='lat' dir='ltr'>sedffundenris,</span> <span class='ocrx_word' id='word_1_22' title='bbox 634 1333 725 1404; x_wconf 81' lang='lat' dir='ltr'>turn,</span> <span class='ocrx_word' id='word_1_23' title='bbox 751 1316 892 1388; x_wconf 77' lang='lat' dir='ltr'>cadauer</span> <span class='ocrx_word' id='word_1_24' title='bbox 915 1316 1033 1410; x_wconf 85' lang='lat' dir='ltr'>gentis</span> <span class='ocrx_word' id='word_1_25' title='bbox 1052 1315 1219 1409; x_wconf 78' lang='lat' dir='ltr'>judaicae</span> <span class='ocrx_word' id='word_1_26' title='bbox 1241 1337 1344 1390; x_wconf 87' lang='lat' dir='ltr'>antea</span> <span class='ocrx_word' id='word_1_27' title='bbox 1363 1327 1460 1396; x_wconf 87' lang='lat' dir='ltr'>varie</span> <span class='ocrx_word' id='word_1_28' title='bbox 1476 1326 1518 1401; x_wconf 85' lang='lat' dir='ltr'>iit</span> 
     </span>
     <span class='ocr_line' id='line_1_5' title="bbox 290 1409 1517 1506; baseline 0.009 -23"><span class='ocrx_word' id='word_1_29' title='bbox 290 1412 401 1492; x_wconf 75' lang='lat' dir='ltr'>adhuc</span> <span class='ocrx_word' id='word_1_30' title='bbox 420 1413 470 1488; x_wconf 82' lang='lat' dir='ltr'>ab</span> <span class='ocrx_word' id='word_1_31' title='bbox 487 1415 611 1506; x_wconf 69' lang='lat' dir='ltr'>aquilis</span> <span class='ocrx_word' id='word_1_32' title='bbox 628 1410 919 1504; x_wconf 76' lang='lat' dir='ltr'>discerpendum,</span> <span class='ocrx_word' id='word_1_33' title='bbox 943 1428 1031 1499; x_wconf 81' lang='lat' dir='ltr'>tum,</span> <span class='ocrx_word' id='word_1_34' title='bbox 1056 1433 1128 1484; x_wconf 92' lang='lat' dir='ltr'>non</span> <span class='ocrx_word' id='word_1_35' title='bbox 1153 1409 1216 1484; x_wconf 86' lang='lat' dir='ltr'>nisr</span> <span class='ocrx_word' id='word_1_36' title='bbox 1242 1411 1320 1506; x_wconf 87' lang='lat' dir='ltr'>post</span> <span class='ocrx_word' id='word_1_37' title='bbox 1342 1417 1517 1494; x_wconf 77' lang='lat' dir='ltr'>adtiieiio·</span> 
     </span>
     <span class='ocr_line' id='line_1_6' title="bbox 290 1504 1519 1603; baseline 0.003 -17"><span class='ocrx_word' id='word_1_38' title='bbox 290 1507 463 1586; x_wconf 70' lang='lat' dir='ltr'>millius</span> <span class='ocrx_word' id='word_1_39' title='bbox 488 1527 606 1582; x_wconf 77' lang='lat' dir='ltr'>totam</span> <span class='ocrx_word' id='word_1_40' title='bbox 631 1506 820 1603; x_wconf 73' lang='lat' dir='ltr'>periodum</span> <span class='ocrx_word' id='word_1_41' title='bbox 845 1504 1008 1594; x_wconf 86' lang='lat' dir='ltr'>finitam,</span> <span class='ocrx_word' id='word_1_42' title='bbox 1036 1529 1183 1600; x_wconf 82' lang='lat' dir='ltr'>regnum</span> <span class='ocrx_word' id='word_1_43' title='bbox 1208 1507 1356 1584; x_wconf 79' lang='lat' dir='ltr'>Mediae</span> <span class='ocrx_word' id='word_1_44' title='bbox 1384 1512 1424 1588; x_wconf 85' lang='lat' dir='ltr'>srt</span> <span class='ocrx_word' id='word_1_45' title='bbox 1449 1517 1519 1590; x_wconf 90' lang='lat' dir='ltr'>eri·</span> 
     </span>
     <span class='ocr_line' id='line_1_7' title="bbox 292 1598 1520 1702; baseline 0.007 -25"><span class='ocrx_word' id='word_1_46' title='bbox 292 1602 472 1702; x_wconf 71' lang='lat' dir='ltr'>gendum:</span> <span class='ocrx_word' id='word_1_47' title='bbox 512 1626 554 1678; x_wconf 86' lang='lat' dir='ltr'>v.</span> <span class='ocrx_word' id='word_1_48' title='bbox 587 1623 750 1695; x_wconf 80' lang='lat'><strong>23-29.</strong></span> <span class='ocrx_word' id='word_1_49' title='bbox 805 1627 839 1675; x_wconf 78' lang='lat' dir='ltr'>c.</span> <span class='ocrx_word' id='word_1_50' title='bbox 861 1601 1029 1697; x_wconf 86' lang='lat' dir='ltr'>Denique</span> <span class='ocrx_word' id='word_1_51' title='bbox 1061 1598 1224 1676; x_wconf 85' lang='lat' dir='ltr'>illustrem</span> <span class='ocrx_word' id='word_1_52' title='bbox 1258 1601 1354 1680; x_wconf 92' lang='lat' dir='ltr'>suum</span> <span class='ocrx_word' id='word_1_53' title='bbox 1387 1610 1520 1686; x_wconf 82' lang='lat' dir='ltr'>adven·</span> 
     </span>
     <span class='ocr_line' id='line_1_8' title="bbox 293 1694 1514 1802; baseline 0.006 -32"><span class='ocrx_word' id='word_1_54' title='bbox 293 1720 386 1792; x_wconf 87' lang='lat' dir='ltr'>mm,</span> <span class='ocrx_word' id='word_1_55' title='bbox 431 1717 474 1772; x_wconf 87' lang='lat' dir='ltr'>et</span> <span class='ocrx_word' id='word_1_56' title='bbox 503 1721 657 1798; x_wconf 85' lang='lat' dir='ltr'>regnum</span> <span class='ocrx_word' id='word_1_57' title='bbox 690 1696 742 1767; x_wconf 84' lang='lat' dir='ltr'>eri</span> <span class='ocrx_word' id='word_1_58' title='bbox 769 1694 917 1780; x_wconf 89' lang='lat' dir='ltr'>endum,</span> <span class='ocrx_word' id='word_1_59' title='bbox 957 1697 1097 1791; x_wconf 83' lang='lat' dir='ltr'>prolixe</span> <span class='ocrx_word' id='word_1_60' title='bbox 1123 1696 1307 1789; x_wconf 82' lang='lat' dir='ltr'>describit,</span> <span class='ocrx_word' id='word_1_61' title='bbox 1340 1726 1360 1776; x_wconf 90' lang='lat' dir='ltr'>a</span> <span class='ocrx_word' id='word_1_62' title='bbox 1390 1729 1424 1780; x_wconf 90' lang='lat' dir='ltr'>v.</span> <span class='ocrx_word' id='word_1_63' title='bbox 1455 1731 1514 1802; x_wconf 83' lang='lat'>30.</span> 
     </span>
     <span class='ocr_line' id='line_1_9' title="bbox 293 1790 1519 1894; baseline 0 -20"><span class='ocrx_word' id='word_1_64' title='bbox 293 1796 396 1892; x_wconf 68' lang='lat' dir='ltr'>nsque</span> <span class='ocrx_word' id='word_1_65' title='bbox 417 1793 467 1870; x_wconf 88' lang='lat' dir='ltr'>ad</span> <span class='ocrx_word' id='word_1_66' title='bbox 491 1793 555 1868; x_wconf 88' lang='lat' dir='ltr'>fin.</span> <span class='ocrx_word' id='word_1_67' title='bbox 589 1816 668 1886; x_wconf 87' lang='lat' dir='ltr'>cap.</span> <span class='ocrx_word' id='word_1_68' title='bbox 694 1791 744 1864; x_wconf 90' lang='lat' dir='ltr'>X.</span> <span class='ocrx_word' id='word_1_69' title='bbox 767 1792 817 1864; x_wconf 90' lang='lat' dir='ltr'>V.-</span> <span class='ocrx_word' id='word_1_70' title='bbox 848 1790 1020 1888; x_wconf 85' lang='lat' dir='ltr'>variisque</span> <span class='ocrx_word' id='word_1_71' title='bbox 1050 1791 1242 1888; x_wconf 86' lang='lat' dir='ltr'>depingit,</span> <span class='ocrx_word' id='word_1_72' title='bbox 1285 1815 1323 1870; x_wconf 90' lang='lat' dir='ltr'>et</span> <span class='ocrx_word' id='word_1_73' title='bbox 1351 1798 1519 1894; x_wconf 82' lang='lat' dir='ltr'>illustrat,</span> 
     </span>
    </p>

    <p class='ocr_par' dir='ltr' id='par_1_3' title="bbox 307 1883 1518 2082">
     <span class='ocr_line' id='line_1_10' title="bbox 418 1883 1518 1997; baseline 0.009 -31"><span class='ocrx_word' id='word_1_74' title='bbox 418 1889 465 1966; x_wconf 82' lang='lat' dir='ltr'>iis</span> <span class='ocrx_word' id='word_1_75' title='bbox 573 1887 678 1962; x_wconf 71' lang='lat' dir='ltr'>‘tates</span> <span class='ocrx_word' id='word_1_76' title='bbox 711 1902 748 1960; x_wconf 90' lang='lat' dir='ltr'>et</span> <span class='ocrx_word' id='word_1_77' title='bbox 771 1883 887 1960; x_wconf 88' lang='lat' dir='ltr'>officia</span> <span class='ocrx_word' id='word_1_78' title='bbox 912 1910 1054 1981; x_wconf 85' lang='lat' dir='ltr'>eorum,</span> <span class='ocrx_word' id='word_1_79' title='bbox 1087 1887 1148 1983; x_wconf 91' lang='lat' dir='ltr'>qui</span> <span class='ocrx_word' id='word_1_80' title='bbox 1171 1908 1307 1983; x_wconf 87' lang='lat' dir='ltr'>partem</span> <span class='ocrx_word' id='word_1_81' title='bbox 1341 1892 1378 1971; x_wconf 91' lang='lat' dir='ltr'>in</span> <span class='ocrx_word' id='word_1_82' title='bbox 1401 1919 1518 1997; x_wconf 86' lang='lat' dir='ltr'>regno</span> 
     </span>
     <span class='ocr_line' id='line_1_11' title="bbox 307 1978 1516 2082; baseline -0.007 -20"><span class='ocrx_word' id='word_1_83' title='bbox 307 2010 355 2062; x_wconf 86' lang='lat' dir='ltr'>uo</span> <span class='ocrx_word' id='word_1_84' title='bbox 384 1986 489 2062; x_wconf 80' lang='lat' dir='ltr'>coeie</span> <span class='ocrx_word' id='word_1_85' title='bbox 526 1984 533 1997; x_wconf 87' lang='lat'>&#39;</span> <span class='ocrx_word' id='word_1_86' title='bbox 566 1983 638 2060; x_wconf 81' lang='lat' dir='ltr'>ssot</span> <span class='ocrx_word' id='word_1_87' title='bbox 668 1978 816 2058; x_wconf 73' lang='lat' dir='ltr'>raeiri.</span> <span class='ocrx_word' id='word_1_88' title='bbox 867 1981 1005 2082; x_wconf 72' lang='lat' dir='ltr'>Qpibua</span> <span class='ocrx_word' id='word_1_89' title='bbox 1028 1985 1250 2080; x_wconf 70' lang='lat' dir='ltr'>exponendis</span> <span class='ocrx_word' id='word_1_90' title='bbox 1280 1986 1341 2066; x_wconf 83' lang='lat' dir='ltr'>hie</span> <span class='ocrx_word' id='word_1_91' title='bbox 1364 2014 1434 2068; x_wconf 91' lang='lat' dir='ltr'>non</span> <span class='ocrx_word' id='word_1_92' title='bbox 1459 1993 1516 2072; x_wconf 74' lang='lat' dir='ltr'>in.</span> 
     </span>
    </p>
   </div>
   <div class='ocr_carea' id='block_1_3' title="bbox 292 2103 1517 4374">
    <p class='ocr_par' dir='ltr' id='par_1_4' title="bbox 295 2103 1517 2346">
     <span class='ocr_line' id='line_1_12' title="bbox 295 2103 1517 2346; baseline 0.005 -91"><span class='ocrx_word' id='word_1_93' title='bbox 295 2103 580 2256; x_wconf 43' lang='lat' dir='ltr'>morossxxvn·</span> <span class='ocrx_word' id='word_1_94' title='bbox 598 2175 711 2282; x_wconf 30' lang='lat' dir='ltr'>‘Biduo</span> <span class='ocrx_word' id='word_1_95' title='bbox 726 2171 951 2346; x_wconf 49' lang='lat' dir='ltr'>antefldpasdta</span> <span class='ocrx_word' id='word_1_96' title='bbox 963 2190 1002 2250; x_wconf 90' lang='lat' dir='ltr'>et</span> <span class='ocrx_word' id='word_1_97' title='bbox 1017 2147 1141 2252; x_wconf 69' lang='lat' dir='ltr'>festum</span> <span class='ocrx_word' id='word_1_98' title='bbox 1154 2198 1376 2278; x_wconf 58' lang='lat' dir='ltr'>azymomm,</span> <span class='ocrx_word' id='word_1_99' title='bbox 1397 2186 1517 2268; x_wconf 43' lang='lat' dir='ltr'>Marci</span> 
     </span>
    </p>

    <p class='ocr_par' dir='ltr' id='par_1_5' title="bbox 292 2268 1516 4374">
     <span class='ocr_line' id='line_1_13' title="bbox 348 2268 1512 2367; baseline 0.009 -18"><span class='ocrx_word' id='word_1_100' title='bbox 348 2274 394 2350; x_wconf 83' lang='lat' dir='ltr'>V:</span> <span class='ocrx_word' id='word_1_101' title='bbox 423 2296 460 2348; x_wconf 86' lang='lat'>1.</span> <span class='ocrx_word' id='word_1_102' title='bbox 483 2272 546 2348; x_wconf 86' lang='lat' dir='ltr'>seu</span> <span class='ocrx_word' id='word_1_103' title='bbox 569 2268 695 2348; x_wconf 80' lang='lat' dir='ltr'>diebus</span> <span class='ocrx_word' id='word_1_104' title='bbox 710 2268 792 2366; x_wconf 85' lang='lat' dir='ltr'>secu</span> <span class='ocrx_word' id='word_1_105' title='bbox 874 2292 916 2346; x_wconf 87' lang='lat' dir='ltr'>ac</span> <span class='ocrx_word' id='word_1_106' title='bbox 935 2273 1041 2366; x_wconf 82' lang='lat' dir='ltr'>primo</span> <span class='ocrx_word' id='word_1_107' title='bbox 1063 2290 1145 2348; x_wconf 89' lang='lat' dir='ltr'>ante</span> <span class='ocrx_word' id='word_1_108' title='bbox 1161 2276 1309 2367; x_wconf 85' lang='lat' dir='ltr'>Pascha,</span> <span class='ocrx_word' id='word_1_109' title='bbox 1334 2281 1512 2360; x_wconf 83' lang='lat' dir='ltr'>Mercurii</span> 
     </span>
     <span class='ocr_line' id='line_1_14' title="bbox 300 2362 1511 2571; baseline 0.007 -27"><span class='ocrx_word' id='word_1_110' title='bbox 300 2362 1275 2557; x_wconf 55' lang='lat' dir='ltr'>nnnigitai‘zininnffin‘nnn’</span> <span class='ocrx_word' id='word_1_111' title='bbox 1295 2377 1511 2571; x_wconf 47' lang='lat' dir='ltr'>{titini</span> 
     </span>
     <span class='ocr_line' id='line_1_15' title="bbox 296 2556 1513 2660; baseline 0.005 -20"><span class='ocrx_word' id='word_1_112' title='bbox 296 2559 390 2640; x_wconf 68' lang='lat' dir='ltr'>stom</span> <span class='ocrx_word' id='word_1_113' title='bbox 414 2575 458 2634; x_wconf 81' lang='lat' dir='ltr'>et</span> <span class='ocrx_word' id='word_1_114' title='bbox 481 2580 612 2634; x_wconf 76' lang='lat' dir='ltr'>munus</span> <span class='ocrx_word' id='word_1_115' title='bbox 637 2556 864 2651; x_wconf 79' lang='lat' dir='ltr'>Apostolatus</span> <span class='ocrx_word' id='word_1_116' title='bbox 884 2558 1162 2653; x_wconf 83' lang='lat' dir='ltr'>pertinentium,</span> <span class='ocrx_word' id='word_1_117' title='bbox 1203 2561 1441 2660; x_wconf 83' lang='lat' dir='ltr'>instruendos,</span> <span class='ocrx_word' id='word_1_118' title='bbox 1470 2595 1513 2650; x_wconf 87' lang='lat' dir='ltr'>ac</span> 
     </span>
     <span class='ocr_line' id='line_1_16' title="bbox 297 2648 1506 2763; baseline 0.009 -34"><span class='ocrx_word' id='word_1_119' title='bbox 297 2675 419 2738; x_wconf 79' lang='lat' dir='ltr'>contm</span> <span class='ocrx_word' id='word_1_120' title='bbox 450 2648 717 2741; x_wconf 73' lang='lat' dir='ltr'><strong>tentationem,</strong></span> <span class='ocrx_word' id='word_1_121' title='bbox 747 2677 804 2728; x_wconf 82' lang='lat' dir='ltr'>-ex</span> <span class='ocrx_word' id='word_1_122' title='bbox 833 2652 1046 2763; x_wconf 78' lang='lat' dir='ltr'>paffionibm</span> <span class='ocrx_word' id='word_1_123' title='bbox 1082 2655 1151 2728; x_wconf 85' lang='lat' dir='ltr'>suis</span> <span class='ocrx_word' id='word_1_124' title='bbox 1196 2656 1389 2754; x_wconf 80' lang='lat' dir='ltr'>orituram,</span> <span class='ocrx_word' id='word_1_125' title='bbox 1431 2690 1506 2741; x_wconf 93' lang='lat' dir='ltr'>mu·</span> 
     </span>
     <span class='ocr_line' id='line_1_17' title="bbox 296 2747 1510 2919; baseline 0.01 -93"><span class='ocrx_word' id='word_1_126' title='bbox 296 2751 463 2841; x_wconf 67' lang='lat' dir='ltr'>nendos,</span> <span class='ocrx_word' id='word_1_127' title='bbox 486 2747 644 2919; x_wconf 70' lang='lat' dir='ltr'>denipue</span> <span class='ocrx_word' id='word_1_128' title='bbox 668 2747 729 2845; x_wconf 88' lang='lat' dir='ltr'>spe</span> <span class='ocrx_word' id='word_1_129' title='bbox 752 2750 902 2919; x_wconf 81' lang='lat' dir='ltr'>Spiritus</span> <span class='ocrx_word' id='word_1_130' title='bbox 926 2752 961 2824; x_wconf 88' lang='lat' dir='ltr'>S.</span> <span class='ocrx_word' id='word_1_131' title='bbox 986 2747 1026 2824; x_wconf 89' lang='lat' dir='ltr'>in</span> <span class='ocrx_word' id='word_1_132' title='bbox 1050 2773 1111 2824; x_wconf 83' lang='lat' dir='ltr'>eos</span> <span class='ocrx_word' id='word_1_133' title='bbox 1134 2751 1359 2863; x_wconf 62' lang='lat' dir='ltr'>effundendi,</span> <span class='ocrx_word' id='word_1_134' title='bbox 1384 2780 1421 2833; x_wconf 91' lang='lat' dir='ltr'>et</span> <span class='ocrx_word' id='word_1_135' title='bbox 1448 2766 1510 2838; x_wconf 89' lang='lat' dir='ltr'>bo·</span> 
     </span>
     <span class='ocr_line' id='line_1_18' title="bbox 298 2842 1508 2949; baseline 0.007 -26"><span class='ocrx_word' id='word_1_136' title='bbox 298 2872 422 2927; x_wconf 79' lang='lat' dir='ltr'>nonam</span> <span class='ocrx_word' id='word_1_137' title='bbox 440 2842 546 2942; x_wconf 78' lang='lat' dir='ltr'>regni</span> <span class='ocrx_word' id='word_1_138' title='bbox 586 2867 644 2933; x_wconf 81' lang='lat' dir='ltr'>ut,</span> <span class='ocrx_word' id='word_1_139' title='bbox 669 2844 776 2919; x_wconf 88' lang='lat' dir='ltr'>conso</span> <span class='ocrx_word' id='word_1_140' title='bbox 789 2845 923 2933; x_wconf 80' lang='lat' dir='ltr'>andos;</span> <span class='ocrx_word' id='word_1_141' title='bbox 946 2846 1063 2919; x_wconf 87' lang='lat' dir='ltr'>donec</span> <span class='ocrx_word' id='word_1_142' title='bbox 1078 2870 1158 2921; x_wconf 88' lang='lat' dir='ltr'>cum</span> <span class='ocrx_word' id='word_1_143' title='bbox 1181 2874 1191 2922; x_wconf 89' lang='lat'>1</span> <span class='ocrx_word' id='word_1_144' title='bbox 1220 2850 1261 2925; x_wconf 84' lang='lat' dir='ltr'>fis</span> <span class='ocrx_word' id='word_1_145' title='bbox 1285 2853 1410 2929; x_wconf 91' lang='lat' dir='ltr'>ultimo</span> <span class='ocrx_word' id='word_1_146' title='bbox 1426 2858 1508 2949; x_wconf 90' lang='lat' dir='ltr'>die,</span> 
     </span>
     <span class='ocr_line' id='line_1_19' title="bbox 297 2877 1510 3109; baseline 0.01 -92"><span class='ocrx_word' id='word_1_147' title='bbox 297 2943 355 3017; x_wconf 83' lang='lat' dir='ltr'>feu</span> <span class='ocrx_word' id='word_1_148' title='bbox 374 2940 502 3045; x_wconf 74' lang='lat' dir='ltr'>Jovis‚</span> <span class='ocrx_word' id='word_1_149' title='bbox 536 2962 609 3036; x_wconf 88' lang='lat' dir='ltr'>quo</span> <span class='ocrx_word' id='word_1_150' title='bbox 641 2939 736 3015; x_wconf 84' lang='lat' dir='ltr'>circa</span> <span class='ocrx_word' id='word_1_151' title='bbox 761 2943 941 3039; x_wconf 82' lang='lat' dir='ltr'>vesperam</span> <span class='ocrx_word' id='word_1_152' title='bbox 972 2964 1079 3109; x_wconf 57' lang='lat'>³5⁹⁰?</span> <span class='ocrx_word' id='word_1_153' title='bbox 1112 2877 1284 3040; x_wconf 60' lang='lat' dir='ltr'>pasciano</span> <span class='ocrx_word' id='word_1_154' title='bbox 1309 2970 1385 3022; x_wconf 87' lang='lat' dir='ltr'>erat</span> <span class='ocrx_word' id='word_1_155' title='bbox 1416 2976 1510 3029; x_wconf 86' lang='lat' dir='ltr'>mae·</span> 
     </span>
     <span class='ocr_line' id='line_1_20' title="bbox 293 3033 1509 3135; baseline 0.007 -22"><span class='ocrx_word' id='word_1_156' title='bbox 293 3038 442 3127; x_wconf 72' lang='lat' dir='ltr'>andus,</span> <span class='ocrx_word' id='word_1_157' title='bbox 461 3045 504 3109; x_wconf 82' lang='lat' dir='ltr'>‘et</span> <span class='ocrx_word' id='word_1_158' title='bbox 525 3033 652 3124; x_wconf 67' lang='lat' dir='ltr'>noete,</span> <span class='ocrx_word' id='word_1_159' title='bbox 678 3060 765 3131; x_wconf 86' lang='lat' dir='ltr'>quae</span> <span class='ocrx_word' id='word_1_160' title='bbox 791 3056 968 3135; x_wconf 83' lang='lat' dir='ltr'>parserat</span> <span class='ocrx_word' id='word_1_161' title='bbox 1019 3062 1066 3110; x_wconf 87' lang='lat' dir='ltr'>1e1</span> <span class='ocrx_word' id='word_1_162' title='bbox 1091 3039 1285 3134; x_wconf 87' lang='lat' dir='ltr'>sequentis,</span> <span class='ocrx_word' id='word_1_163' title='bbox 1320 3048 1509 3121; x_wconf 85' lang='lat' dir='ltr'>comeden-</span> 
     </span>
     <span class='ocr_line' id='line_1_21' title="bbox 294 3131 1512 3235; baseline 0.002 -28"><span class='ocrx_word' id='word_1_164' title='bbox 294 3134 389 3221; x_wconf 75' lang='lat' dir='ltr'>dus,</span> <span class='ocrx_word' id='word_1_165' title='bbox 425 3131 572 3205; x_wconf 76' lang='lat' dir='ltr'>redierit</span> <span class='ocrx_word' id='word_1_166' title='bbox 596 3131 891 3228; x_wconf 76' lang='lat' dir='ltr'>Hierosolymam.</span> <span class='ocrx_word' id='word_1_167' title='bbox 912 3221 920 3235; x_wconf 43' lang='lat'><strong>·</strong></span> <span class='ocrx_word' id='word_1_168' title='bbox 941 3132 1022 3231; x_wconf 80' lang='lat' dir='ltr'>Quo</span> <span class='ocrx_word' id='word_1_169' title='bbox 1058 3150 1217 3226; x_wconf 90' lang='lat' dir='ltr'>tempore</span> <span class='ocrx_word' id='word_1_170' title='bbox 1251 3159 1415 3227; x_wconf 83' lang='lat' dir='ltr'>proceres</span> <span class='ocrx_word' id='word_1_171' title='bbox 1448 3143 1512 3233; x_wconf 88' lang='lat' dir='ltr'>Ju-</span> 
     </span>
     <span class='ocr_line' id='line_1_22' title="bbox 295 3221 1513 3316; baseline -0.007 -13"><span class='ocrx_word' id='word_1_172' title='bbox 295 3227 498 3316; x_wconf 81' lang='lat' dir='ltr'>daeorum,</span> <span class='ocrx_word' id='word_1_173' title='bbox 533 3247 613 3301; x_wconf 80' lang='lat' dir='ltr'>tum</span> <span class='ocrx_word' id='word_1_174' title='bbox 631 3226 679 3301; x_wconf 88' lang='lat' dir='ltr'>de</span> <span class='ocrx_word' id='word_1_175' title='bbox 704 3227 812 3301; x_wconf 89' lang='lat' dir='ltr'>modo</span> <span class='ocrx_word' id='word_1_176' title='bbox 837 3221 1012 3299; x_wconf 77' lang='lat' dir='ltr'>Christum</span> <span class='ocrx_word' id='word_1_177' title='bbox 1043 3226 1111 3296; x_wconf 85' lang='lat' dir='ltr'>dolo</span> <span class='ocrx_word' id='word_1_178' title='bbox 1134 3225 1319 3301; x_wconf 84' lang='lat' dir='ltr'>occidendi</span> <span class='ocrx_word' id='word_1_179' title='bbox 1344 3229 1513 3307; x_wconf 80' lang='lat' dir='ltr'>delibera.</span> 
     </span>
     <span class='ocr_line' id='line_1_23' title="bbox 294 3320 1511 3420; baseline 0.005 -23"><span class='ocrx_word' id='word_1_180' title='bbox 294 3341 399 3413; x_wconf 81' lang='lat' dir='ltr'>rent,</span> <span class='ocrx_word' id='word_1_181' title='bbox 423 3323 559 3420; x_wconf 78' lang='lat' dir='ltr'>paiam,</span> <span class='ocrx_word' id='word_1_182' title='bbox 582 3321 640 3397; x_wconf 86' lang='lat' dir='ltr'>seu</span> <span class='ocrx_word' id='word_1_183' title='bbox 670 3320 822 3418; x_wconf 83' lang='lat' dir='ltr'>infesto,</span> <span class='ocrx_word' id='word_1_184' title='bbox 847 3341 967 3395; x_wconf 87' lang='lat' dir='ltr'>coram</span> <span class='ocrx_word' id='word_1_185' title='bbox 990 3320 1142 3417; x_wconf 79' lang='lat' dir='ltr'>populo,</span> <span class='ocrx_word' id='word_1_186' title='bbox 1167 3343 1251 3416; x_wconf 89' lang='lat' dir='ltr'>prae</span> <span class='ocrx_word' id='word_1_187' title='bbox 1269 3342 1365 3397; x_wconf 88' lang='lat' dir='ltr'>metu</span> <span class='ocrx_word' id='word_1_188' title='bbox 1392 3326 1511 3403; x_wconf 90' lang='lat' dir='ltr'>sediti·</span> 
     </span>
     <span class='ocr_line' id='line_1_24' title="bbox 298 3415 1516 3512; baseline 0.002 -15"><span class='ocrx_word' id='word_1_189' title='bbox 298 3418 397 3509; x_wconf 77' lang='lat' dir='ltr'>onir,</span> <span class='ocrx_word' id='word_1_190' title='bbox 430 3440 511 3497; x_wconf 87' lang='lat' dir='ltr'>non</span> <span class='ocrx_word' id='word_1_191' title='bbox 535 3415 608 3497; x_wconf 80' lang='lat' dir='ltr'>attii</span> <span class='ocrx_word' id='word_1_192' title='bbox 627 3419 738 3493; x_wconf 82' lang='lat' dir='ltr'>Matt.</span> <span class='ocrx_word' id='word_1_193' title='bbox 763 3416 901 3493; x_wconf 88' lang='lat' dir='ltr'><strong>XXVI:</strong></span> <span class='ocrx_word' id='word_1_194' title='bbox 927 3437 964 3505; x_wconf 91' lang='lat'>4,</span> <span class='ocrx_word' id='word_1_195' title='bbox 988 3436 1023 3505; x_wconf 85' lang='lat'>5.</span> <span class='ocrx_word' id='word_1_196' title='bbox 1064 3415 1152 3512; x_wconf 88' lang='lat' dir='ltr'>Juda</span> <span class='ocrx_word' id='word_1_197' title='bbox 1180 3417 1402 3508; x_wconf 85' lang='lat' dir='ltr'>iskariotha‚</span> <span class='ocrx_word' id='word_1_198' title='bbox 1439 3449 1516 3501; x_wconf 81' lang='lat' dir='ltr'>uno</span> 
     </span>
     <span class='ocr_line' id='line_1_25' title="bbox 298 3509 1511 3609; baseline 0.002 -16"><span class='ocrx_word' id='word_1_199' title='bbox 298 3514 380 3593; x_wconf 76' lang='lat' dir='ltr'>disci</span> <span class='ocrx_word' id='word_1_200' title='bbox 406 3514 549 3591; x_wconf 81' lang='lat' dir='ltr'>uiorum</span> <span class='ocrx_word' id='word_1_201' title='bbox 563 3511 716 3601; x_wconf 81' lang='lat' dir='ltr'>Christi,</span> <span class='ocrx_word' id='word_1_202' title='bbox 744 3513 815 3587; x_wconf 85' lang='lat' dir='ltr'>sese</span> <span class='ocrx_word' id='word_1_203' title='bbox 842 3509 1059 3609; x_wconf 82' lang='lat' dir='ltr'>proditorem</span> <span class='ocrx_word' id='word_1_204' title='bbox 1084 3511 1277 3605; x_wconf 82' lang='lat' dir='ltr'>offerente,</span> <span class='ocrx_word' id='word_1_205' title='bbox 1302 3516 1447 3595; x_wconf 74' lang='lat' dir='ltr'>consilio</span> <span class='ocrx_word' id='word_1_206' title='bbox 1464 3522 1511 3599; x_wconf 84' lang='lat' dir='ltr'>do</span> 
     </span>
     <span class='ocr_line' id='line_1_26' title="bbox 298 3604 1513 3703; baseline 0.005 -18"><span class='ocrx_word' id='word_1_207' title='bbox 298 3633 320 3689; x_wconf 84' lang='lat' dir='ltr'>e</span> <span class='ocrx_word' id='word_1_208' title='bbox 449 3610 508 3685; x_wconf 80' lang='lat' dir='ltr'>&#39;na</span> <span class='ocrx_word' id='word_1_209' title='bbox 540 3630 630 3685; x_wconf 85' lang='lat' dir='ltr'>nece</span> <span class='ocrx_word' id='word_1_210' title='bbox 662 3606 783 3698; x_wconf 75' lang='lat' dir='ltr'>milia,</span> <span class='ocrx_word' id='word_1_211' title='bbox 828 3631 909 3681; x_wconf 88' lang='lat' dir='ltr'>eum</span> <span class='ocrx_word' id='word_1_212' title='bbox 941 3604 1015 3703; x_wconf 84' lang='lat' dir='ltr'>ipsa</span> <span class='ocrx_word' id='word_1_213' title='bbox 1048 3605 1103 3681; x_wconf 88' lang='lat' dir='ltr'>ilia</span> <span class='ocrx_word' id='word_1_214' title='bbox 1128 3605 1252 3697; x_wconf 73' lang='lat' dir='ltr'>noete,</span> <span class='ocrx_word' id='word_1_215' title='bbox 1292 3609 1386 3685; x_wconf 88' lang='lat' dir='ltr'>inter</span> <span class='ocrx_word' id='word_1_216' title='bbox 1413 3614 1513 3699; x_wconf 86' lang='lat' dir='ltr'>diem·</span> 
     </span>
     <span class='ocr_line' id='line_1_27' title="bbox 295 3700 1515 3806; baseline 0 -23"><span class='ocrx_word' id='word_1_217' title='bbox 295 3706 393 3801; x_wconf 79' lang='lat' dir='ltr'>Jovia</span> <span class='ocrx_word' id='word_1_218' title='bbox 426 3724 470 3781; x_wconf 87' lang='lat' dir='ltr'>et</span> <span class='ocrx_word' id='word_1_219' title='bbox 500 3702 677 3795; x_wconf 83' lang='lat' dir='ltr'>Veneria,</span> <span class='ocrx_word' id='word_1_220' title='bbox 715 3704 805 3777; x_wconf 84' lang='lat' dir='ltr'>duce</span> <span class='ocrx_word' id='word_1_221' title='bbox 833 3700 944 3799; x_wconf 89' lang='lat' dir='ltr'>Juda,</span> <span class='ocrx_word' id='word_1_222' title='bbox 987 3701 1203 3797; x_wconf 86' lang='lat' dir='ltr'>prehendere</span> <span class='ocrx_word' id='word_1_223' title='bbox 1234 3722 1272 3779; x_wconf 87' lang='lat' dir='ltr'>et</span> <span class='ocrx_word' id='word_1_224' title='bbox 1299 3707 1407 3802; x_wconf 85' lang='lat' dir='ltr'>palam</span> <span class='ocrx_word' id='word_1_225' title='bbox 1443 3731 1515 3806; x_wconf 80' lang='lat' dir='ltr'>per</span> 
     </span>
     <span class='ocr_line' id='line_1_28' title="bbox 295 3794 1515 3898; baseline 0.003 -19"><span class='ocrx_word' id='word_1_226' title='bbox 295 3803 445 3879; x_wconf 80' lang='lat' dir='ltr'>Pilatum</span> <span class='ocrx_word' id='word_1_227' title='bbox 469 3800 684 3897; x_wconf 83' lang='lat' dir='ltr'>crucifigere</span> <span class='ocrx_word' id='word_1_228' title='bbox 710 3800 958 3875; x_wconf 86' lang='lat' dir='ltr'>decreverunt.</span> <span class='ocrx_word' id='word_1_229' title='bbox 1009 3794 1163 3878; x_wconf 73' lang='lat' dir='ltr'>christus</span> <span class='ocrx_word' id='word_1_230' title='bbox 1184 3796 1339 3890; x_wconf 88' lang='lat' dir='ltr'>interea,</span> <span class='ocrx_word' id='word_1_231' title='bbox 1361 3812 1515 3898; x_wconf 75' lang='lat' dir='ltr'>proximo·</span> 
     </span>
     <span class='ocr_line' id='line_1_29' title="bbox 296 3890 1510 3995; baseline -0.002 -22"><span class='ocrx_word' id='word_1_232' title='bbox 296 3918 377 3977; x_wconf 83' lang='lat' dir='ltr'>ante</span> <span class='ocrx_word' id='word_1_233' title='bbox 393 3896 524 3995; x_wconf 79' lang='lat' dir='ltr'>paseha</span> <span class='ocrx_word' id='word_1_234' title='bbox 547 3897 628 3985; x_wconf 90' lang='lat' dir='ltr'>die,</span> <span class='ocrx_word' id='word_1_235' title='bbox 653 3896 793 3993; x_wconf 87' lang='lat' dir='ltr'>epulum</span> <span class='ocrx_word' id='word_1_236' title='bbox 819 3917 900 3969; x_wconf 86' lang='lat' dir='ltr'>eum</span> <span class='ocrx_word' id='word_1_237' title='bbox 918 3890 1094 3988; x_wconf 87' lang='lat' dir='ltr'>discipulis</span> <span class='ocrx_word' id='word_1_238' title='bbox 1119 3895 1329 3984; x_wconf 83' lang='lat' dir='ltr'>celebrauit,</span> <span class='ocrx_word' id='word_1_239' title='bbox 1354 3922 1424 3993; x_wconf 93' lang='lat' dir='ltr'>quo</span> <span class='ocrx_word' id='word_1_240' title='bbox 1447 3925 1510 3979; x_wconf 66' lang='lat' dir='ltr'>eo-</span> 
     </span>
     <span class='ocr_line' id='line_1_30' title="bbox 292 3986 1514 4095; baseline -0.005 -22"><span class='ocrx_word' id='word_1_241' title='bbox 292 4018 370 4073; x_wconf 76' lang='lat' dir='ltr'>rum</span> <span class='ocrx_word' id='word_1_242' title='bbox 444 3992 508 4069; x_wconf 79' lang='lat' dir='ltr'>dea</span> <span class='ocrx_word' id='word_1_243' title='bbox 539 3991 654 4083; x_wconf 66' lang='lat' dir='ltr'>lavit,</span> <span class='ocrx_word' id='word_1_244' title='bbox 688 3990 794 4067; x_wconf 84' lang='lat' dir='ltr'>instar</span> <span class='ocrx_word' id='word_1_245' title='bbox 824 3986 997 4089; x_wconf 63' lang='lat' dir='ltr'>ministri.v</span> <span class='ocrx_word' id='word_1_246' title='bbox 1036 3988 1145 4084; x_wconf 86' lang='lat' dir='ltr'>Judae</span> <span class='ocrx_word' id='word_1_247' title='bbox 1178 3991 1419 4083; x_wconf 86' lang='lat' dir='ltr'>proditionem</span> <span class='ocrx_word' id='word_1_248' title='bbox 1448 4023 1514 4095; x_wconf 78' lang='lat' dir='ltr'>pa.-</span> 
     </span>
     <span class='ocr_line' id='line_1_31' title="bbox 294 4081 1510 4186; baseline 0.007 -24"><span class='ocrx_word' id='word_1_249' title='bbox 294 4094 360 4169; x_wconf 76' lang='lat' dir='ltr'>lam</span> <span class='ocrx_word' id='word_1_250' title='bbox 431 4086 545 4178; x_wconf 80' lang='lat' dir='ltr'>texit,</span> <span class='ocrx_word' id='word_1_251' title='bbox 569 4106 627 4178; x_wconf 90' lang='lat' dir='ltr'>et,</span> <span class='ocrx_word' id='word_1_252' title='bbox 660 4109 705 4163; x_wconf 88' lang='lat' dir='ltr'>eo</span> <span class='ocrx_word' id='word_1_253' title='bbox 728 4084 887 4185; x_wconf 75' lang='lat' dir='ltr'>egresso,</span> <span class='ocrx_word' id='word_1_254' title='bbox 920 4081 1036 4159; x_wconf 80' lang='lat' dir='ltr'>varios</span> <span class='ocrx_word' id='word_1_255' title='bbox 1059 4106 1137 4164; x_wconf 88' lang='lat' dir='ltr'>cum</span> <span class='ocrx_word' id='word_1_256' title='bbox 1163 4084 1340 4186; x_wconf 86' lang='lat' dir='ltr'>discipulis</span> <span class='ocrx_word' id='word_1_257' title='bbox 1366 4094 1510 4173; x_wconf 87' lang='lat' dir='ltr'>miscuit</span> 
     </span>
     <span class='ocr_line' id='line_1_32' title="bbox 297 4178 1516 4288; baseline -0.007 -28"><span class='ocrx_word' id='word_1_258' title='bbox 297 4189 495 4273; x_wconf 76' lang='lat' dir='ltr'>sermones,</span> <span class='ocrx_word' id='word_1_259' title='bbox 536 4183 634 4276; x_wconf 81' lang='lat' dir='ltr'>eujnr</span> <span class='ocrx_word' id='word_1_260' title='bbox 659 4183 754 4281; x_wconf 86' lang='lat' dir='ltr'>epuli</span> <span class='ocrx_word' id='word_1_261' title='bbox 786 4180 875 4257; x_wconf 88' lang='lat' dir='ltr'>solus</span> <span class='ocrx_word' id='word_1_262' title='bbox 900 4178 1065 4288; x_wconf 80' lang='lat' dir='ltr'>meminit</span> <span class='ocrx_word' id='word_1_263' title='bbox 1105 4180 1187 4277; x_wconf 87' lang='lat' dir='ltr'>Joh.</span> <span class='ocrx_word' id='word_1_264' title='bbox 1221 4204 1251 4259; x_wconf 91' lang='lat' dir='ltr'>c.</span> <span class='ocrx_word' id='word_1_265' title='bbox 1288 4184 1385 4263; x_wconf 75' lang='lat' dir='ltr'>xin:</span> <span class='ocrx_word' id='word_1_266' title='bbox 1422 4212 1516 4261; x_wconf 55' lang='grc' dir='ltr'>ιμ-</span> 
     </span>
     <span class='ocr_line' id='line_1_33' title="bbox 298 4274 1508 4374; baseline -0.006 -16"><span class='ocrx_word' id='word_1_267' title='bbox 298 4283 387 4374; x_wconf 83' lang='lat' dir='ltr'>loti,</span> <span class='ocrx_word' id='word_1_268' title='bbox 420 4281 484 4357; x_wconf 89' lang='lat' dir='ltr'>ubi</span> <span class='ocrx_word' id='word_1_269' title='bbox 512 4279 673 4354; x_wconf 90' lang='lat' dir='ltr'>habitum</span> <span class='ocrx_word' id='word_1_270' title='bbox 697 4276 768 4368; x_wconf 86' lang='lat' dir='ltr'>est,</span> <span class='ocrx_word' id='word_1_271' title='bbox 800 4300 870 4352; x_wconf 92' lang='lat' dir='ltr'>non</span> <span class='ocrx_word' id='word_1_272' title='bbox 896 4274 1012 4348; x_wconf 85' lang='lat' dir='ltr'>addrta</span> <span class='ocrx_word' id='word_1_273' title='bbox 1036 4279 1228 4354; x_wconf 87' lang='lat' dir='ltr'>mentione.</span> <span class='ocrx_word' id='word_1_274' title='bbox 1278 4280 1365 4353; x_wconf 91' lang='lat' dir='ltr'>Cum</span> <span class='ocrx_word' id='word_1_275' title='bbox 1393 4301 1508 4365; x_wconf 81' lang='lat' dir='ltr'>tamen</span> 
     </span>
    </p>
   </div>
   <div class='ocr_carea' id='block_1_4' title="bbox 292 4368 1516 4562">
    <p class='ocr_par' dir='ltr' id='par_1_6' title="bbox 292 4368 1516 4562">
     <span class='ocr_line' id='line_1_34' title="bbox 292 4368 1509 4483; baseline -0.013 -24"><span class='ocrx_word' id='word_1_276' title='bbox 292 4384 392 4480; x_wconf 68' lang='lat' dir='ltr'>priua</span> <span class='ocrx_word' id='word_1_277' title='bbox 413 4397 623 4478; x_wconf 73' lang='lat' dir='ltr'>azymorum</span> <span class='ocrx_word' id='word_1_278' title='bbox 644 4372 702 4453; x_wconf 88' lang='lat' dir='ltr'>die</span> <span class='ocrx_word' id='word_1_279' title='bbox 711 4427 740 4470; x_wconf 69' lang='grc'>,.</span> <span class='ocrx_word' id='word_1_280' title='bbox 753 4376 864 4455; x_wconf 85' lang='lat' dir='ltr'>Mott.</span> <span class='ocrx_word' id='word_1_281' title='bbox 889 4368 1030 4451; x_wconf 87' lang='lat' dir='ltr'>XXVI:</span> <span class='ocrx_word' id='word_1_282' title='bbox 1060 4393 1116 4471; x_wconf 82' lang='lat'>17.</span> <span class='ocrx_word' id='word_1_283' title='bbox 1150 4373 1341 4477; x_wconf 76' lang='lat' dir='ltr'>disciputus</span> <span class='ocrx_word' id='word_1_284' title='bbox 1366 4375 1509 4483; x_wconf 66' lang='lat' dir='ltr'>demum</span> 
     </span>
     <span class='ocr_line' id='line_1_35' title="bbox 299 4466 1516 4562; baseline -0.003 -12"><span class='ocrx_word' id='word_1_285' title='bbox 299 4530 304 4537; x_wconf 90' lang='lat'>-</span> <span class='ocrx_word' id='word_1_286' title='bbox 374 4540 379 4555; x_wconf 88' lang='lat'><em>.</em></span> <span class='ocrx_word' id='word_1_287' title='bbox 874 4466 964 4562; x_wconf 66' lang='grc' dir='ltr'>ΚΛ,-</span> <span class='ocrx_word' id='word_1_288' title='bbox 1373 4468 1516 4553; x_wconf 66' lang='lat' dir='ltr'>misene</span> 
     </span>
    </p>
   </div>
   <div class='ocr_carea' id='block_1_5' title="bbox 0 0 1819 5500">
    <p class='ocr_par' dir='ltr' id='par_1_7' title="bbox 0 0 1819 5500">
     <span class='ocr_line' id='line_1_36' title="bbox 0 0 1819 5500; baseline 0 0"><span class='ocrx_word' id='word_1_289' title='bbox 0 0 1819 5500; x_wconf 95' lang='lat' dir='ltr'> </span> 
     </span>
    </p>
   </div>
  </div>
 </body>
</html>
