<?xml version="1.0" encoding="UTF-8"?>
<!DOCTYPE html PUBLIC "-//W3C//DTD XHTML 1.0 Transitional//EN"
    "http://www.w3.org/TR/xhtml1/DTD/xhtml1-transitional.dtd">
<html xmlns="http://www.w3.org/1999/xhtml" xml:lang="en" lang="en">
 <head>
  <title>
</title>
<meta http-equiv="Content-Type" content="text/html;charset=utf-8" />
  <meta name='ocr-system' content='tesseract 3.04.00' />
  <meta name='ocr-capabilities' content='ocr_page ocr_carea ocr_par ocr_line ocrx_word'/>
</head>
<body>
  <div class='ocr_page' id='page_1' title='image "./hermannivenemai05venegoog_0480.png"; bbox 0 0 3609 5500; ppageno 0'>
   <div class='ocr_carea' id='block_1_1' title="bbox 304 904 1145 1011">
    <p class='ocr_par' dir='ltr' id='par_1_1' title="bbox 304 904 1145 1011">
     <span class='ocr_line' id='line_1_1' title="bbox 304 904 1145 1011; baseline -0.024 -5"><span class='ocrx_word' id='word_1_1' title='bbox 304 917 381 1008; x_wconf 68' lang='lat'>&#39;⁴76</span> <span class='ocrx_word' id='word_1_2' title='bbox 702 905 1005 1010; x_wconf 58' lang='lat' dir='ltr'>lstflord‘Etclcfi</span> <span class='ocrx_word' id='word_1_3' title='bbox 1028 904 1145 1011; x_wconf 70' lang='lat' dir='ltr'>Cltnfl.</span> 
     </span>
    </p>
   </div>
   <div class='ocr_carea' id='block_1_2' title="bbox 220 1080 1561 4350">
    <p class='ocr_par' dir='ltr' id='par_1_2' title="bbox 278 1080 1548 1764">
     <span class='ocr_line' id='line_1_2' title="bbox 302 1080 1548 1189; baseline -0.006 -25"><span class='ocrx_word' id='word_1_4' title='bbox 302 1080 431 1164; x_wconf 79' lang='lat' dir='ltr'>Christi</span> <span class='ocrx_word' id='word_1_5' title='bbox 448 1083 661 1187; x_wconf 68' lang='lat' dir='ltr'>spiritualem</span> <span class='ocrx_word' id='word_1_6' title='bbox 685 1097 764 1168; x_wconf 84' lang='lat' dir='ltr'>culn</span> <span class='ocrx_word' id='word_1_7' title='bbox 782 1103 882 1187; x_wconf 86' lang='lat' dir='ltr'>&#39;pane</span> <span class='ocrx_word' id='word_1_8' title='bbox 908 1089 1043 1166; x_wconf 89' lang='lat' dir='ltr'>unitam</span> <span class='ocrx_word' id='word_1_9' title='bbox 1060 1090 1135 1166; x_wconf 84' lang='lat' dir='ltr'>elle</span> <span class='ocrx_word' id='word_1_10' title='bbox 1159 1086 1335 1163; x_wconf 86' lang='lat' dir='ltr'>voluerit:</span> <span class='ocrx_word' id='word_1_11' title='bbox 1377 1085 1483 1180; x_wconf 78' lang='lat' dir='ltr'>qnod</span> <span class='ocrx_word' id='word_1_12' title='bbox 1503 1080 1548 1189; x_wconf 47' lang='lat' dir='ltr'>‚o</span> 
     </span>
     <span class='ocr_line' id='line_1_3' title="bbox 302 1178 1529 1284; baseline -0.004 -25"><span class='ocrx_word' id='word_1_13' title='bbox 302 1187 386 1284; x_wconf 90' lang='lat' dir='ltr'>quid</span> <span class='ocrx_word' id='word_1_14' title='bbox 411 1187 503 1259; x_wconf 84' lang='lat' dir='ltr'>aliud</span> <span class='ocrx_word' id='word_1_15' title='bbox 527 1184 589 1274; x_wconf 83' lang='lat' dir='ltr'>sit,</span> <span class='ocrx_word' id='word_1_16' title='bbox 622 1207 663 1258; x_wconf 93' lang='lat' dir='ltr'>ac</span> <span class='ocrx_word' id='word_1_17' title='bbox 690 1185 814 1262; x_wconf 90' lang='lat' dir='ltr'>relatio</span> <span class='ocrx_word' id='word_1_18' title='bbox 841 1205 879 1259; x_wconf 95' lang='lat' dir='ltr'>et</span> <span class='ocrx_word' id='word_1_19' title='bbox 902 1187 1030 1284; x_wconf 67' lang='grc' dir='ltr'>δύναμις</span> <span class='ocrx_word' id='word_1_20' title='bbox 1053 1191 1104 1263; x_wconf 77' lang='lat' dir='ltr'>vis</span> <span class='ocrx_word' id='word_1_21' title='bbox 1127 1185 1242 1260; x_wconf 79' lang='lat' dir='ltr'>carnis</span> <span class='ocrx_word' id='word_1_22' title='bbox 1257 1178 1413 1274; x_wconf 70' lang='lat' dir='ltr'>Christi,</span> <span class='ocrx_word' id='word_1_23' title='bbox 1444 1198 1529 1255; x_wconf 74' lang='lat' dir='ltr'>ml·</span> 
     </span>
     <span class='ocr_line' id='line_1_4' title="bbox 278 1269 1525 1379; baseline 0 -29"><span class='ocrx_word' id='word_1_24' title='bbox 278 1305 364 1356; x_wconf 69' lang='lat' dir='ltr'>=nus</span> <span class='ocrx_word' id='word_1_25' title='bbox 388 1306 529 1371; x_wconf 87' lang='lat' dir='ltr'>verum,</span> <span class='ocrx_word' id='word_1_26' title='bbox 571 1282 669 1355; x_wconf 88' lang='lat' dir='ltr'>limul</span> <span class='ocrx_word' id='word_1_27' title='bbox 698 1282 968 1379; x_wconf 77' lang='lat' dir='ltr'>inexplicabile,</span> <span class='ocrx_word' id='word_1_28' title='bbox 1000 1284 1063 1359; x_wconf 88' lang='lat' dir='ltr'>est.</span> <span class='ocrx_word' id='word_1_29' title='bbox 1113 1280 1183 1356; x_wconf 85' lang='lat' dir='ltr'>Sed</span> <span class='ocrx_word' id='word_1_30' title='bbox 1205 1280 1353 1379; x_wconf 81' lang='lat' dir='ltr'>propius</span> <span class='ocrx_word' id='word_1_31' title='bbox 1376 1269 1525 1352; x_wconf 78' lang='lat' dir='ltr'>acceffit</span> 
     </span>
     <span class='ocr_line' id='line_1_5' title="bbox 300 1372 1519 1478; baseline -0.004 -27"><span class='ocrx_word' id='word_1_32' title='bbox 300 1402 516 1478; x_wconf 85' lang='lat' dir='ltr'><strong>anonymus,</strong></span> <span class='ocrx_word' id='word_1_33' title='bbox 541 1397 578 1451; x_wconf 91' lang='lat' dir='ltr'>et</span> <span class='ocrx_word' id='word_1_34' title='bbox 604 1397 762 1451; x_wconf 86' lang='lat' dir='ltr'>mentem</span> <span class='ocrx_word' id='word_1_35' title='bbox 788 1378 936 1455; x_wconf 86' lang='lat' dir='ltr'>nostram</span> <span class='ocrx_word' id='word_1_36' title='bbox 961 1404 1006 1454; x_wconf 84' lang='lat' dir='ltr'>ex</span> <span class='ocrx_word' id='word_1_37' title='bbox 1033 1376 1145 1467; x_wconf 88' lang='lat' dir='ltr'>osuit,</span> <span class='ocrx_word' id='word_1_38' title='bbox 1177 1374 1275 1450; x_wconf 87' lang='lat' dir='ltr'>slmul</span> <span class='ocrx_word' id='word_1_39' title='bbox 1301 1372 1519 1449; x_wconf 54' lang='lat' dir='ltr'>demonstr?</span> 
     </span>
     <span class='ocr_line' id='line_1_6' title="bbox 298 1466 1537 1568; baseline -0.004 -21"><span class='ocrx_word' id='word_1_40' title='bbox 298 1474 376 1564; x_wconf 90' lang='lat' dir='ltr'>vit,</span> <span class='ocrx_word' id='word_1_41' title='bbox 420 1476 457 1549; x_wconf 94' lang='lat' dir='ltr'>in</span> <span class='ocrx_word' id='word_1_42' title='bbox 479 1476 597 1548; x_wconf 87' lang='lat' dir='ltr'>libello</span> <span class='ocrx_word' id='word_1_43' title='bbox 624 1474 733 1568; x_wconf 84' lang='lat' dir='ltr'>Gall,</span> <span class='ocrx_word' id='word_1_44' title='bbox 769 1474 939 1549; x_wconf 78' lang='lat' dir='ltr'>Genevae</span> <span class='ocrx_word' id='word_1_45' title='bbox 964 1477 1063 1550; x_wconf 82' lang='lat' dir='ltr'>edito</span> <span class='ocrx_word' id='word_1_46' title='bbox 1094 1498 1125 1548; x_wconf 82' lang='lat' dir='ltr'>a</span> <span class='ocrx_word' id='word_1_47' title='bbox 1154 1494 1284 1568; x_wconf 65' lang='lat'>1730„</span> <span class='ocrx_word' id='word_1_48' title='bbox 1310 1469 1370 1546; x_wconf 90' lang='lat' dir='ltr'>cui</span> <span class='ocrx_word' id='word_1_49' title='bbox 1395 1466 1537 1542; x_wconf 67' lang='lat' dir='ltr'>titnlt15⁴</span> 
     </span>
     <span class='ocr_line' id='line_1_7' title="bbox 292 1556 1520 1669; baseline -0.004 -28"><span class='ocrx_word' id='word_1_50' title='bbox 292 1574 404 1666; x_wconf 78' lang='lat' dir='ltr'>picces</span> <span class='ocrx_word' id='word_1_51' title='bbox 417 1570 584 1667; x_wconf 81' lang='lat' dir='ltr'>fugitivos</span> <span class='ocrx_word' id='word_1_52' title='bbox 601 1567 663 1666; x_wconf 81' lang='lat' dir='ltr'>sur</span> <span class='ocrx_word' id='word_1_53' title='bbox 687 1570 708 1639; x_wconf 81' lang='lat' dir='ltr'>l</span> <span class='ocrx_word' id='word_1_54' title='bbox 738 1569 951 1666; x_wconf 78' lang='lat' dir='ltr'>eucharistie:</span> <span class='ocrx_word' id='word_1_55' title='bbox 984 1569 1045 1669; x_wconf 90' lang='lat' dir='ltr'>qui</span> <span class='ocrx_word' id='word_1_56' title='bbox 1069 1569 1147 1646; x_wconf 88' lang='lat' dir='ltr'>sero</span> <span class='ocrx_word' id='word_1_57' title='bbox 1169 1570 1213 1643; x_wconf 89' lang='lat' dir='ltr'>ad</span> <span class='ocrx_word' id='word_1_58' title='bbox 1240 1588 1361 1642; x_wconf 79' lang='lat' dir='ltr'>manue</span> <span class='ocrx_word' id='word_1_59' title='bbox 1382 1556 1520 1639; x_wconf 56' lang='lat' dir='ltr'>nostrffl</span> 
     </span>
     <span class='ocr_line' id='line_1_8' title="bbox 297 1663 1176 1764; baseline -0.002 -24"><span class='ocrx_word' id='word_1_60' title='bbox 297 1669 491 1764; x_wconf 89' lang='lat' dir='ltr'>pervenit,</span> <span class='ocrx_word' id='word_1_61' title='bbox 516 1683 553 1738; x_wconf 92' lang='lat' dir='ltr'>et</span> <span class='ocrx_word' id='word_1_62' title='bbox 577 1686 657 1738; x_wconf 87' lang='lat' dir='ltr'>cum</span> <span class='ocrx_word' id='word_1_63' title='bbox 679 1663 807 1738; x_wconf 78' lang='lat' dir='ltr'>nostris</span> <span class='ocrx_word' id='word_1_64' title='bbox 828 1665 986 1741; x_wconf 87' lang='lat' dir='ltr'>conferri</span> <span class='ocrx_word' id='word_1_65' title='bbox 1011 1684 1176 1740; x_wconf 89' lang='lat' dir='ltr'>meretur.</span> 
     </span>
    </p>

    <p class='ocr_par' dir='ltr' id='par_1_3' title="bbox 278 1757 1561 3394">
     <span class='ocr_line' id='line_1_9' title="bbox 344 1757 1526 1862; baseline 0.002 -24"><span class='ocrx_word' id='word_1_66' title='bbox 344 1762 378 1862; x_wconf 67' lang='lat' dir='ltr'>l.</span> <span class='ocrx_word' id='word_1_67' title='bbox 406 1762 537 1838; x_wconf 89' lang='lat' dir='ltr'>CXVI.</span> <span class='ocrx_word' id='word_1_68' title='bbox 573 1759 685 1835; x_wconf 85' lang='lat' dir='ltr'>Millo</span> <span class='ocrx_word' id='word_1_69' title='bbox 712 1759 873 1858; x_wconf 86' lang='lat' dir='ltr'>ignatio,</span> <span class='ocrx_word' id='word_1_70' title='bbox 901 1762 962 1859; x_wconf 92' lang='lat' dir='ltr'>qui</span> <span class='ocrx_word' id='word_1_71' title='bbox 979 1759 1084 1836; x_wconf 79' lang='lat' dir='ltr'>nimis</span> <span class='ocrx_word' id='word_1_72' title='bbox 1098 1757 1309 1859; x_wconf 83' lang='lat' dir='ltr'>generaliter</span> <span class='ocrx_word' id='word_1_73' title='bbox 1327 1760 1466 1859; x_wconf 86' lang='lat' dir='ltr'>loquitur</span> <span class='ocrx_word' id='word_1_74' title='bbox 1480 1781 1526 1840; x_wconf 65' lang='lat' dir='ltr'><em>t</em></span> 
     </span>
     <span class='ocr_line' id='line_1_10' title="bbox 296 1848 1537 1955; baseline -0.002 -23"><span class='ocrx_word' id='word_1_75' title='bbox 296 1881 426 1955; x_wconf 81' lang='lat' dir='ltr'>corpus</span> <span class='ocrx_word' id='word_1_76' title='bbox 457 1876 496 1931; x_wconf 88' lang='lat' dir='ltr'>et</span> <span class='ocrx_word' id='word_1_77' title='bbox 529 1854 734 1953; x_wconf 86' lang='lat' dir='ltr'>sanguinem</span> <span class='ocrx_word' id='word_1_78' title='bbox 762 1854 891 1931; x_wconf 86' lang='lat' dir='ltr'>Christi</span> <span class='ocrx_word' id='word_1_79' title='bbox 922 1857 1128 1955; x_wconf 81' lang='lat' dir='ltr'>simpliciter</span> <span class='ocrx_word' id='word_1_80' title='bbox 1157 1877 1356 1931; x_wconf 78' lang='lat' dir='ltr'>memorant</span> <span class='ocrx_word' id='word_1_81' title='bbox 1386 1858 1423 1933; x_wconf 94' lang='lat' dir='ltr'>in</span> <span class='ocrx_word' id='word_1_82' title='bbox 1441 1848 1537 1929; x_wconf 72' lang='lat' dir='ltr'>en‘</span> 
     </span>
     <span class='ocr_line' id='line_1_11' title="bbox 299 1950 1555 2052; baseline -0.004 -25"><span class='ocrx_word' id='word_1_83' title='bbox 299 1953 483 2043; x_wconf 88' lang='lat' dir='ltr'>charistia,</span> <span class='ocrx_word' id='word_1_84' title='bbox 524 1951 579 2024; x_wconf 89' lang='lat' dir='ltr'>uti</span> <span class='ocrx_word' id='word_1_85' title='bbox 611 1952 654 2025; x_wconf 90' lang='lat' dir='ltr'>ad</span> <span class='ocrx_word' id='word_1_86' title='bbox 676 1951 892 2048; x_wconf 87' lang='lat' dir='ltr'>Philadelph.</span> <span class='ocrx_word' id='word_1_87' title='bbox 926 1952 959 2052; x_wconf 75' lang='lat'>§.</span> <span class='ocrx_word' id='word_1_88' title='bbox 982 1977 1018 2045; x_wconf 88' lang='lat'>4.</span> <span class='ocrx_word' id='word_1_89' title='bbox 1052 1956 1191 2051; x_wconf 89' lang='lat' dir='ltr'>Smyrn.</span> <span class='ocrx_word' id='word_1_90' title='bbox 1216 1951 1249 2051; x_wconf 66' lang='lat' dir='ltr'>l.</span> <span class='ocrx_word' id='word_1_91' title='bbox 1274 1974 1308 2045; x_wconf 82' lang='lat'>7.</span> <span class='ocrx_word' id='word_1_92' title='bbox 1342 1970 1380 2024; x_wconf 90' lang='lat' dir='ltr'>et</span> <span class='ocrx_word' id='word_1_93' title='bbox 1405 1950 1475 2027; x_wconf 84' lang='lat' dir='ltr'>alibi</span> <span class='ocrx_word' id='word_1_94' title='bbox 1493 1958 1555 2032; x_wconf 60' lang='grc' dir='ltr'><em>β</em></span> 
     </span>
     <span class='ocr_line' id='line_1_12' title="bbox 293 2044 1561 2145; baseline 0 -21"><span class='ocrx_word' id='word_1_95' title='bbox 293 2050 446 2145; x_wconf 88' lang='lat' dir='ltr'>auspicia</span> <span class='ocrx_word' id='word_1_96' title='bbox 469 2045 777 2122; x_wconf 79' lang='lat' dir='ltr'>demonstrationis</span> <span class='ocrx_word' id='word_1_97' title='bbox 799 2047 928 2124; x_wconf 82' lang='lat' dir='ltr'>thesros</span> <span class='ocrx_word' id='word_1_98' title='bbox 953 2047 1090 2124; x_wconf 89' lang='lat' dir='ltr'>nostrae</span> <span class='ocrx_word' id='word_1_99' title='bbox 1113 2048 1212 2122; x_wconf 90' lang='lat' dir='ltr'>sumo</span> <span class='ocrx_word' id='word_1_100' title='bbox 1236 2044 1413 2143; x_wconf 84' lang='lat' dir='ltr'>aJustino</span> <span class='ocrx_word' id='word_1_101' title='bbox 1430 2049 1561 2137; x_wconf 44' lang='lat' dir='ltr'>Ml</span> 
     </span>
     <span class='ocr_line' id='line_1_13' title="bbox 294 2141 1561 2243; baseline 0.003 -26"><span class='ocrx_word' id='word_1_102' title='bbox 294 2145 355 2240; x_wconf 89' lang='lat' dir='ltr'>qui</span> <span class='ocrx_word' id='word_1_103' title='bbox 380 2142 563 2243; x_wconf 82' lang='lat' dir='ltr'>egregium</span> <span class='ocrx_word' id='word_1_104' title='bbox 588 2141 788 2239; x_wconf 89' lang='lat' dir='ltr'>suppeditat</span> <span class='ocrx_word' id='word_1_105' title='bbox 814 2143 1078 2236; x_wconf 88' lang='lat' dir='ltr'>testimonium,</span> <span class='ocrx_word' id='word_1_106' title='bbox 1116 2142 1172 2217; x_wconf 89' lang='lat' dir='ltr'>his</span> <span class='ocrx_word' id='word_1_107' title='bbox 1195 2142 1314 2217; x_wconf 88' lang='lat' dir='ltr'>verbis</span> <span class='ocrx_word' id='word_1_108' title='bbox 1337 2142 1561 2242; x_wconf 65' lang='lat' dir='ltr'>inApolf</span> 
     </span>
     <span class='ocr_line' id='line_1_14' title="bbox 291 2223 1561 2336; baseline 0 -21"><span class='ocrx_word' id='word_1_109' title='bbox 291 2241 400 2336; x_wconf 87' lang='lat' dir='ltr'>vulgo</span> <span class='ocrx_word' id='word_1_110' title='bbox 424 2241 472 2314; x_wconf 91' lang='lat' dir='ltr'>ll.</span> <span class='ocrx_word' id='word_1_111' title='bbox 505 2237 537 2336; x_wconf 55' lang='grc' dir='ltr'>Β.</span> <span class='ocrx_word' id='word_1_112' title='bbox 565 2244 622 2317; x_wconf 84' lang='grc'>86.</span> <span class='ocrx_word' id='word_1_113' title='bbox 656 2238 874 2332; x_wconf 82' lang='lat' dir='ltr'>exprellum:</span> <span class='ocrx_word' id='word_1_114' title='bbox 906 2239 992 2336; x_wconf 83' lang='lat' dir='ltr'>sod,</span> <span class='ocrx_word' id='word_1_115' title='bbox 1026 2240 1283 2335; x_wconf 76' lang='lat' dir='ltr'>quemadmodum</span> <span class='ocrx_word' id='word_1_116' title='bbox 1301 2256 1362 2333; x_wconf 85' lang='lat' dir='ltr'>per</span> <span class='ocrx_word' id='word_1_117' title='bbox 1383 2223 1561 2315; x_wconf 75' lang='lat' dir='ltr'>noer</span> 
     </span>
     <span class='ocr_line' id='line_1_15' title="bbox 291 2328 1561 2434; baseline 0 -22"><span class='ocrx_word' id='word_1_118' title='bbox 291 2336 359 2413; x_wconf 79' lang='lat' dir='ltr'>Dei</span> <span class='ocrx_word' id='word_1_119' title='bbox 394 2333 537 2434; x_wconf 74' lang='lat' dir='ltr'>Christus</span> <span class='ocrx_word' id='word_1_120' title='bbox 573 2336 762 2408; x_wconf 79' lang='lat' dir='ltr'>incarnatus</span> <span class='ocrx_word' id='word_1_121' title='bbox 788 2333 942 2431; x_wconf 77' lang='lat' dir='ltr'>servator</span> <span class='ocrx_word' id='word_1_122' title='bbox 964 2334 1065 2434; x_wconf 81' lang='lat' dir='ltr'>noster</span> <span class='ocrx_word' id='word_1_123' title='bbox 1103 2360 1232 2413; x_wconf 80' lang='lat' dir='ltr'>tarnem</span> <span class='ocrx_word' id='word_1_124' title='bbox 1257 2350 1290 2408; x_wconf 78' lang='lat' dir='ltr'>et</span> <span class='ocrx_word' id='word_1_125' title='bbox 1311 2335 1505 2432; x_wconf 81' lang='lat' dir='ltr'>sanguinent</span> <span class='ocrx_word' id='word_1_126' title='bbox 1519 2328 1561 2394; x_wconf 64' lang='lat'><em>5</em></span> 
     </span>
     <span class='ocr_line' id='line_1_16' title="bbox 284 2423 1504 2531; baseline 0.001 -24"><span class='ocrx_word' id='word_1_127' title='bbox 284 2454 345 2531; x_wconf 82' lang='lat' dir='ltr'>pro</span> <span class='ocrx_word' id='word_1_128' title='bbox 361 2430 474 2529; x_wconf 80' lang='lat' dir='ltr'>solute</span> <span class='ocrx_word' id='word_1_129' title='bbox 499 2426 607 2521; x_wconf 80' lang='lat' dir='ltr'>nollro</span> <span class='ocrx_word' id='word_1_130' title='bbox 629 2431 767 2520; x_wconf 79' lang='lat' dir='ltr'>holuit,</span> <span class='ocrx_word' id='word_1_131' title='bbox 799 2434 850 2505; x_wconf 80' lang='lat' dir='ltr'>ito</span> <span class='ocrx_word' id='word_1_132' title='bbox 873 2457 989 2529; x_wconf 77' lang='lat' dir='ltr'>qnoque</span> <span class='ocrx_word' id='word_1_133' title='bbox 1012 2435 1178 2505; x_wconf 80' lang='lat' dir='ltr'>incarnati</span> <span class='ocrx_word' id='word_1_134' title='bbox 1203 2423 1293 2527; x_wconf 82' lang='lat' dir='ltr'>Jesu</span> <span class='ocrx_word' id='word_1_135' title='bbox 1318 2456 1448 2508; x_wconf 83' lang='lat' dir='ltr'>carnem</span> <span class='ocrx_word' id='word_1_136' title='bbox 1471 2450 1504 2507; x_wconf 81' lang='lat' dir='ltr'>et</span> 
     </span>
     <span class='ocr_line' id='line_1_17' title="bbox 278 2524 1504 2627; baseline 0.002 -24"><span class='ocrx_word' id='word_1_137' title='bbox 278 2531 478 2627; x_wconf 78' lang='lat' dir='ltr'>sangninem</span> <span class='ocrx_word' id='word_1_138' title='bbox 509 2524 570 2620; x_wconf 66' lang='lat' dir='ltr'><em>ff</em></span> <span class='ocrx_word' id='word_1_139' title='bbox 600 2529 785 2622; x_wconf 83' lang='lat' dir='ltr'>accepimns</span> <span class='ocrx_word' id='word_1_140' title='bbox 812 2549 883 2601; x_wconf 82' lang='lat' dir='ltr'>tom</span> <span class='ocrx_word' id='word_1_141' title='bbox 907 2530 1115 2618; x_wconf 82' lang='lat' dir='ltr'>alimoniam,</span> <span class='ocrx_word' id='word_1_142' title='bbox 1148 2551 1230 2623; x_wconf 79' lang='lat' dir='ltr'>quoe</span> <span class='ocrx_word' id='word_1_143' title='bbox 1251 2544 1311 2621; x_wconf 83' lang='lat' dir='ltr'>per</span> <span class='ocrx_word' id='word_1_144' title='bbox 1335 2535 1504 2605; x_wconf 78' lang='lat' dir='ltr'>orationem</span> 
     </span>
     <span class='ocr_line' id='line_1_18' title="bbox 287 2619 1500 2724; baseline -0.002 -26"><span class='ocrx_word' id='word_1_145' title='bbox 287 2626 398 2710; x_wconf 71' lang='lat' dir='ltr'>verli,</span> <span class='ocrx_word' id='word_1_146' title='bbox 425 2626 467 2694; x_wconf 84' lang='lat' dir='ltr'>al</span> <span class='ocrx_word' id='word_1_147' title='bbox 491 2619 565 2713; x_wconf 83' lang='lat' dir='ltr'>Ipso</span> <span class='ocrx_word' id='word_1_148' title='bbox 585 2620 744 2714; x_wconf 61' lang='lat' dir='ltr'>profem,</span> <span class='ocrx_word' id='word_1_149' title='bbox 772 2646 845 2696; x_wconf 87' lang='lat' dir='ltr'>cum</span> <span class='ocrx_word' id='word_1_150' title='bbox 869 2631 1056 2719; x_wconf 83' lang='lat' dir='ltr'>gratiarum</span> <span class='ocrx_word' id='word_1_151' title='bbox 1078 2626 1199 2696; x_wconf 67' lang='lat' dir='ltr'>anione</span> <span class='ocrx_word' id='word_1_152' title='bbox 1221 2620 1414 2719; x_wconf 77' lang='lat' dir='ltr'>consecrato</span> <span class='ocrx_word' id='word_1_153' title='bbox 1437 2624 1500 2724; x_wconf 74' lang='lat' dir='ltr'>ost:</span> 
     </span>
     <span class='ocr_line' id='line_1_19' title="bbox 288 2715 1542 2817; baseline 0.002 -23"><span class='ocrx_word' id='word_1_154' title='bbox 288 2744 331 2794; x_wconf 81' lang='lat' dir='ltr'>ex</span> <span class='ocrx_word' id='word_1_155' title='bbox 357 2742 420 2814; x_wconf 84' lang='lat' dir='ltr'>quo</span> <span class='ocrx_word' id='word_1_156' title='bbox 434 2715 577 2814; x_wconf 83' lang='lat' dir='ltr'>sanguis</span> <span class='ocrx_word' id='word_1_157' title='bbox 602 2731 633 2786; x_wconf 81' lang='lat' dir='ltr'>tt</span> <span class='ocrx_word' id='word_1_158' title='bbox 660 2740 773 2791; x_wconf 84' lang='lat' dir='ltr'>carnes</span> <span class='ocrx_word' id='word_1_159' title='bbox 791 2718 936 2814; x_wconf 68' lang='lat' dir='ltr'>orostrae,</span> <span class='ocrx_word' id='word_1_160' title='bbox 958 2722 1248 2817; x_wconf 78' lang='lat' dir='ltr'>permutationem</span> <span class='ocrx_word' id='word_1_161' title='bbox 1273 2718 1297 2816; x_wconf 89' lang='lat'><em>(</em></span> <span class='ocrx_word' id='word_1_162' title='bbox 1295 2718 1357 2795; x_wconf 87' lang='lat' dir='ltr'>seu</span> <span class='ocrx_word' id='word_1_163' title='bbox 1381 2745 1507 2799; x_wconf 83' lang='lat' dir='ltr'>concoc-</span> <span class='ocrx_word' id='word_1_164' title='bbox 1530 2806 1542 2815; x_wconf 44' lang='grc'><em>,</em></span> 
     </span>
     <span class='ocr_line' id='line_1_20' title="bbox 286 2813 1560 2909; baseline 0.003 -20"><span class='ocrx_word' id='word_1_165' title='bbox 286 2813 425 2907; x_wconf 75' lang='lat' dir='ltr'>tionem)</span> <span class='ocrx_word' id='word_1_166' title='bbox 457 2815 603 2884; x_wconf 79' lang='lat' dir='ltr'>aluntur.</span> <span class='ocrx_word' id='word_1_167' title='bbox 654 2813 709 2887; x_wconf 82' lang='lat' dir='ltr'>Ex</span> <span class='ocrx_word' id='word_1_168' title='bbox 743 2835 815 2908; x_wconf 91' lang='lat' dir='ltr'>quo</span> <span class='ocrx_word' id='word_1_169' title='bbox 847 2816 928 2889; x_wconf 90' lang='lat' dir='ltr'>loco</span> <span class='ocrx_word' id='word_1_170' title='bbox 964 2816 1036 2889; x_wconf 93' lang='lat' dir='ltr'>duo</span> <span class='ocrx_word' id='word_1_171' title='bbox 1068 2838 1163 2891; x_wconf 89' lang='lat' dir='ltr'>nunc</span> <span class='ocrx_word' id='word_1_172' title='bbox 1197 2832 1333 2890; x_wconf 85' lang='lat' dir='ltr'>tantum</span> <span class='ocrx_word' id='word_1_173' title='bbox 1365 2816 1404 2893; x_wconf 91' lang='lat' dir='ltr'>in</span> <span class='ocrx_word' id='word_1_174' title='bbox 1434 2816 1516 2893; x_wconf 82' lang='lat' dir='ltr'>rem</span> <span class='ocrx_word' id='word_1_175' title='bbox 1544 2896 1560 2909; x_wconf 64' lang='grc'><strong><em>,</em></strong></span> 
     </span>
     <span class='ocr_line' id='line_1_21' title="bbox 288 2907 1517 3007; baseline 0.001 -21"><span class='ocrx_word' id='word_1_176' title='bbox 288 2909 440 2986; x_wconf 87' lang='lat' dir='ltr'>nostram</span> <span class='ocrx_word' id='word_1_177' title='bbox 464 2907 680 3001; x_wconf 80' lang='lat' dir='ltr'>colligimus:</span> <span class='ocrx_word' id='word_1_178' title='bbox 723 2931 819 2980; x_wconf 78' lang='lat' dir='ltr'>unum</span> <span class='ocrx_word' id='word_1_179' title='bbox 843 2910 912 2998; x_wconf 88' lang='lat' dir='ltr'>est,</span> <span class='ocrx_word' id='word_1_180' title='bbox 947 2934 1074 3007; x_wconf 80' lang='lat' dir='ltr'>panem</span> <span class='ocrx_word' id='word_1_181' title='bbox 1104 2929 1142 2984; x_wconf 89' lang='lat' dir='ltr'>et</span> <span class='ocrx_word' id='word_1_182' title='bbox 1166 2910 1291 2984; x_wconf 88' lang='lat' dir='ltr'>vinum</span> <span class='ocrx_word' id='word_1_183' title='bbox 1323 2910 1406 2986; x_wconf 88' lang='lat' dir='ltr'>fieri</span> <span class='ocrx_word' id='word_1_184' title='bbox 1427 2914 1517 2989; x_wconf 84' lang='lat' dir='ltr'>cor·&#39;</span> 
     </span>
     <span class='ocr_line' id='line_1_22' title="bbox 284 3002 1506 3109; baseline 0.001 -26"><span class='ocrx_word' id='word_1_185' title='bbox 284 3033 352 3109; x_wconf 89' lang='lat' dir='ltr'>pus</span> <span class='ocrx_word' id='word_1_186' title='bbox 378 3003 504 3082; x_wconf 86' lang='lat' dir='ltr'>Christi</span> <span class='ocrx_word' id='word_1_187' title='bbox 534 3009 566 3078; x_wconf 80' lang='grc' dir='ltr'>δι</span> <span class='ocrx_word' id='word_1_188' title='bbox 590 3012 679 3102; x_wconf 56' lang='lat' dir='ltr'>lexic</span> <span class='ocrx_word' id='word_1_189' title='bbox 698 3002 794 3101; x_wconf 69' lang='lat' dir='ltr'>alyn,</span> <span class='ocrx_word' id='word_1_190' title='bbox 817 3019 854 3081; x_wconf 72' lang='grc' dir='ltr'>τῦ</span> <span class='ocrx_word' id='word_1_191' title='bbox 876 3015 938 3102; x_wconf 69' lang='grc' dir='ltr'>παῤ</span> <span class='ocrx_word' id='word_1_192' title='bbox 959 3015 1033 3082; x_wconf 67' lang='lat' dir='ltr'>doti</span> <span class='ocrx_word' id='word_1_193' title='bbox 1053 3025 1113 3102; x_wconf 81' lang='lat' dir='ltr'>por</span> <span class='ocrx_word' id='word_1_194' title='bbox 1138 3011 1334 3098; x_wconf 81' lang='lat' dir='ltr'>orationem,</span> <span class='ocrx_word' id='word_1_195' title='bbox 1365 3009 1428 3083; x_wconf 88' lang='lat' dir='ltr'>seu</span> <span class='ocrx_word' id='word_1_196' title='bbox 1453 3011 1506 3084; x_wconf 89' lang='lat' dir='ltr'>in·</span> 
     </span>
     <span class='ocr_line' id='line_1_23' title="bbox 286 3103 1508 3200; baseline 0 -18"><span class='ocrx_word' id='word_1_197' title='bbox 286 3103 517 3182; x_wconf 88' lang='lat' dir='ltr'>vocationem</span> <span class='ocrx_word' id='word_1_198' title='bbox 549 3107 659 3192; x_wconf 73' lang='lat' dir='ltr'>verbi,</span> <span class='ocrx_word' id='word_1_199' title='bbox 698 3104 833 3178; x_wconf 82' lang='lat' dir='ltr'>scilicet</span> <span class='ocrx_word' id='word_1_200' title='bbox 861 3105 1012 3195; x_wconf 88' lang='lat' dir='ltr'>Christi,</span> <span class='ocrx_word' id='word_1_201' title='bbox 1052 3105 1130 3200; x_wconf 78' lang='lat' dir='ltr'>quod</span> <span class='ocrx_word' id='word_1_202' title='bbox 1158 3106 1201 3176; x_wconf 84' lang='lat' dir='ltr'>ol</span> <span class='ocrx_word' id='word_1_203' title='bbox 1227 3103 1326 3199; x_wconf 86' lang='lat' dir='ltr'>Ipso,</span> <span class='ocrx_word' id='word_1_204' title='bbox 1371 3104 1508 3183; x_wconf 83' lang='lat' dir='ltr'>scilicet</span> 
     </span>
     <span class='ocr_line' id='line_1_24' title="bbox 284 3198 1508 3298; baseline 0.002 -22"><span class='ocrx_word' id='word_1_205' title='bbox 284 3204 410 3290; x_wconf 87' lang='lat' dir='ltr'>Patre,</span> <span class='ocrx_word' id='word_1_206' title='bbox 441 3201 498 3296; x_wconf 77' lang='lat' dir='ltr'>est.</span> <span class='ocrx_word' id='word_1_207' title='bbox 551 3200 610 3274; x_wconf 85' lang='lat' dir='ltr'>sic</span> <span class='ocrx_word' id='word_1_208' title='bbox 633 3198 727 3272; x_wconf 88' lang='lat' dir='ltr'>enim</span> <span class='ocrx_word' id='word_1_209' title='bbox 747 3203 854 3275; x_wconf 83' lang='lat' dir='ltr'>verba</span> <span class='ocrx_word' id='word_1_210' title='bbox 879 3201 1108 3297; x_wconf 87' lang='lat' dir='ltr'>intelligenda</span> <span class='ocrx_word' id='word_1_211' title='bbox 1125 3200 1216 3288; x_wconf 82' lang='lat' dir='ltr'>elle,-</span> <span class='ocrx_word' id='word_1_212' title='bbox 1242 3200 1344 3296; x_wconf 90' lang='lat' dir='ltr'>supra</span> <span class='ocrx_word' id='word_1_213' title='bbox 1356 3202 1429 3298; x_wconf 91' lang='lat' dir='ltr'>jam</span> <span class='ocrx_word' id='word_1_214' title='bbox 1444 3227 1508 3277; x_wconf 89' lang='lat' dir='ltr'>no·</span> 
     </span>
     <span class='ocr_line' id='line_1_25' title="bbox 288 3293 1504 3394; baseline 0.002 -25"><span class='ocrx_word' id='word_1_215' title='bbox 288 3295 382 3381; x_wconf 83' lang='lat' dir='ltr'>tavi,</span> <span class='ocrx_word' id='word_1_216' title='bbox 401 3319 546 3390; x_wconf 90' lang='lat' dir='ltr'>quorum</span> <span class='ocrx_word' id='word_1_217' title='bbox 565 3295 679 3367; x_wconf 84' lang='lat' dir='ltr'>sensus</span> <span class='ocrx_word' id='word_1_218' title='bbox 689 3293 756 3381; x_wconf 87' lang='lat' dir='ltr'>est,</span> <span class='ocrx_word' id='word_1_219' title='bbox 776 3299 983 3385; x_wconf 74' lang='lat' dir='ltr'>alimentum,</span> <span class='ocrx_word' id='word_1_220' title='bbox 1006 3306 1191 3388; x_wconf 80' lang='lat' dir='ltr'>gratiarum</span> <span class='ocrx_word' id='word_1_221' title='bbox 1209 3299 1333 3369; x_wconf 65' lang='lat' dir='ltr'>odilone</span> <span class='ocrx_word' id='word_1_222' title='bbox 1356 3317 1415 3393; x_wconf 82' lang='lat' dir='ltr'>per</span> <span class='ocrx_word' id='word_1_223' title='bbox 1427 3320 1504 3394; x_wconf 81' lang='lat' dir='ltr'>pre·</span> 
     </span>
    </p>

    <p class='ocr_par' dir='ltr' id='par_1_4' title="bbox 220 3389 1509 4350">
     <span class='ocr_line' id='line_1_26' title="bbox 220 3389 1509 3490; baseline 0.004 -28"><span class='ocrx_word' id='word_1_224' title='bbox 220 3443 223 3449; x_wconf 80' lang='lat'>·</span> <span class='ocrx_word' id='word_1_225' title='bbox 283 3395 461 3474; x_wconf 79' lang='lat' dir='ltr'>tationem,</span> <span class='ocrx_word' id='word_1_226' title='bbox 488 3391 545 3461; x_wconf 89' lang='lat' dir='ltr'>seu</span> <span class='ocrx_word' id='word_1_227' title='bbox 567 3389 832 3462; x_wconf 76' lang='lat' dir='ltr'>invocationem</span> <span class='ocrx_word' id='word_1_228' title='bbox 870 3393 979 3474; x_wconf 73' lang='lat' dir='ltr'>verli,</span> <span class='ocrx_word' id='word_1_229' title='bbox 1013 3393 1119 3463; x_wconf 82' lang='lat' dir='ltr'>aDeo</span> <span class='ocrx_word' id='word_1_230' title='bbox 1142 3395 1222 3479; x_wconf 78' lang='lat' dir='ltr'>orti,</span> <span class='ocrx_word' id='word_1_231' title='bbox 1255 3391 1317 3486; x_wconf 79' lang='lat' dir='ltr'>effe</span> <span class='ocrx_word' id='word_1_232' title='bbox 1341 3392 1509 3490; x_wconf 81' lang='lat' dir='ltr'>consecro-</span> 
     </span>
     <span class='ocr_line' id='line_1_27' title="bbox 281 3481 1507 3570; baseline 0.007 -14"><span class='ocrx_word' id='word_1_233' title='bbox 281 3499 372 3570; x_wconf 81' lang='lat' dir='ltr'>tum,</span> <span class='ocrx_word' id='word_1_234' title='bbox 406 3484 456 3555; x_wconf 89' lang='lat' dir='ltr'>ita</span> <span class='ocrx_word' id='word_1_235' title='bbox 481 3503 519 3554; x_wconf 88' lang='lat' dir='ltr'>ut</span> <span class='ocrx_word' id='word_1_236' title='bbox 571 3481 643 3554; x_wconf 84' lang='lat' dir='ltr'>nnis</span> <span class='ocrx_word' id='word_1_237' title='bbox 666 3483 704 3555; x_wconf 93' lang='lat' dir='ltr'>vi</span> <span class='ocrx_word' id='word_1_238' title='bbox 729 3481 872 3556; x_wconf 82' lang='lat' dir='ltr'>unionis</span> <span class='ocrx_word' id='word_1_239' title='bbox 895 3507 975 3559; x_wconf 88' lang='lat' dir='ltr'>cum</span> <span class='ocrx_word' id='word_1_240' title='bbox 995 3486 1117 3559; x_wconf 89' lang='lat' dir='ltr'>divina</span> <span class='ocrx_word' id='word_1_241' title='bbox 1142 3506 1264 3561; x_wconf 86' lang='lat' dir='ltr'>natura</span> <span class='ocrx_word' id='word_1_242' title='bbox 1289 3488 1401 3564; x_wconf 87' lang='lat' dir='ltr'>fuerit</span> <span class='ocrx_word' id='word_1_243' title='bbox 1423 3506 1507 3564; x_wconf 58' lang='lat' dir='ltr'>cors</span> 
     </span>
     <span class='ocr_line' id='line_1_28' title="bbox 279 3575 1508 3684; baseline 0.007 -32"><span class='ocrx_word' id='word_1_244' title='bbox 279 3603 345 3677; x_wconf 88' lang='lat' dir='ltr'>pus</span> <span class='ocrx_word' id='word_1_245' title='bbox 369 3575 497 3650; x_wconf 87' lang='lat' dir='ltr'>Christi</span> <span class='ocrx_word' id='word_1_246' title='bbox 549 3576 653 3684; x_wconf 53' lang='lat' dir='ltr'>ailus.</span> <span class='ocrx_word' id='word_1_247' title='bbox 704 3579 852 3683; x_wconf 51' lang='lat' dir='ltr'>dirorum</span> <span class='ocrx_word' id='word_1_248' title='bbox 885 3579 956 3668; x_wconf 90' lang='lat' dir='ltr'>est,</span> <span class='ocrx_word' id='word_1_249' title='bbox 998 3581 1165 3673; x_wconf 87' lang='lat' dir='ltr'>unionem</span> <span class='ocrx_word' id='word_1_250' title='bbox 1192 3580 1271 3679; x_wconf 67' lang='lat' dir='ltr'>alyn</span> <span class='ocrx_word' id='word_1_251' title='bbox 1302 3590 1396 3659; x_wconf 72' lang='lat' dir='ltr'>verbi</span> <span class='ocrx_word' id='word_1_252' title='bbox 1425 3609 1508 3663; x_wconf 87' lang='lat' dir='ltr'>cum</span> 
     </span>
     <span class='ocr_line' id='line_1_29' title="bbox 279 3668 1506 3778; baseline 0.007 -28"><span class='ocrx_word' id='word_1_253' title='bbox 279 3697 371 3778; x_wconf 84' lang='lat' dir='ltr'>pane</span> <span class='ocrx_word' id='word_1_254' title='bbox 394 3692 589 3768; x_wconf 82' lang='lat' dir='ltr'>comparari</span> <span class='ocrx_word' id='word_1_255' title='bbox 616 3668 874 3769; x_wconf 85' lang='lat' dir='ltr'>cnm&#39;ejnsdem</span> <span class='ocrx_word' id='word_1_256' title='bbox 897 3677 1029 3751; x_wconf 87' lang='lat' dir='ltr'>unione</span> <span class='ocrx_word' id='word_1_257' title='bbox 1057 3700 1138 3750; x_wconf 90' lang='lat' dir='ltr'>cum</span> <span class='ocrx_word' id='word_1_258' title='bbox 1171 3679 1320 3754; x_wconf 87' lang='lat' dir='ltr'>humana</span> <span class='ocrx_word' id='word_1_259' title='bbox 1357 3702 1506 3775; x_wconf 86' lang='lat' dir='ltr'>natura,</span> 
     </span>
     <span class='ocr_line' id='line_1_30' title="bbox 281 3767 1501 3878; baseline 0.002 -29"><span class='ocrx_word' id='word_1_260' title='bbox 281 3772 460 3870; x_wconf 87' lang='lat' dir='ltr'>tradique,</span> <span class='ocrx_word' id='word_1_261' title='bbox 478 3767 623 3842; x_wconf 82' lang='lat' dir='ltr'>eandem</span> <span class='ocrx_word' id='word_1_262' title='bbox 639 3768 684 3878; x_wconf 79' lang='lat' dir='ltr'>ob</span> <span class='ocrx_word' id='word_1_263' title='bbox 701 3771 873 3845; x_wconf 89' lang='lat' dir='ltr'>rationem</span> <span class='ocrx_word' id='word_1_264' title='bbox 889 3797 1017 3869; x_wconf 90' lang='lat' dir='ltr'>panem</span> <span class='ocrx_word' id='word_1_265' title='bbox 1033 3772 1198 3862; x_wconf 82' lang='lat' dir='ltr'>adpellari</span> <span class='ocrx_word' id='word_1_266' title='bbox 1215 3795 1326 3871; x_wconf 85' lang='lat' dir='ltr'>corpus</span> <span class='ocrx_word' id='word_1_267' title='bbox 1342 3777 1501 3870; x_wconf 87' lang='lat' dir='ltr'>Christi,</span> 
     </span>
     <span class='ocr_line' id='line_1_31' title="bbox 279 3866 1500 3973; baseline 0.005 -29"><span class='ocrx_word' id='word_1_268' title='bbox 279 3874 326 3944; x_wconf 83' lang='lat' dir='ltr'>ob</span> <span class='ocrx_word' id='word_1_269' title='bbox 353 3890 455 3965; x_wconf 88' lang='lat' dir='ltr'>quam</span> <span class='ocrx_word' id='word_1_270' title='bbox 484 3887 611 3959; x_wconf 87' lang='lat' dir='ltr'>corpus</span> <span class='ocrx_word' id='word_1_271' title='bbox 629 3887 703 3973; x_wconf 59' lang='lat' dir='ltr'>epus</span> <span class='ocrx_word' id='word_1_272' title='bbox 719 3866 909 3961; x_wconf 79' lang='lat' dir='ltr'>adpellatur</span> <span class='ocrx_word' id='word_1_273' title='bbox 925 3892 1054 3968; x_wconf 87' lang='lat' dir='ltr'>corpus</span> <span class='ocrx_word' id='word_1_274' title='bbox 1075 3869 1102 3944; x_wconf 75' lang='lat' dir='ltr'>lo‘</span> <span class='ocrx_word' id='word_1_275' title='bbox 1126 3869 1205 3966; x_wconf 68' lang='lat' dir='ltr'>alyn</span> <span class='ocrx_word' id='word_1_276' title='bbox 1229 3876 1339 3962; x_wconf 73' lang='lat' dir='ltr'>vorbi,</span> <span class='ocrx_word' id='word_1_277' title='bbox 1367 3872 1428 3950; x_wconf 88' lang='lat' dir='ltr'>seu</span> <span class='ocrx_word' id='word_1_278' title='bbox 1446 3876 1500 3949; x_wconf 92' lang='lat' dir='ltr'>di·</span> 
     </span>
     <span class='ocr_line' id='line_1_32' title="bbox 276 3963 1504 4064; baseline 0.006 -25"><span class='ocrx_word' id='word_1_279' title='bbox 276 3967 381 4043; x_wconf 85' lang='lat' dir='ltr'>vinae</span> <span class='ocrx_word' id='word_1_280' title='bbox 407 3981 571 4042; x_wconf 75' lang='lat' dir='ltr'>naturae3</span> <span class='ocrx_word' id='word_1_281' title='bbox 604 3983 684 4058; x_wconf 86' lang='lat' dir='ltr'>qma</span> <span class='ocrx_word' id='word_1_282' title='bbox 709 3963 830 4036; x_wconf 89' lang='lat' dir='ltr'>eadem</span> <span class='ocrx_word' id='word_1_283' title='bbox 857 3965 932 4039; x_wconf 84' lang='lat' dir='ltr'>lere</span> <span class='ocrx_word' id='word_1_284' title='bbox 949 3967 1088 4043; x_wconf 87' lang='lat' dir='ltr'>ratione</span> <span class='ocrx_word' id='word_1_285' title='bbox 1123 3989 1268 4064; x_wconf 80' lang='lat' dir='ltr'>utraque</span> <span class='ocrx_word' id='word_1_286' title='bbox 1301 3965 1394 4045; x_wconf 80' lang='lat' dir='ltr'>haec</span> <span class='ocrx_word' id='word_1_287' title='bbox 1429 3971 1504 4047; x_wconf 87' lang='lat' dir='ltr'>sese</span> 
     </span>
     <span class='ocr_line' id='line_1_33' title="bbox 278 4056 1507 4160; baseline 0.003 -23"><span class='ocrx_word' id='word_1_288' title='bbox 278 4064 385 4139; x_wconf 85' lang='lat' dir='ltr'>habet</span> <span class='ocrx_word' id='word_1_289' title='bbox 403 4057 500 4131; x_wconf 89' lang='lat' dir='ltr'>nnio.</span> <span class='ocrx_word' id='word_1_290' title='bbox 550 4056 610 4129; x_wconf 90' lang='lat' dir='ltr'>Ne</span> <span class='ocrx_word' id='word_1_291' title='bbox 627 4056 703 4151; x_wconf 89' lang='lat' dir='ltr'>quis</span> <span class='ocrx_word' id='word_1_292' title='bbox 720 4078 836 4132; x_wconf 86' lang='lat' dir='ltr'>autem</span> <span class='ocrx_word' id='word_1_293' title='bbox 855 4086 902 4156; x_wconf 92' lang='lat' dir='ltr'>op</span> <span class='ocrx_word' id='word_1_294' title='bbox 930 4081 1033 4150; x_wconf 91' lang='lat' dir='ltr'>onat,</span> <span class='ocrx_word' id='word_1_295' title='bbox 1059 4063 1211 4160; x_wconf 88' lang='lat' dir='ltr'>eousque</span> <span class='ocrx_word' id='word_1_296' title='bbox 1229 4087 1300 4137; x_wconf 89' lang='lat' dir='ltr'>non</span> <span class='ocrx_word' id='word_1_297' title='bbox 1317 4064 1389 4140; x_wconf 83' lang='lat' dir='ltr'>effe</span> <span class='ocrx_word' id='word_1_298' title='bbox 1409 4089 1507 4142; x_wconf 85' lang='lat' dir='ltr'>com-</span> 
     </span>
     <span class='ocr_line' id='line_1_34' title="bbox 272 4087 1507 4260; baseline 0.007 -30"><span class='ocrx_word' id='word_1_299' title='bbox 272 4155 497 4258; x_wconf 88' lang='lat' dir='ltr'>parationem</span> <span class='ocrx_word' id='word_1_300' title='bbox 522 4153 798 4242; x_wconf 82' lang='lat' dir='ltr'>extendendam,</span> <span class='ocrx_word' id='word_1_301' title='bbox 824 4156 854 4227; x_wconf 91' lang='lat' dir='ltr'>is</span> <span class='ocrx_word' id='word_1_302' title='bbox 878 4087 928 4229; x_wconf 73' lang='lat' dir='ltr'>ad</span> <span class='ocrx_word' id='word_1_303' title='bbox 944 4158 1097 4231; x_wconf 87' lang='lat' dir='ltr'>animum</span> <span class='ocrx_word' id='word_1_304' title='bbox 1122 4180 1289 4250; x_wconf 84' lang='lat' dir='ltr'>revocet,</span> <span class='ocrx_word' id='word_1_305' title='bbox 1324 4183 1507 4260; x_wconf 77' lang='lat' dir='ltr'>compara·</span> 
     </span>
     <span class='ocr_line' id='line_1_35' title="bbox 278 4246 1504 4350; baseline 0.003 -23"><span class='ocrx_word' id='word_1_306' title='bbox 278 4255 415 4327; x_wconf 86' lang='lat' dir='ltr'>tionem</span> <span class='ocrx_word' id='word_1_307' title='bbox 440 4246 649 4346; x_wconf 90' lang='lat' dir='ltr'>ceteroquin</span> <span class='ocrx_word' id='word_1_308' title='bbox 683 4246 760 4321; x_wconf 89' lang='lat' dir='ltr'>fieri</span> <span class='ocrx_word' id='word_1_309' title='bbox 795 4247 953 4346; x_wconf 86' lang='lat' dir='ltr'>ineptam</span> <span class='ocrx_word' id='word_1_310' title='bbox 986 4271 1023 4325; x_wconf 90' lang='lat' dir='ltr'>et</span> <span class='ocrx_word' id='word_1_311' title='bbox 1061 4252 1367 4350; x_wconf 79' lang='lat' dir='ltr'>impertinentem,</span> <span class='ocrx_word' id='word_1_312' title='bbox 1421 4282 1504 4331; x_wconf 88' lang='lat' dir='ltr'>cum</span> 
     </span>
    </p>
   </div>
   <div class='ocr_carea' id='block_1_3' title="bbox 275 4345 1514 4466">
    <p class='ocr_par' dir='ltr' id='par_1_5' title="bbox 275 4345 1514 4466">
     <span class='ocr_line' id='line_1_36' title="bbox 275 4345 1514 4466; baseline -0.003 -36"><span class='ocrx_word' id='word_1_313' title='bbox 275 4346 317 4430; x_wconf 81' lang='lat' dir='ltr'>in</span> <span class='ocrx_word' id='word_1_314' title='bbox 341 4347 474 4428; x_wconf 88' lang='lat' dir='ltr'>unione</span> <span class='ocrx_word' id='word_1_315' title='bbox 494 4367 574 4426; x_wconf 87' lang='lat' dir='ltr'>cum</span> <span class='ocrx_word' id='word_1_316' title='bbox 600 4345 721 4436; x_wconf 72' lang='lat' dir='ltr'>verbo,</span> <span class='ocrx_word' id='word_1_317' title='bbox 761 4364 883 4425; x_wconf 81' lang='lat' dir='ltr'>natura</span> <span class='ocrx_word' id='word_1_318' title='bbox 913 4345 1052 4440; x_wconf 82' lang='lat' dir='ltr'>divina,</span> <span class='ocrx_word' id='word_1_319' title='bbox 1089 4351 1180 4428; x_wconf 84' lang='lat' dir='ltr'>ratio</span> <span class='ocrx_word' id='word_1_320' title='bbox 1211 4352 1514 4466; x_wconf 71' lang='lat' dir='ltr'>denominationis</span> 
     </span>
    </p>
   </div>
   <div class='ocr_carea' id='block_1_4' title="bbox 1374 4467 1512 4494">
    <p class='ocr_par' dir='ltr' id='par_1_6' title="bbox 1374 4467 1512 4494">
     <span class='ocr_line' id='line_1_37' title="bbox 1374 4467 1512 4494; baseline 0 0"><span class='ocrx_word' id='word_1_321' title='bbox 1374 4467 1512 4494; x_wconf 62' lang='lat' dir='ltr'>sammua</span> 
     </span>
    </p>
   </div>
   <div class='ocr_carea' id='block_1_5' title="bbox 0 0 1810 5500">
    <p class='ocr_par' dir='ltr' id='par_1_7' title="bbox 0 0 1810 5500">
     <span class='ocr_line' id='line_1_38' title="bbox 0 0 1810 5500; baseline 0 12"><span class='ocrx_word' id='word_1_322' title='bbox 0 0 1810 5500; x_wconf 95' lang='lat' dir='ltr'> </span> 
     </span>
    </p>
   </div>
  </div>
 </body>
</html>
