3609 5500
702 892 707 901 '
778 890 782 899 ’
824 889 937 976 necui.
968 891 1027 969 rt·
1249 834 1251 838 ·
1458 853 1534 994 'itt

276 1093 542 1183 praeparatur:
576 1091 614 1152 ur
637 1081 746 1153 riuum
772 1079 967 1177 curn'aqua,
993 1073 1101 1163 dicit,
1134 1071 1183 1146 ita
1200 1071 1343 1172 spiritus
1371 1100 1451 1154 cum
1472 1080 1527 1152 lu·

294 1183 384 1254 rnirrr
417 1175 774 1265 misceturrrurlirs,
811 1177 897 1249 sicut
932 1172 1020 1251 πότος
1042 1180 1094 1243 iai
1116 1169 1206 1264 λέγοι
1234 1189 1327 1264 porus
1362 1191 1393 1248 er
1414 1175 1523 1271 sermo

299 1276 420 1349 secum
445 1269 736 1357 commiscentur,
771 1274 819 1344 ita
846 1291 884 1343 et
911 1270 1019 1343 homo
1043 1270 1083 1339 fit
1117 1275 1197 1343 Seni
1220 1266 1346 1363 agripii,
1389 1273 1554 1367 quippe·

294 1370 361 1467 qui
377 1365 504 1463 spiriru
529 1380 560 1433 er
576 1369 953 1461 rerbosontrmperarttr.
1004 1362 1188 1459 Denique,
1217 1388 1296 1437 cum
1321 1366 1523 1458 sanguinem

296 1462 432 1540 Christi
456 1460 608 1534 bibimus
631 1461 669 1531 in
696 1462 917 1548 eucharistia,
938 1461 1113 1557 spirituali
1126 1460 1291 1556 sanguine
1315 1464 1522 1553 inungimur,

289 1561 336 1635 h.
361 1581 394 1631 e.
419 1557 559 1628 interne
589 1555 775 1647 illinimur‚
818 1577 984 1653 quatenus
1007 1564 1176 1655 χρίσματος
1206 1558 1366 1628 unctionis·
1380 1556 1523 1652 spiritur

293 1653 495 1755 participes
520 1648 709 1725 evadimus.
760 1654 988 1743 Rationum,
1015 1658 1121 1728 nimis
1145 1654 1281 1741 subtili,
1306 1655 1524 1747 aliquatenus

298 1747 487 1847 exposito,
520 1766 744 1839 argumenta,
771 1750 811 1822 ad
840 1749 990 1821 nostram
1010 1752 1053 1823 de
1078 1770 1199 1821 mente
1216 1749 1355 1819 Parrum
1382 1748 1524 1842 opinio·

298 1870 385 1923 nem
423 1840 753 1931 demonstrandam,
805 1845 924 1939 paucis
958 1848 1145 1917 exhibebo.
1206 1866 1238 1915 r.
1272 1844 1524 1920 Eucharistiam

299 1965 383 2016 cum
406 1938 556 2032 adpellit
579 1946 679 2032 agarai
704 1948 778 2012 riri
802 1970 834 2012 n
860 1951 911 2012 rai
932 1943 1011 2033 nipe
1036 1944 1213 2011 mixturam
1233 1953 1328 2029 porus
1353 1957 1389 2010 et
1406 1945 1522 2029 rarii,-

270 2091 272 2096 .
296 2037 445 2111 divinae
472 2050 614 2104 naturae
641 2036 769 2107 Christi
799 2058 879 2108 cum
906 2038 991 2109 vino
1017 2057 1054 2108 et
1079 2059 1164 2129 aqua
1200 2034 1430 2121 commixtio,
1464 2039 1524 2109 seu
1591 2100 1593 2106 ,

297 2132 399 2206 areta
424 2126 528 2214 unio,
570 2127 707 2201 necelie
737 2130 788 2203 est
818 2132 1033 2206 admittatur.
1087 2154 1119 2204 2.
1144 2131 1262 2202 Vtrum
1290 2130 1425 2204 'dicitur
1448 2132 1523 2206 san·

299 2229 383 2326 guis
399 2220 526 2299 Christi
545 2215 752 2316 spiritualis,
779 2250 848 2321 quo
871 2228 1077 2323 inungimur
1103 2228 1219 2312 intus,
1247 2244 1284 2297 et
1309 2228 1346 2297 in
1373 2230 1523 2323 quovit
1590 2302 1594 2308 ,

301 2345 347 2399 ac
369 2320 480 2397 virtus
502 2315 581 2413 nipe
605 2323 695 2392 arrii
720 2320 885 2394 conlistit.
939 2325 1060 2411 Unde,
1087 2323 1160 2392 vim
1185 2321 1285 2392 verbi
1309 2320 1378 2393 effe
1405 2323 1441 2392 in
1468 2323 1522 2395 vi·
1611 2405 1612 2408 Ἴ

299 2440 371 2508 no,
390 2436 644 2514 propterquam
663 2416 784 2488 vinum
801 2416 852 2489 est
868 2418 1005 2512 sanguis
1022 2416 1169 2501 Christi,
1189 2415 1364 2488 elucescit.
1408 2441 1440 2510 3.
1464 2417 1523 2490 Bi·

295 2516 387 2592 bere
419 2510 621 2605 sanguinem
655 2510 781 2583 Christi
814 2516 852 2585 in
888 2511 1094 2595 eucharistia
1125 2508 1176 2583 est
1204 2510 1415 2605 participare
1447 2514 1521 2609 ejus

298 2607 697 2700 incorruptibilitatem,
732 2632 819 2701 quae
847 2606 898 2679 est
926 2628 1069 2680 aeterna
1093 2606 1241 2679 Domini
1268 2608 1399 2696 uirtus3
1432 2633 1521 2705 quae

293 2711 385 2780 ‘cum
408 2700 496 2777 vino
521 2699 638 2798 itaque
673 2702 858 2799 conjuncla
889 2700 950 2777 est.
1001 2708 1165 2777 Ceterum
1200 2702 1356 2777 conferri
1381 2728 1521 2802 quoque

287 2817 502 2887 ¹tuerentur,
531 2821 618 2891 quae
644 2797 690 2871 ib.
715 2797 736 2869 l.
764 2802 791 2873 Ι.
817 2821 847 2872 c.
874 2805 907 2871 ό.
933 2799 1116 2872 habentur.
1206 2801 1544 2878 uodauteml.11..

293 2918 334 2972 ·e.
364 2918 397 2969 a.
431 2918 466 2989 p.
497 2900 575 2971 186.
598 2891 779 2988 firmorum
810 2894 969 2965 adfirmat
992 2897 1159 2988 allegorice
1193 2895 1357 2988 adpellari
1386 2899 1517 2985 virtum,

304 2988 421 3066 officit
444 2988 586 3083 quidem
619 2987 1015 3077 'sransubstantiationi,
1057 2990 1114 3060 sed
1146 3010 1218 3059 non
1250 2987 1386 3059 nostrae
1411 2988 1519 3065 thesi:

302 3086 331 3161 si
354 3083 451 3161 enirn
474 3107 558 3156 vera
581 3079 622 3154 stt
638 3082 765 3172 Icilio,
797 3107 860 3178 per
883 3082 976 3176 λόγον
996 3081 1176 3177 sermonem
1212 3081 1421 3178 intelligitur
1446 3085 1521 3180 ejus

303 3180 464 3277 sanguim
489 3201 569 3250 cum
594 3179 637 3250 de
657 3182 749 3253 turbo
774 3200 839 3273 pro
866 3181 968 3251 nobis
990 3176 1092 3274 effuso
1115 3180 1273 3272 loquatur
1288 3179 1331 3249 ad·
1352 3177 1522 3253 remillio·

304 3300 391 3353 netu
448 3293 677 3363 eccatorum,
724 3272 845 3347 vinum
883 3275 1069 3372 allegorice
1101 3272 1272 3366 significat
1301 3271 1521 3369 sanguinem,

302 3373 410 3449 sede
465 3368 602 3463 sanguis
627 3367 755 3442 Christi
787 3369 972 3466 mysticus,
1012 3371 1070 3443 seu
1105 3391 1184 3443 cum
1205 3366 1353 3464 sermone
1382 3373 1520 3463 unitus3

299 3488 344 3545 ut
366 3466 474 3540 modo
499 3465 632 3538 notavi.
684 3466 821 3537 Verum
838 3465 945 3539 leitio
962 3465 1050 3538 mihi
1070 3464 1121 3538 est
1147 3463 1319 3559 rispetti,
1352 3489 1418 3540 nec
1443 3489 1520 3545 tex·

303 3562 361 3639 tui
386 3561 523 3657 optime
549 3560 756 3655 respondet,
787 3559 915 3634 rectius
948 3563 1053 3657 longe
1076 3584 1140 3655 pro
1163 3561 1209 3632 riv
1232 3557 1322 3655 λέγον
1344 3562 1520 3657 legeretur

297 3661 332 3733 'li
353 3663 452 3753 ilipa,
477 3655 510 3729 ri
533 3663 604 3751 περί
625 3665 744 3729 πολλῶν
767 3657 938 3751 ingilgerio
951 3657 1093 3752 sanguis
1113 3677 1172 3750 pro
1195 3661 1305 3730 mulrir
1327 3657 1464 3752 effusus.

297 3785 308 3804 ·
356 3753 388 3852 h.
411 3753 518 3826 CXX.
550 3753 607 3824 Ad
635 3752 889 3827 Tertullianum
921 3752 1106 3837 festinans,
1148 3754 1258 3823 verbo
1292 3770 1424 3823 tantum
1457 3753 1522 3827 adi

301 3849 440 3943 cingam
466 3846 671 3935 Theodoti,
696 3848 781 3921 licet
809 3847 986 3935 Gnostici,
1012 3849 1127 3919 locum
1152 3846 1190 3917 in
1208 3848 1394 3940 Excerptis
1409 3850 1518 3927 Clem.

299 3945 409 4030 Alex.
456 4000 463 4017 .
491 3951 547 4022 82.
574 3942 740 4029 obvium,
773 3959 810 4015 et
837 3942 873 4014 in
900 3966 974 4015 rem
999 3939 1148 4014 nostram
1173 3939 1366 4037 egregium.
1416 3947 1517 4019 Pania

294 4041 354 4119 rbi
378 4023 506 4112 ‹ilcrtur
528 4035 756 4134 saniiifirari,
783 4039 840 4110 vel
867 4037 1082 4124 consecrari,
1142 4058 1179 4107 er
1204 4042 1357 4112 virtutem
1381 4044 1518 4113 norrrinis

302 4133 454 4238 (Christi
480 4135 542 4229 qui
565 4135 666 4230 super
689 4132 897 4207 eucharistia
927 4059 1139 4229 invocaturi
1168 4157 1223 4205 trec
1246 4135 1384 4225 arnpliur
1409 4159 1517 4206 manr-

270 4230 441 4327 ‘rrqnod
465 4243 657 4319 orirerur,
688 4228 747 4303 sed
773 4233 892 4303 virtute
918 4233 976 4301 illa
1002 4228 1215 4323 transmutari
1239 4225 1518 4400 ffrracrcnirbru

300 4322 463 4420 converri)
487 4328 520 4394 in
545 4331 697 4403 uirtutem
710 4322 930 4425 spiritualem.
978 4327 1083 4399 Unde
1109 4323 1238 4411 nranife
1271 4348 1328 4403 um
1351 4325 1421 4413 est,
1440 4330 1519 4398 uir·
1639 4392 1643 4399 .

287 4442 320 4473 ·-
358 4421 448 4498 Tou.
472 4420 546 4500 III.
884 4421 976 4518 Ppp
1409 4437 1522 4510 tutem
1583 4518 1595 4541 ΙΙ
