3609 5500
714 957 750 966 ··
798 865 1024 1012 orans·
1121 922 1132 936 ·
1437 902 1537 1031 ω’

284 1128 362 1188 tus:
384 1107 536 1189 Psalmos
559 1134 720 1214 quoque,
754 1113 793 1189 in
817 1114 947 1190 Christi
974 1115 1149 1190 honorem
1174 1115 1256 1192 cani
1282 1113 1422 1209 solitos,
1446 1109 1509 1192 abi

283 1231 487 1305 rogaverit,
513 1230 550 1284 ct
568 1216 654 1287 ahos
679 1211 716 1285 in
744 1212 794 1285 sui
821 1215 997 1285 honorem
1022 1212 1278 1304 introduxerit,
1304 1216 1348 1288 de
1371 1215 1407 1289 se
1431 1211 1505 1290 dici

284 1307 416 1405 purius,
449 1310 491 1407 se
518 1309 578 1405 effe
606 1312 767 1403 Angelum
793 1312 876 1380 coelo
904 1306 1070 1403 delapsum
1095 1329 1163 1383 etc.
1216 1310 1403 1407 Denique,
1438 1333 1508 1388 una

285 1405 420 1478 dimiss'u
437 1431 567 1498 uxore,
593 1407 675 1478 duas
698 1408 814 1480 secum
833 1404 964 1481 duritie
982 1406 1253 1503 pulcherrimas,
1278 1406 1415 1482 deliciis
1437 1405 1507 1478 dif-

285 1500 445 1592 fluxisse,
488 1501 661 1598 crepulis
690 1501 943 1599 ingurgitass'e,
983 1521 1052 1576 etc.
1087 1504 1245 1580 traditur.
1298 1505 1390 1576 Tam
1422 1500 1508 1600 atris

285 1597 373 1688 iicet
390 1605 529 1671 autores
546 1598 723 1695 aequales,
748 1621 784 1671 et
801 1600 969 1694 synodum
986 1616 1131 1696 agentes
1147 1597 1399 1688 Christianam,
1426 1613 1509 1680 eum

287 1694 484 1792 deping'ant
519 1694 715 1783 coloribus,
755 1694 860 1767 fidem
896 1713 1015 1770 tamen
1050 1716 1176 1770 vereor
1215 1716 1256 1771 ut
1286 1714 1509 1796 mereantur,

287 1797 424 1889 quippe
447 1794 605 1864 acerrimi
631 1792 705 1887 ejus
728 1790 936 1881 adversarii,
960 1813 999 1865 et
1024 1792 1164 1887 professi
1189 1793 1306 1868 hostes
1316 1818 1331 1868 τ·
1351 1792 1507 1868 maxime
1555 1821 1557 1826 ·

288 1891 368 1961 c'utn
387 1891 501 1961 Patres
516 1887 628 1961 nimio
647 1887 882 1961 orthodoxiae
904 1888 983 1960 suae
999 1884 1114 1961 studio
1130 1887 1359 1981 inflammati,
1383 1889 1441 1965 vei
1458 1891 1521 1965 le-.

287 1984 441 2074 vissirn'os
458 1985 501 2058 de
518 1982 706 2059 haereticis
722 2007 879 2056 rumores
890 2003 1032 2081 captare
1046 1983 1180 2058 fuerint
1199 1986 1311 2061 soliti:
1333 1983 1512 2080 utinemi·
1537 2036 1547 2054 .

290 2081 355 2170 ni,
379 2081 418 2155 i'u
434 2079 577 2154 historia
602 2103 674 2153 non
691 2079 844 2175 hospiti,
869 2103 943 2153 non
968 2103 1012 2152 ex
1030 2081 1149 2154 multis
1173 2085 1345 2179 exemplis
1360 2073 1511 2160 constat'.

340 2177 372 2275 h.
399 2177 513 2253 XCV.
546 2178 630 2251 Nec
652 2176 796 2266 desunt,
824 2199 911 2271 quae
931 2177 1105 2271 judicium
1132 2177 1287 2254 nostrum
1311 2180 1349 2252 in
1373 2176 1513 2274 suspen·-

291 2275 330 2352 so
359 2294 483 2347 tenent
507 2270 545 2345 in
569 2274 640 2345 hoc
664 2272 741 2367 ipso
765 2273 866 2361 casu,
898 2293 1115 2370 argumenta.
1170 2299 1202 2352 1.
1226 2276 1293 2374 Iph
1316 2276 1366 2350 illi
1391 2278 1513 2349 Patres

290 2370 441 2445 candide
458 2370 634 2461 fatentur,
661 2369 696 2441 se
714 2390 781 2441 nec
803 2392 950 2444 examen
966 2368 1166 2461 instituere,
1193 2393 1258 2445 nec
1279 2371 1451 2469 judicium
1468 2370 1516 2445 de

290 2466 447 2543 veritate
471 2464 597 2539 horum
624 2464 808 2538 criminum
833 2463 947 2556 ferre,
981 2464 1140 2540 votuisse.
1189 2467 1249 2542 Sic
1276 2470 1372 2542 enim
1399 2491 1516 2561 narra·

293 2566 431 2646 tionem
457 2561 501 2634 de
521 2564 625 2637 Paulo
648 2561 847 2657 incipiunt;
866 2560 927 2653 sed
941 2566 1036 2657 quia,
1062 2589 1084 2636 a
1103 2562 1186 2657 fidei
1204 2565 1317 2661 regula
1340 2557 1513 2660 recedens,

286 2663 336 2737 od
348 2658 466 2755 s'puria
492 2676 524 2732 er
541 2661 728 2734 adulterina
753 2660 906 2752 dogmata
926 2658 968 2754 se
991 2659 1180 2751 nonanus,
1205 2664 1361 2753 hominis,
1387 2666 1430 2736 ab
1448 2662 1516 2757 Er·

290 2757 391 2852 alesta
414 2758 536 2846 alieni,
577 2761 666 2828 auus
700 2759 888 2826 examinare
913 2755 996 2827 nilsil
1024 2759 1149 2830 adtinet
1157 2784 1172 2847 ,·
1214 2762 1342 2835 eodem
1374 2780 1517 2858 quoque

290 2846 401 2935 'modo
431 2851 667 2926 narrationem
689 2851 863 2926 claudunt
917 2852 1005 2924 Cum
1030 2851 1145 2951 itaque
1170 2878 1318 2932 examen
1343 2880 1415 2932 non
1440 2857 1519 2931 fue·

288 2954 338 3035 rit
362 2952 408 3024 de
432 2949 509 3046 ipso
538 2948 755 3040 institutum,
781 2970 849 3020 nec
871 2946 1045 3042 judicium
1069 2952 1261 3046 prolatum,
1285 2955 1443 3050 adeoque
1461 2951 1518 3047 ip·

289 3052 330 3133 se
355 3068 423 3122 nec
448 3045 624 3121 accusatu-s
647 3069 716 3120 nec
747 3041 952 3135 convietus,
994 3065 1113 3119 manet
1138 3048 1261 3146 utique
1288 3049 1326 3123 in
1350 3049 1491 3122 incerto
1504 3060 1522 3141 ,'

292 3170 381 3229 num
405 3168 450 3220 ex
468 3144 695 3231 rumoribus,
712 3160 772 3215 aut
788 3141 875 3213 male
892 3140 1046 3216 fundatis
1063 3144 1349 3232 narratiunculis,
1376 3168 1419 3216 an
1439 3166 1518 3219 cer·

293 3245 349 3323 tis.
367 3240 654 3339 probationibus,
693 3262 734 3312 ea
761 3237 901 3332 inpacta
928 3237 1062 3312 fuerint
1088 3242 1203 3316 Paulo.
1263 3265 1296 3317 a.
1323 3238 1421 3316 Cum'
1446 3238 1520 3337 ipse

293 3332 481 3449 inpriore
515 3336 650 3435 synodo
676 3334 939 3425 Antiochena,
968 3337 1147 3412 erroribus
1172 3337 1236 3434 ipss
1263 3335 1433 3436 inputatis
1456 3360 1520 3431 ne·

265 3494 268 3499 -
294 3458 411 3538 gaus,
441 3435 550 3508 fuerit
572 3430 767 3523 absolutus,
792 3450 831 3506 ut
856 3434 976 3507 Patres
1001 3432 1065 3531 ipsr
1091 3454 1254 3524 narrant,
1280 3455 1319 3510 et
1346 3434 1522 3510 Theodo-

295 3554 366 3613 1et.
393 3535 527 3608 haeret
560 3530 666 3606 fabul.
704 3531 752 3604 11:
779 3538 812 3610 8.
836 3529 991 3622 adserat,
1021 3555 1083 3605 eos
1116 3533 1289 3607 Dominum
1310 3528 1368 3629 pru
1395 3557 1523 3608 concor·
1585 3542 1590 3552 '

296 3634 355 3708 dia
381 3630 571 3729 laudantes,
595 3630 719 3703 domum
741 3624 890 3723 ridisffe3
915 3627 974 3703 cui
998 3627 1125 3703 mirum
1154 3653 1226 3703 non
1250 3631 1407 3719 accidat,
1439 3653 1523 3705 euru

298 3724 459 3805 tunc‘ob
486 3729 634 3802 crimina
658 3748 732 3799 non
763 3721 1108 3813 terruannorum,
1147 3726 1172 3800 st
1200 3727 1244 3799 de
1277 3748 1401 3798 eorum
1424 3726 1521 3815 veri·

297 3824 378 3901 'tate
406 3818 627 3896 constitiffet'.
679 3821 758 3917 Qua
781 3822 888 3895 etiarn
914 3824 1054 3894 ratione
1077 3823 1147 3891 hoc
1170 3821 1338 3894 cohaeret
1355 3843 1435 3893 curn
1455 3818 1520 3918 iis,

302 3939 395 4018 quae
429 3917 536 3999 modo
568 3941 613 3990 ex
642 3916 800 3989 Patribus
832 3916 963 4004 adtuli,
1006 3915 1040 3986 se
1074 3916 1142 3986 ideo
1173 3914 1301 4012 nolnr'ffe
1333 3923 1524 3993 examinare

299 4014 466 4103 crimina,
490 4015 564 4111 quia
580 4013 762 4087 Irarreticur
776 4030 869 4099 erat,
892 4017 936 4085 ab
953 4008 1101 4105 Ecclesta
1116 4011 1273 4110 semotas.
1324 4038 1358 4108 3.
1384 4013 1466 4088 Nec
1481 4015 1523 4090 it·-

297 4116 365 4193 iu'd
382 4108 485 4187 'nihili
509 4109 581 4201 est,
641 4108 710 4183 uod
727 4109 924 4197 Lucienus,
958 4108 1030 4182 Vir
1053 4112 1210 4184 omnium
1235 4106 1403 4186 consensu
1428 4113 1522 4186 sanc·
1592 4140 1603 4165 κ

300 4211 471 4305 ausimne,
497 4210 597 4308 cujus
616 4133 722 4304 iupra
747 4205 915 4295 memini,
941 4206 1034 4278 Pauli
1060 4207 1316 4302 depositionem
1333 4228 1402 4279 tam
1419 4214 1525 4305 aegre

306 4309 453 4393 tulerit,
495 4327 535 4383 ut
558 4329 641 4382 cum
666 4302 778 4407 tribus
800 4303 875 4403 ejus
897 4303 1150 4378 succefforibus
1182 4303 1393 4376 recusaverit
1425 4328 1524 4380 com·

302 4403 515 4489 nunonem
534 4423 717 4510 exergere.
767 4401 807 4479 si
824 4400 922 4579 enilnr
941 4402 992 4573 {ab
1012 4424 1149 4479 errores
1174 4422 1255 4479 eum
1273 4398 1388 4478 minus
1408 4392 1527 4493 recte,
1569 4442 1573 4450 =

311 4548 321 4583 “·
868 4580 875 4591 .
918 4512 1024 4598 “8
1491 4516 1540 4590 Ἀ

1567 4790 1572 4799 .
1622 4614 1652 4830 i
