3609 5500
368 745 371 752 ι

708 989 712 998 .
828 927 937 1011 δοιαὶ.
966 927 1064 1007 lsi'·
1131 914 1145 978 ⁵·
1310 981 1312 985 -
1463 916 1599 1047 *sil*

309 1113 468 1204 dicium,
506 1126 543 1185 et
566 1110 702 1187 nostrae
729 1110 773 1187 de
804 1112 1006 1187 characiere
1028 1109 1166 1209 periodi
1194 1109 1231 1187 in
1256 1111 1299 1188 iis
1321 1138 1394 1192 non
1418 1116 1528 1191 collo·

309 1213 427 1289 cando
466 1210 573 1281 robur
606 1210 724 1298 addit,
764 1211 855 1306 quod
885 1211 1040 1284 Veteres
1071 1230 1140 1281 uuo
1172 1210 1271 1282 velut
1301 1237 1364 1286 ore
1397 1211 1527 1287 cellen⁴

312 1330 393 1397 tur,
416 1302 585 1379 Ecclesiae
611 1304 802 1400 aTrajano
826 1305 868 1378 ad
887 1302 1041 1379 Decium
1067 1305 1172 1402 usque
1197 1306 1329 1402 gavisus
1346 1308 1415 1383 else
1428 1330 1524 1405 pace.

313 1405 430 1505 Quam
455 1402 494 1475 iu
519 1424 595 1474 rem
622 1400 788 1474 notabilia
814 1400 892 1474 sunt
916 1399 1092 1473 ludlantii
1122 1403 1239 1475 More,
1266 1401 1399 1478 Persec.
1425 1428 1456 1478 c.
1492 1429 1527 1499 3.
1669 1479 1674 1488 ,

311 1505 443 1587 verba,
477 1497 602 1593 quibus
625 1497 804 1585 adfirmat,
846 1493 1027 1588 Ecclesium
1046 1493 1119 1593 pust
1145 1498 1413 1589 Domitianum‚;
1433 1498 1532 1597 usque

312 1600 358 1670 ad
372 1595 535 1683 Decium,
560 1594 663 1666 nullos
688 1593 890 1667 inimicorum
916 1596 1043 1687 inpetus
1065 1592 1211 1689 peffiuu,
1237 1618 1355 1692 munus·
1367 1600 1454 1692 suus
1479 1600 1529 1667 iu·

313 1694 484 1767 Orientem
511 1692 775 1783 Occidentemque
798 1689 985 1785 porrexiffe.
1034 1688 1184 1765 Tertull.
1217 1689 1262 1764 de
1296 1714 1419 1767 coron.
1452 1691 1526 1766 mil.

313 1811 348 1864 c.
378 1810 410 1862 2.
434 1786 576 1874 dicens,
618 1781 800 1882 Muffitaut
826 1801 895 1859 tum
919 1791 1033 1858 bunum
1058 1802 1090 1857 et
1113 1787 1241 1880 lengum
1262 1805 1375 1881 pacem
1396 1791 1531 1882 pericli·

315 1886 411 1973 turi,
439 1881 629 1955 Ecclesiam
652 1904 697 1954 eo
720 1880 825 1977 usque
849 1883 891 1955 ad
916 1884 1104 1971 Severum,
1129 1884 1267 1977 quando
1292 1886 1446 1981 scripsit,
1471 1909 1530 1982 ga·
1617 1944 1619 1946 .

316 1977 428 2056 visam
451 1976 543 2066 else,
584 1976 677 2051 haud
702 1978 866 2066 obscure,
899 1976 1045 2053 indicat.
1094 1977 1242 2075 Origen.
1267 2002 1405 2076 quoque
1429 1990 1528 2057 cont.
1662 1993 1669 2007 '

311 2074 406 2153 Cels.
431 2072 542 2147 llll.
568 2097 603 2182 p.
637 2095 719 2147 120.
746 2070 979 2169 persecutionis
1012 2090 1131 2148 metum
1162 2078 1239 2171 jum
1270 2078 1359 2173 longo
1392 2071 1531 2174 tempure

312 2167 465 2269 ceffirffe,
490 2168 614 2242 tradit:
650 2168 735 2242 sicut
759 2188 797 2241 et
826 2170 1018 2267 Cyprianus
1043 2170 1088 2242 de
1112 2170 1232 2267 Laplis
1256 2175 1368 2269 longae
1391 2195 1532 2273 quoque
1613 2250 1616 2256 .

310 2269 411 2369 pacis
428 2283 509 2338 ante
527 2263 679 2339 Decium
705 2263 892 2356 meminit,
917 2265 1014 2339 srmul
1040 2266 1208 2356 innuens,
1233 2270 1426 2344 Decianum
1451 2289 1533 2368 per·
1574 2269 1576 2278 '

315 2360 561 2450 secutionem,
589 2380 750 2468 tanquam
773 2384 848 2433 rem
867 2360 1081 2449 inauditam,
1108 2364 1296 2437 occurriffe
1312 2365 1529 2439 Christianis.

315 2457 448 2538 Refert
470 2479 611 2554 quoque
633 2454 854 2530 Firmilianus
878 2481 934 2553 ep.
960 2456 1002 2531 ad
1030 2455 1193 2551 Cypriam
1221 2458 1314 2531 inter
1345 2461 1531 2557 Cypriani·

312 2579 376 2634 car
393 2574 476 2649 75.,
502 2550 783 2649 persecutionem
809 2576 829 2626 a
857 2552 1061 2627 Maximino
1088 2555 1190 2649 paulo
1212 2574 1296 2628 ante
1312 2556 1532 2651 Decianum,

312 2649 387 2754 poll
410 2653 539 2743 leugam
563 2663 646 2722 retro
672 2651 799 2723 uetutis.
815 2668 931 2743 pacem
959 2665 1084 2745 repente
1108 2653 1251 2723 obortum
1275 2651 1355 2730 elle.

310 2780 316 2791 ·
349 2745 398 2846 ’ᾗ
423 2745 552 2822 ccvi.
584 2768 616 2820 2.
640 2744 814 2835 Accedit,
836 2746 954 2819 nullos·
968 2745 1142 2819 recenseri
1169 2748 1414 2845 persedrtores
1436 2752 1532 2828 inter

315 2846 548 2942 lnpemtores
573 2843 782 2928 Romanos,
822 2859 966 2936 praeter
988 2841 1186 2916 Neronem¹
1207 2864 1244 2918 et
1266 2847 1535 2942 Domitianum,

315 2963 385 3038 per
411 2958 521 3013 totam
546 2937 638 3012 hanc
663 2937 861 3034 periodum.
913 2935 1071 3010 [ailant.
1104 2938 1126 3010 l.
1161 2963 1192 3012 c.
1226 2939 1308 3035 ipsis
1333 2943 1450 3015 verbis
1476 2945 1536 3017 ad·

315 3034 426 3126 serit,
443 3035 579 3110 dicens:
597 3033 725 3129 secutis
748 3033 964 3125 tenporibus,
992 3030 1125 3104 scilicet
1140 3057 1160 3105 a
1175 3036 1384 3106 Domitiano
1402 3037 1443 3111 ad
1461 3040 1535 3108 Dc·

318 3130 441 3220 cium,
478 3132 591 3227 quidue
616 3130 710 3204 multi
732 3155 772 3204 ue
800 3130 873 3201 loni
893 3131 1056 3223 principes
1083 3126 1225 3200 Romani
1253 3129 1377 3224 Inperil
1405 3133 1533 3209 elutum
1623 3145 1625 3148 ’

319 3229 523 3324 regimenque
557 3239 754 3315 tenuerunt,
794 3224 897 3298 nullus
929 3226 1124 3296 inimicorum
1158 3229 1283 3318 inpetus
1311 3224 1437 3322 puffum
1467 3225 1556 3305 else
1588 3263 1591 3270 ·

314 3320 521 3409 Ecclessam.
549 3323 611 3395 Sic
625 3341 661 3395 et
679 3321 825 3396 Tertull.
850 3319 888 3391 in
904 3318 1056 3429 Apolog.
1082 3341 1114 3396 c.
1132 3341 1165 3410 5.
1191 3339 1370 3411 caeterum,
1398 3323 1538 3422 inquit,

314 3425 360 3497 de
385 3436 430 3494 tet
453 3422 588 3508 exinde,
615 3415 748 3492 scilicet
772 3414 1041 3507 aDomittuno,
1062 3416 1264 3512 primipilus
1280 3420 1323 3493 ud
1337 3419 1542 3517 hodiernum,
1590 3471 1592 3477 ·

319 3539 453 3613 nempe
471 3518 659 3603 Severum,
685 3513 743 3585 sub
768 3537 838 3608 quo
857 3510 1013 3608 scripsit,
1035 3516 1178 3586 diuinum
1201 3515 1432 3614 humanumque
1440 3518 1556 3617 supi.

320 3616 472 3702 entibus,
496 3614 578 3684 edite
595 3613 732 3705 aliquem
750 3610 973 3684 debellatorem
989 3608 1258 3708 Christianorum,
1285 3612 1343 3687 seu
1360 3619 1539 3710 publicum

287 3708 291 3713 ’
323 3708 597 3806 persecutorem.
632 3708 765 3781 Omnes
788 3706 906 3802 itaque
929 3704 1133 3780 intermedii
1158 3710 1381 3802 luperatores
1404 3715 1446 3784 ab
1472 3714 1540 3786 hac

326 3803 461 3880 macula
487 3804 683 3877 luculenter
703 3825 769 3897 pur
819 3823 918 3889 ntur,
961 3820 999 3875 et
1024 3803 1136 3896 vulgo
1166 3801 1214 3873 src
1237 3803 1353 3875 diuae
1377 3802 1538 3897 persecu·

273 3970 276 3976 .
327 3898 664 3974 tionetresutanrur.
715 3920 747 3992 3.
813 3894 974 3969 audlere
1042 3897 1128 3969 udus
1142 3895 1258 3981 addit,
1284 3897 1375 3994 quud
1393 3899 1543 4000 rescrip-

273 4024 283 4046 ‘-
323 4016 365 4073 ta
387 4015 626 4071 memorentur
651 3996 894 4088 imperatorum
923 3989 961 4063 in
1020 4012 1142 4064 vorem
1168 3990 1462 4088 Christianorum,
1488 4000 1547 4095 ip·

282 4148 293 4157 .
324 4095 447 4170 sorum
469 4115 614 4179 eorum,
641 4089 700 4185 qui
725 4088 762 4161 in
787 4085 1050 4161 Persecutorum·
1073 4089 1234 4185 catalogo
1259 4089 1374 4163 locum
1400 4113 1543 4183 renent,

323 4190 382 4265 uti
410 4186 557 4282 Traiani
581 4186 673 4283 apud
690 4183 776 4258 Plin.
799 4188 823 4259 l.
849 4205 881 4256 c.
910 4181 1080 4258 Hadriani
1101 4186 1193 4280 apud
1208 4185 1285 4257 Eul.
1315 4187 1362 4259 H.
1389 4189 1455 4261 lV:
1485 4196 1557 4265 ud·

322 4306 366 4361 et
394 4283 431 4357 in
459 4283 591 4356 Clrron.
618 4279 792 4355 Antonini
819 4279 876 4353 Pii
897 4279 988 4374 apud
1022 4281 1173 4354 eundem
1204 4283 1254 4354 H.
1289 4283 1356 4353 IV:
1394 4307 1449 4374 13.
1487 4293 1544 4361 26.

318 4378 450 4463 Marci
478 4376 617 4455 Aurelii
643 4376 749 4456 ib.·c.
777 4399 832 4472 ¹3·
883 4373 1031 4448 Restant
1051 4377 1219 4452 ¹Severus
1252 4394 1292 4446 er
1311 4376 1552 4480 Maxumum,

520 4580 522 4585 ι
860 4467 1036 4568 Dddd3
1491 4476 1557 4573 sed
1633 4522 1674 4834 1
