3609 5500
295 955 348 1051 70
687 953 834 1057 [Asteria
855 951 985 1057 Eccles.
1009 951 1126 1057 cauli.

298 1149 421 1233 patet,
443 1130 569 1302 quibus
593 1130 744 1226 divites,
775 1159 818 1210 ac
842 1137 999 1212 Herodis
1025 1138 1084 1209 M.
1110 1128 1263 1232 posteri,
1292 1147 1393 1205 erant
1416 1128 1516 1207 adso·

299 1230 396 1304 ciati.
480 1228 644 1326 espondit
676 1230 854 1321 Cluistus,
898 1234 1016 1328 petito
1049 1250 1087 1303 et
1110 1229 1187 1304 viso
1208 1249 1352 1302 nummo
1379 1227 1516 1324 ceaster,

298 1324 358 1422 qui
385 1324 538 1398 Caesaris
560 1324 711 1399 habebat
735 1328 927 1425 imaginem
952 1327 1177 1423 insculptam,
1211 1322 1343 1420 Caesari
1364 1320 1434 1396 effe
1459 1323 1516 1420 su?

295 1443 355 1495 urn
375 1420 424 1493 'us
440 1418 724 1515 relinquendum,
747 1422 928 1520 adeoque,
952 1447 1056 1513 curn,
1079 1421 1156 1518 ipso
1179 1421 1247 1493 illo
1262 1440 1410 1492 nummo
1433 1418 1510 1512 ufi,

288 1443 547 1615 ‘prodterentur
566 1516 709 1612 Judaei,
732 1518 789 1613 jus
812 1539 977 1593 monetae
1004 1516 1185 1591 cudendae
1212 1513 1282 1589 elle
1296 1534 1406 1611 penes
1424 1511 1515 1589 Caess

294 1615 427 1702 sarem,
451 1610 546 1684 etse
570 1611 705 1685 Caesari
719 1612 801 1686 'effe
826 1613 1021 1710 subjetios‚
1046 1613 1133 1686 licut
1156 1630 1317 1708 tempore
1341 1607 1512 1687 Archelai

294 1725 399 1782 antea
421 1706 700 1797 declaraveram,
726 1726 764 1780 et
790 1731 884 1784 nunt
909 1733 1049 1805 quoque
1068 1709 1250 1796 dixerunt,
1275 1704 1310 1778 se
1331 1705 1431 1779 altam
1449 1729 1515 1782 nott

294 1804 414 1877 labere
437 1826 564 1897 regem,
596 1829 639 1877 ac
666 1801 856 1900 Caesarem,
889 1805 925 1878 se
951 1807 1035 1878 tales
1057 1825 1180 1903 gerere
1202 1802 1353 1888 debere3
1382 1800 1515 1898 absque

292 1917 334 1974 ut
368 1896 405 1969 in
439 1896 558 1970 secie
591 1898 637 1973 de
670 1902 775 1974 censu
809 1900 925 1974 dando
964 1920 1120 1976 mentem
1160 1895 1293 1971 direile
1326 1916 1509 1994 exponam

295 1992 382 2067 illud
406 1922 607 2081 indurare,
649 2014 687 2067 et
712 1994 794 2090 ipsis
819 1996 994 2093 reliquille
1018 1991 1319 2079 concludendum,
1360 2009 1510 2101 conten·

291 2106 360 2164 tua.
410 2088 543 2179 Addit,
566 2089 637 2160 Dea
659 2092 797 2165 dandum
823 2094 904 2185 quad
921 2093 988 2166 Dei
1014 2089 1086 2181 est,
1109 2109 1150 2163 ut
1173 2089 1367 2177 indicaret,
1390 2105 1428 2162 et
1454 2112 1510 2188 lp.-

291 2184 334 2257 srs
360 2184 572 2272 inculcaret,
604 2187 760 2258 triburam
773 2185 933 2282 sacrum,
958 2187 1018 2262 seu
1042 2184 1262 2274 didrachma,
1301 2183 1385 2256 Deo
1409 2203 1512 2272 com,-

289 2298 438 2377 petere,
474 2278 525 2351 uti
553 2280 659 2351 civile
685 2281 855 2355 tributum
881 2280 1038 2372 Caesari,
1099 2300 1256 2355 raeterea
1282 2278 1352 2352 Deo
1373 2279 1511 2376 magis,

289 2399 392 2472 quarn
418 2373 551 2448 Caesari
578 2374 835 2466 obediendum,
874 2376 1006 2473 siquid
1032 2306 1198 2475 redgioni
1222 2375 1310 2449 velit
1335 2375 1509 2451 contrari·

286 2492 370 2562 um,
396 2468 548 2566 denique
573 2472 655 2543 Deo
683 2471 832 2566 gloriam
855 2492 895 2546 et
917 2474 1105 2570 gratiarum
1131 2470 1308 2548 astionem
1336 2466 1405 2544 effe
1421 2469 1509 2546 dau·

287 2567 389 2657 dam,
418 2588 483 2660 pro
503 2564 687 2639 beneficiis
706 2568 748 2638 ab
768 2591 812 2640 eo
830 2569 1017 2660 corcellis,
1042 2569 1135 2642 inter
1150 2589 1238 2666 quae
1257 2586 1295 2641 et
1310 2562 1394 2639 illud
1409 2584 1507 2658 erat,

286 2661 384 2832 quod
406 2663 464 2752 se,
485 2725 488 2730 ,
508 2659 618 2734 filium
650 2660 757 2751 Dei,
786 2662 921 2738 miserit
952 2665 994 2740 ad
1027 2662 1140 2763 ipsos,
1179 2686 1284 2773 quem
1308 2662 1506 2759 sperabant.

327 2755 465 2829 ominus
480 2753 598 2852 itaque
616 2757 828 2851 prudenter,
847 2759 944 2837 sunul
962 2759 1117 2850 sincere,
1142 2777 1181 2833 et
1195 2782 1233 2832 in
1251 2782 1347 2849 rem,
1362 2756 1520 2866 respon·-

285 2852 363 2942 dit,
385 2851 475 2953 ¹adeo
499 2870 540 2923 ut
563 2870 600 2924 et
626 2851 691 2946 ipfi
723 2851 857 2927 suerint
879 2854 1019 2947 mirati,
1043 2880 1085 2930 ac
1107 2853 1243 2929 consuli
1266 2849 1504 2944 discell'errut3

285 2950 399 3024 Mart.
424 2945 543 3019 XXll:
569 2968 627 3020 22.
679 2949 867 3038 Ceterum,
895 2954 948 3022 'ut
974 2950 1013 3024 id
1038 2949 1155 3026 obiter
1180 2951 1380 3040 observem,
1420 2970 1503 3024 cum

286 3043 409 3144 postea
441 3038 581 3121 Christo
616 3041 843 3139 objecerint,
882 3066 965 3119 eum
998 3043 1147 3122 vetuill‘e
1180 3043 1314 3141 Caesari
1344 3050 1502 3121 triburam

281 3144 383 3232 dare,
408 3136 452 3211 ad
475 3136 547 3212 hoc
570 3138 772 3236 responsum
789 3161 862 3213 non
887 3142 1135 3238 respexerunt,
1159 3160 1199 3215 ut
1223 3139 1337 3217 videri
1362 3138 1499 3240 pollet,

284 3239 420 3335 quippe
444 3233 539 3308 omni
569 3235 686 3330 specie
714 3256 855 3326 carens,
888 3236 948 3314 sed
973 3239 1018 3314 ad
1043 3234 1172 3314 Christi
1201 3236 1396 3327 sermones,
1423 3233 1500 3333 qui·

283 3335 347 3405 bus
374 3331 444 3402 sese
461 3329 641 3417 Melitam,
666 3330 1047 3420 seuregemlsraelis,
1076 3331 1267 3407 declaravit
1290 3353 1495 3421 externum,

279 3448 331 3499 ex
357 3425 492 3497 eorum?
507 3421 676 3516 opinione
702 3420 805 3511 salsa,
846 3423 938 3498 unde
964 3449 1032 3522 per
1055 3426 1158 3500 conse
1187 3427 1340 3505 ueritiam
1363 3426 1498 3503 deriva·
1524 3489 1534 3505 .

281 3539 387 3609 runt,
430 3515 600 3613 Caesarem
632 3516 750 3612 itaque
781 3540 854 3590 non
881 3519 951 3595 esse
975 3545 1098 3621 regem
1121 3451 1351 3620 Judaeorum,
1392 3521 1501 3598 adeo·

281 3636 485 3787 quedeum,
525 3635 590 3708 per
619 3612 744 3690 tributi
775 3612 1008 3712 solutionem,
1049 3642 1121 3694 non
1155 3619 1226 3695 esse
1249 3647 1318 3718 pro
1349 3617 1409 3695 tali
1432 3619 1496 3695 ha·

307 3735 350 3784 en
376 3734 445 3783 um.

330 3806 361 3906 q.
387 3806 558 3881 LXXIV.
583 3806 664 3903 Ipso
681 3805 740 3880 illo
755 3806 835 3898 die,
863 3829 900 3884 et
917 3811 954 3885 in
975 3810 1151 3910 Templo,
1175 3811 1402 3902 Sadducaeis,
1429 3810 1497 3886 du·'

280 3908 520 3995 biumcontra
535 3901 835 3979 resuscitationem
850 3927 1090 4001 mortuorum,
1107 3933 1209 4005 quarn
1227 3910 1424 4006 negabant,
1448 3930 1498 3985 ex

280 4023 349 4073 una
374 4022 506 4088 uxore,
532 3997 570 4072 vi
597 3999 683 4095 legis
707 4003 896 4092 levitatus,
921 4007 1056 4101 septem
1080 4004 1245 4078 fratribus
1264 4024 1391 4102 nupta,
1417 4026 1495 4077 rno-

279 4093 467 4183 ventibus,
500 4095 706 4190 respondit,
739 4122 800 4170 eos
823 4098 867 4172 de
890 4099 979 4174 statu
1005 4098 1287 4175 resuscitatorum
1314 4102 1423 4191 male,
1456 4116 1495 4174 et

277 4188 486 4274 carnaliter,
507 4191 688 4288 cogitare,
713 4215 794 4265 cum
812 4192 919 4268 instar
934 4195 1173 4288 Angelorum,
1199 4217 1236 4271 et
1254 4197 1396 4271 aliarum
1413 4220 1496 4293 qua·

165 4351 172 4359 .
270 4289 417 4367 litatum
440 4288 647 4387 corporibus
669 4286 810 4378 vestiti,
847 4291 916 4364 fint
943 4288 1075 4380 futuri,
1107 4293 1204 4366 fimul
1225 4293 1414 4367 veritatem
1437 4291 1496 4367 vi·

274 4406 336 4480 tae
360 4386 499 4464 suturae
531 4382 642 4462 totius
663 4383 842 4480 hominis,
869 4409 916 4465 ex
946 4383 1067 4465 animo
1092 4409 1130 4467 ct
1160 4410 1310 4486 corpore
1334 4387 1497 4497 coustan-

260 4536 265 4549 .
1429 4500 1500 4579 trs,
