3609 5500
290 897 361 984 428
680 873 827 972 Historia
852 873 984 973 Eccles.
1012 878 1128 970 Ouili.

289 1065 486 1145 nostrorum
515 1080 557 1131 ac
587 1053 843 1160 cogitationum
874 1077 1015 1153 quoque
1049 1059 1180 1133 notitia
1212 1058 1248 1133 ei
1279 1058 1505 1150 adscribitur,

287 1165 368 1239 etl.
394 1161 460 1233 vt.
509 1152 683 1227 Dominus
708 1151 839 1224 dicitur
862 1153 989 1246 direpte
1009 1161 1154 1249 potentio
1177 1156 1267 1246 Dei,
1309 1178 1348 1230 et
1371 1181 1416 1231 ex
1437 1157 1504 1250 Ap.

287 1263 385 1337 XXI:
412 1264 443 1327 ό.
469 1284 492 1325 a
514 1285 565 1324 ur
589 1283 613 1320 u
632 1252 821 1342 principium
845 1273 883 1321 et
900 1254 1006 1345 jiuis:
1033 1263 1138 1323 ouria
1163 1275 1305 1349 quoque
1323 1274 1386 1349 per
1407 1251 1508 1346 ipsum

285 1358 389 1448 focio.
437 1351 505 1422 Szd
531 1347 668 1421 ilustris
692 1363 743 1416 ert
767 1347 865 1416 locus
896 1355 918 1419 Ι.
947 1348 1032 1420 VH:
1060 1371 1093 1421 2.
1125 1352 1186 1421 ubi
1218 1349 1338 1421 minor
1367 1351 1509 1445 quidem

287 1457 390 1528 Patre
413 1447 645 1542 proponitur,
678 1442 735 1512 scd
762 1440 833 1528 ita,
859 1460 898 1513 ut
923 1442 957 1514 ei
982 1445 1144 1536 proxime
1167 1441 1335 1534 accedat,
1368 1444 1509 1539 ejusque

288 1545 478 1647 participet
504 1539 759 1637 perfectiones,
795 1537 847 1605 uti
871 1536 1208 1631 omnipraesentiae,
1240 1536 1510 1613 omniscientrae

287 1666 380 1729 eto,
404 1658 549 1710 vocatur
566 1655 703 1730 quoque
728 1637 793 1705 zur
818 1644 886 1723 φῦς
910 1647 1043 1724 turpior
1064 1650 1152 1708 totus
1174 1635 1235 1707 lux
1252 1654 1421 1729 patema3
1445 1634 1507 1708 eti·

286 1765 364 1827 am,
390 1736 629 1816 mundicam,
652 1730 779 1821 πιτμυί
802 1744 844 1803 τίς
864 1738 995 1823 ἐνέργεια
1013 1749 1154 1827 patema
1171 1733 1330 1824 quaedam
1344 1738 1505 1824 operatio,

287 1836 347 1910 sed
367 1850 480 1903 totum
506 1829 732 1899 ratiocinium
755 1825 806 1897 ibi
830 1827 900 1921 legi
925 1845 1092 1901 meretur.
1141 1826 1349 1921 Adpellatur
1370 1848 1507 1922 quoque

282 1931 413 2025 proprie
436 1928 537 1995 dicius
561 1924 770 2016 unigenitus,
796 1940 833 1992 et
858 1921 1050 2016 uniuersalis
1076 1920 1209 2018 Regis,
1234 1943 1277 1993 ac
1301 1924 1507 2014 Omnipoten-

288 2031 333 2101 tis
361 2023 474 2096 Patris
496 2021 622 2111 glorior
644 2019 811 2088 character
833 2039 878 2088 ex
907 2018 1000 2091 Heb.
1027 2018 1056 2089 1:
1080 2042 1113 2112 3.
1166 2015 1332 2113 Denique
1371 2018 1411 2089 iu
1445 2019 1505 2091 lib.

286 2126 357 2218 quis
380 2121 465 2190 dives
491 2114 660 2208 juo-etur,
693 2113 786 2183 filius
809 2112 941 2185 dicitur
973 2136 993 2185 a
1014 2114 1115 2185 Patre
1140 2116 1174 2205 ἐξ
1194 2122 1287 2187 uun
1309 2137 1351 2187 tx
1366 2109 1412 2207 se
1444 2110 1508 2211 ipso

308 2231 425 2288 entius.

356 2367 365 2384 .
390 2305 559 2379 LXXVI.
588 2326 622 2377 2.
647 2300 775 2374 Filium
801 2304 844 2375 ab
862 2323 1030 2394 aeterno,
1054 2302 1113 2378 seu
1136 2326 1219 2379 aute
1236 2302 1374 2392 fecula,
1400 2302 1506 2380 exsti·

288 2410 314 2482 ι’
347 2432 389 2493 e,
413 2399 631 2476 disertiffime
655 2399 818 2471 declarat.
869 2400 928 2472 Sic
946 2400 1094 2474 Cohort
1121 2402 1163 2474 ad
1182 2402 1293 2475 Gent.
1318 2423 1355 2494 p.
1383 2422 1419 2491 7.
1432 2399 1509 2495 ser·

287 2531 338 2578 mo
365 2512 392 2574 ir
415 2507 497 2594 ὀρχῇ
520 2503 552 2569 in
572 2497 728 2591 principio
752 2492 901 2568 traditur
923 2492 1101 2589 cxliiu'ffe,
1127 2520 1194 2591 qua
1219 2511 1368 2579 creator,
1407 2514 1446 2568 ut
1469 2514 1509 2570 et

285 2602 413 2672 strom.
447 2601 467 2666 l.
504 2594 570 2664 Vi.
603 2612 640 2664 et
673 2590 757 2662 VH.
791 2592 827 2661 in
853 2589 932 2664 init.
966 2590 1172 2684 existentium
1205 2614 1313 2665 rerum
1338 2589 1425 2686 rimi
1454 2623 1507 2668 ut

282 2692 421 2788 ίπαρχὴ,
460 2696 581 2781 &votor
603 2706 641 2760 et
664 2693 794 2780 ὀναρχος
822 2690 1014 2782 principium
1038 2705 1116 2761 ante
1140 2705 1288 2782 tempus,
1327 2709 1398 2761 nec
1436 2712 1509 2766 non

286 2815 393 2865 rerum
419 2788 625 2880 existentium
646 2789 858 2876 principium:
884 2781 1069 2860 nonenim
1093 2785 1246 2857 absolute
1273 2783 1510 2883 fuiti-1924,

286 2886 421 2986 quippe
439 2905 482 2955 ex
502 2883 601 2953 Patre
626 2899 745 2964 natus,
771 2874 929 2949 sedante
951 2883 1145 2972 principium
1168 2906 1274 2953 rerum
1300 2898 1511 2976 creatarum,

288 3005 393 3084 quare
427 2977 511 3053 ibid.
544 2975 672 3049 dicitur
704 2976 854 3070 γινόμενοι
881 2973 1017 3071 dicimur
1051 2974 1123 3065 fine
1161 2980 1318 3072 principio
1348 2983 1510 3071 genitus,

287 3083 347 3158 vel
373 3075 581 3176 produdus‚
615 3071 707 3168 quod
735 3073 926 3166 exponitur
950 3095 1013 3169 per
1036 3090 1112 3146 onte
1131 3076 1226 3167 jado
1251 3075 1361 3145 rotundi
1375 3073 1512 3167 funda.

287 3194 407 3254 menta.
457 3198 491 3268 3.
525 3168 689 3265 Denique
726 3171 852 3241 Filium
885 3168 1036 3241 credidit
1069 3167 1137 3241 effe
1171 3169 1266 3241 Patri
1302 3168 1511 3246 subordina-

279 3294 387 3360 tum,
430 3293 474 3340 eo
498 3265 722 3353 inferiorem,
764 3287 806 3335 ac
830 3265 873 3336 ab
897 3265 981 3359 Ipso
1000 3262 1275 3358 dependentem:
1311 3265 1408 3357 quod
1430 3269 1510 3362 plu·

287 3392 329 3455 ra¹
351 3368 426 3438 loca
451 3363 543 3435 haud
566 3361 709 3431 obscure
736 3358 904 3431 indicant.
953 3361 994 3428 In
1012 3360 1158 3431 Cohort.
1183 3359 1224 3431 ad
1245 3360 1354 3431 Gent.
1381 3385 1416 3455 p.
1439 3384 1505 3451 92,

290 3483 348 3553 93.
375 3459 497 3546 Pater,
538 3477 558 3526 a
593 3453 682 3524 Filio
706 3450 908 3540 distindius,
942 3452 1071 3526 dicitur
1094 3457 1257 3545 ingenitus
1280 3473 1317 3523 et
1330 3451 1427 3547 solus
1450 3479 1506 3528 ue·

287 3579 345 3629 rus
368 3551 480 3638 Deus,
521 3549 628 3621 Filius
653 3567 740 3617 vero
768 3546 842 3639 ejus
858 3546 1033 3642 sacerdos,
1065 3549 1176 3644 opifex
1207 3550 1315 3623 ‚nundi
1339 3554 1507 3626 uoluntate

285 3650 426 3733 Potri53
456 3642 501 3715 sic
517 3663 553 3714 et
570 3640 681 3716 Patris
696 3642 873 3714 uoluntatis
890 3644 1033 3735 minister
1049 3647 1194 3740 Paedag.
1219 3647 1241 3719 Ι.
1262 3648 1290 3717 1:
1311 3667 1343 3718 2.
1370 3666 1410 3719 et
1430 3672 1509 3745 cap.

287 3757 322 3822 6.
346 3767 428 3817 onus
451 3740 587 3812 omnium
610 3740 730 3825 Pater,
754 3760 837 3808 unus
863 3743 1000 3815 omnium
1019 3740 1146 3835 sermo,
1173 3764 1247 3837 cup.
1275 3762 1307 3831 7.
1324 3738 1419 3834 solus
1433 3762 1511 3837 per·

276 3845 388 3938 fedus
406 3839 525 3922 Potor,
551 3857 618 3907 nec
637 3833 765 3919 Filius,
791 3831 853 3906 nisi
879 3837 974 3931 quod
990 3836 1030 3909 lit
1055 3836 1092 3910 in
1108 3840 1220 3911 Patre.
1269 3836 1373 3906 Pater
1390 3861 1507 3936 ergo,

286 3955 326 4010 ut
352 3932 474 4025 origo,
500 3947 537 4000 et
561 3953 625 4023 per
650 3931 704 4015 se,
732 3927 839 4002 Filius
862 3935 1022 4024 aPatre,
1049 3954 1086 4005 et
1112 3932 1149 4005 in
1175 3931 1251 4024 ejus
1276 3939 1506 4009 communio·

285 4053 343 4106 ne.
395 4024 459 4098 Cui
488 4023 570 4094 loco
596 4025 756 4098 concinit
781 4025 866 4099 alius
900 4051 933 4101 c.
963 4038 994 4107 8.
1020 4028 1081 4102 fin.
1116 4025 1281 4099 Illustrius
1308 4028 1427 4105 adhuc
1454 4030 1507 4107 est

284 4119 523 4200 testimonium
563 4121 691 4193 Strom.
734 4121 754 4192 l.
789 4123 855 4194 VI:
891 4148 928 4217 p.
963 4132 1046 4216 769.
1090 4148 1185 4196 unum
1218 4120 1263 4216 est
1300 4125 1506 4217 ingenitum,

282 4222 382 4298 Deus
414 4213 547 4288 scilicet
571 4215 826 4320 Omnipotens,
868 4242 964 4291 unum
995 4221 1095 4293 etiam
1126 4216 1395 4316 eslrpoyomuiu
1428 4240 1508 4295 ante

278 4315 444 4416 genitum,
470 4326 551 4387 ante
574 4309 791 4410 principium
815 4312 962 4407 mundi,
994 4313 1114 4409 addit,
1148 4337 1230 4390 unus
1254 4319 1337 4393 enim
1361 4339 1435 4487 vche
1461 4314 1511 4412 est

271 4474 274 4479 .
1432 4433 1511 4507 eus,
