3609 5500
614 691 882 781 ''SecuLL
1166 729 1173 738 ·
1365 713 1408 795 ’9

201 897 263 954 tom
279 876 415 970 finisset,
442 876 572 977 ntique
596 901 682 956 vera
707 881 811 955 eausa
835 878 953 956 caedis
976 877 1207 962 noniilentio
1233 879 1402 963 involuta.

203 977 348 1073 Denique
370 980 413 1052 ab
439 978 601 1072 Origene
630 996 756 1051 contra
775 979 862 1052 Cels.
888 980 911 1052 1.
939 981 967 1053 1.
994 980 1096 1070 illud,
1127 1000 1291 1080 tanquam
1308 975 1406 1074 Jose.

206 1073 258 1168 phi
288 1071 535 1149 testimonium·
555 1072 601 1146 de
625 1073 809 1169 Johanne‚
842 1072 947 1148 fuiffe
983 1075 1149 1150 citatum:
1184 1103 1229 1151 ne
1254 1075 1299 1148 de
1324 1071 1405 1152 Eus.

204 1167 283 1242 diist
300 1170 343 1241 F.
369 1172 393 1244 l.
418 1171 447 1243 L
469 1193 508 1244 c.
534 1191 613 1258 11.‚
629 1167 779 1265 diisque
803 1169 1054 1245 Eccienafficis
1072 1172 1329 1270 scriptoribus,
1355 1166 1408 1242 di·

206 1287 279 1336 cam.
326 1269 495 1339 Ceterum
518 1265 615 1360 quod
639 1266 685 1338 de
708 1264 893 1340 hominum
920 1266 963 1339 ad
990 1267 1189 1363 Johannem
1214 1264 1409 1355 confluxu,

206 1360 1307 1558 ffiieniinigifflnioiiiaiiiiiioiiimiriai‘a‘iiniiir's
1324 1360 1410 1532 iiii
1451 1397 1454 1404 ¹

333 1543 340 1550 .
951 1512 963 1548 ²
1005 1533 1006 1536 =
1095 1514 1106 1549 r
1394 1497 1409 1514 ⁸

205 1551 314 1628 tiones
335 1551 510 1649 insignem
533 1551 688 1625 habniffe
712 1551 924 1643 successum,
949 1554 1145 1648 multosque
1168 1557 1211 1630 ad
1235 1550 1412 1629 Christum

205 1648 443 1723 adsumendum
464 1671 532 1744 per
555 1647 672 1744 Ipsum
695 1646 798 1722 fuiffe
819 1647 1008 1739 addunos,
1035 1651 1201 1740 testatur,
1225 1651 1278 1724 uti
1297 1649 1408 1726 Matt.

207 1745 319 1836 11125.
358 1747 449 1818 Luc.
476 1745 647 1833 V11129.
687 1743 769 1839 Joh.
794 1745 841 1817 X:
864 1767 925 1836 41.
975 1744 1080 1846 Quod
1105 1746 1213 1820 etiam
1237 1745 1331 1820 inter
1346 1745 1414 1820 alia

208 1839 412 1935 fignificatur
435 1840 520 1936 Joh.
544 1840 612 1913 IV:
623 1845 697 2010 ἑὸ.
723 1838 903 1913 intereos
925 1841 1021 1914 enim
1044 1841 1108 1940 qni
1123 1841 1351 1938 seminarunt,
1376 1857 1416 1916 et

208 1959 345 2032 quorum
375 1937 534 2010 laborum
566 1934 621 2010 fru
660 1959 717 2009 um
745 1936 968 2032 eollegertmt
1001 1936 1195 2034 Apostoli,
1234 1937 1416 2037 Johannet

208 2033 327 2107 merito
348 2031 583 2106 recensendus
612 2029 675 2107 est.
720 2029 792 2127 Ipsi
822 2031 1021 2108 sacerdotes
1045 2053 1084 2107 et
1105 2033 1261 2108 seniores
1290 2029 1416 2131 populi

210 2127 272 2202 fani
294 2128 441 2202 fuenmt
467 2130 580 2203 Matr.
603 2128 693 2201 XXI
717 2134 777 2202 26.
811 2127 980 2226 populum
1009 2129 1190 2240 agnoviffe
1215 2127 1417 2228 Johannem

207 2245 241 2318 pr
309 2241 381 2296 tam
403 2223 523 2300 fuiffe
569 2224 654 2296 Nec
680 2242 798 2298 tamen
816 2246 961 2315 omnen,
986 2247 1047 2321 qm
1064 2226 1237 2324 Johannit
1264 2223 1418 2300 familiae

208 2319 238 2394 se
250 2344 271 2410 e
292 2319 535 2410 tradiderunt,
575 2319 692 2416 Jesum
723 2341 794 2417 pro
817 2319 945 2394 Meffia
971 2319 1188 2414 habuerunt,
1227 2321 1288 2397 sed
1315 2320 1419 2396 multi

208 2440 281 2490 enm
304 2413 446 2490 Christo
470 2416 531 2490 vel
549 2414 839 2512 aequiparatum,
870 2415 932 2488 vel
958 2417 1220 2512 praetulerunt,
1253 2417 1418 2492 Menam

207 2513 351 2586 nondmn
376 2511 516 2586 veniffe
545 2510 704 2607 opinati,
736 2509 796 2608 qui
819 2509 944 2608 postea
968 2511 1175 2605 Johonru'tae
1199 2511 1278 2588 fimt
1299 2513 1418 2611 adpel-

207 2607 272 2684 lrti.
303 2611 379 2682 .De
403 2631 475 2704 quo
495 2607 572 2704 legi
596 2626 753 2688 meretur
768 2609 821 2681 ci.
845 2605 985 2706 Barkey
1002 2610 1040 2682 in
1065 2607 1153 2684 Bibl.
1178 2609 1284 2705 Hag⁸¹
1298 2611 1342 2686 ei.
1367 2610 1418 2684 Π.

202 2703 256 2801 qui
293 2703 402 2778 etiam
435 2703 578 2795 censet,
618 2704 712 2802 qnod
741 2703 896 2803 expendi
928 2703 1074 2803 dignum
1108 2703 1178 2797 est,
1219 2704 1420 2804 Johannem

203 2825 263 2875 eos
286 2799 326 2873 in
353 2800 464 2874 oculis
486 2799 642 2875 habuiffe
666 2800 704 2874 in
729 2800 827 2875 Euan
853 2797 947 2893 elio,
970 2825 1044 2899 quo
1068 2801 1190 2897 Jesum
1208 2826 1254 2878 eo
1278 2801 1349 2876 effe
1365 2799 1421 2875 su-

202 2895 403 2993 periorem,
432 2916 471 2967 et
493 2895 674 2985 Mediam,
697 2896 802 2969 demo
896 2914 923 2969 t.

249 2987 283 3089 [t
310 2989 376 3063 tx.
417 2990 588 3064 Succedat
613 3011 710 3065 nune
737 2988 814 3085 ipse
836 2986 1035 3079 Dominus,
1065 3004 1149 3063 ante
1172 2985 1422 3083 cojunfatiem

202 3086 270 3161 fuit
294 3084 414 3159 minus
439 3085 638 3180 Iohannes,
673 3103 716 3159 et
738 3086 837 3161 viam
863 3084 1025 3182 paravit,
1065 3083 1186 3159 Israeli
1214 3108 1316 3176 eum,
1344 3104 1423 3169 tan-,-

224 3206 301 3256 uam
323 3180 508 3272 Mediam,
526 3180 773 3273 notificando,
798 3201 837 3256 et
852 3177 988 3254 animos
1011 3181 1054 3255 ad
1079 3204 1160 3255 eum
1177 3180 1423 3256 adsumendum

201 3206 398 3367 intendo,
422 3277 485 3351 diu
503 3275 725 3375 exspectatus
749 3298 787 3351 et
836 3275 996 3351 romiffus
1021 3276 1182 3366 Meinas,
1208 3300 1321 3353 novae
1340 3278 1423 3351 OE·

204 3374 388 3449 eunomiae
416 3373 607 3470 spiritualis
628 3397 671 3449 ac
696 3374 796 3449 coele
831 3371 1070 3463 's.eonditor‚
1106 3372 1279 3470 regnique
1305 3373 1421 3449 Davi·

205 3470 275 3561 dis,
298 3470 363 3545 diu
383 3468 552 3567 collapsi,
582 3493 676 3545 nova
700 3469 835 3559 forma,
870 3468 1129 3541 convenienter
1153 3491 1268 3543 nouae
1292 3470 1421 3543 oneo-

207 3565 365 3656 nomiae,
389 3564 621 3655 instaurator,
645 3567 805 3664 adeoque,
828 3562 931 3660 regni
951 3566 1131 3639 coelorum
1155 3582 1257 3638 autor
1276 3583 1315 3637 et
1333 3586 1421 3655 rex,
1555 3592 1558 3599 ·

205 3662 270 3737 Dei
293 3684 410 3759 aeque
436 3684 481 3737 ac
499 3660 648 3737 Davidis
671 3661 784 3753 filius,
832 3657 943 3757 uippe
966 3661 1111 3733 ex‘Deo
1127 3661 1170 3733 ab
1189 3658 1287 3733 omni
1309 3677 1423 3733 aeter·

204 3758 309 3834 nitate
332 3776 438 3833 natus
462 3757 579 3855 quoad
603 3755 787 3854 spiritum,
809 3684 873 3831 ieu
897 3753 1054 3843 divinam
1070 3755 1282 3926 Xersonam,
1315 3773 1354 3831 et
1381 3754 1422 3831 in

205 3874 365 3951 tempore
389 3876 439 3927 ex
470 3852 590 3928 Maria
618 3853 677 3927 vir
701 3854 785 3942 ine,
833 3849 951 3946 stirpis
974 3850 1068 3927 Davi
1093 3850 1169 3926 icae
1196 3876 1261 3949 per
1284 3850 1437 3927 Natho-1

204 3974 301 4041 aem,
321 3950 382 4024 cni
399 3972 555 4045 regnum
572 3878 742 4041 Doridis,
767 3948 859 4025 linea
878 3946 1094 4038 Salomonis,
1117 3968 1282 4045 tanquam
1303 3945 1423 4053 regia,

207 4044 394 4137 exstincta,
421 4046 680 4142 competebat,
703 4063 829 4136 natus,
852 4040 939 4118 licet
964 4070 1029 4143 per
1056 4064 1194 4140 patrem
1220 4041 1426 4139 pontinum

204 4142 388 4237 J⁰s⁸Phum
435 4164 519 4221 eam
551 4164 689 4245 quoque
730 4137 930 4317 adtifietit‚
978 4142 1138 4240 adeoque
1172 4160 1278 4219 verm
1313 4134 1424 4247 1srae7

244 4235 330 4318 ,Tm
356 4241 437 4317 III.
1382 4234 1429 4325 ω
