3609 5500
277 1016 348 1096 304
669 986 815 1088 Historia
840 984 971 1087 Esaias.
1001 986 1115 1082 christ.

279 1170 378 1273 poris
404 1184 546 1255 natura,
581 1164 683 1243 dotes
710 1171 853 1244 deitatis
876 1170 1054 1263 induerit,
1089 1189 1127 1246 et
1144 1169 1291 1249 humana
1315 1171 1500 1281 hoino-'po

279 1271 375 1358 tius,
398 1265 499 1363 quani
524 1265 679 1351 humane,
706 1267 849 1361 geherit
865 1265 1032 1342 Christus.
1084 1269 1221 1343 Primus
1247 1293 1389 1366 quoque
1409 1267 1500 1342 dnit

281 1384 382 1440 autor
414 1361 588 1459 &rathgario
611 1368 757 1460 trhgyuah
784 1364 975 1437 Driririlrm
1000 1370 1231 1459 operationem,
1280 1387 1382 1461 quam
1407 1369 1504 1440 su..

277 1470 395 1560 θςωπῳ
415 1461 612 1554 ihoantropo
644 1458 802 1533 adfinxit.
850 1457 1024 1547 Accedit,
1068 1460 1340 1558 Monophysttas
1364 1461 1507 1559 primos¹

281 1560 320 1632 in
344 1558 499 1631 medium
521 1556 701 1650 protulisse
734 1556 798 1628 hos
829 1553 957 1641 libros,
1001 1575 1038 1629 et
1065 1581 1084 1632 a
1115 1555 1307 1630 Catholicis
1348 1556 1507 1651 rejehior·

279 1655 403 1742 fuiffe,
423 1650 732 1818 donecssJohannes
747 1637 1081 1747 Scythopolitinus,
1105 1654 1291 1726 multotum
1311 1650 1513 1734 scoliorum

281 1771 402 1838 autor,
434 1768 535 1821 eose
565 1770 585 1818 e
608 1747 780 1841 genuinos
810 1743 1020 1821 defenderit.
1071 1747 1237 1843 Denique
1260 1766 1419 1820 autorem
1446 1748 1498 1824 fu·

280 1847 343 1922 iiie
368 1843 479 1941 ipsum
505 1843 706 1936 Synehum,
733 1839 956 1915 Ptolemaidis
980 1842 1213 1940 Episcopum,
1250 1843 1347 1915 suasu
1370 1843 1497 1917 Theo·

278 1940 369 2040 phili
394 1958 431 2012 et
454 1938 595 2035 Cyrilli,
620 1937 787 2034 Episcop.
813 1935 1026 2028 Alexandr,
1054 1956 1092 2011 ut
1119 1935 1291 2010 Nestorio
1316 1936 1352 2009 se
1369 1937 1497 2015 fortius

285 2053 534 2134 opponerent,
560 2029 700 2129 suasque
723 2033 864 2128 phrases
880 2031 1069 2105 autoritate
1092 2030 1162 2106 viri
1189 2029 1387 2129 Apostolici
1415 2058 1500 2108 con·

279 2133 463 2208 firmarent
473 2185 502 2296 ,Ι
510 2127 659 2224 conjicit
683 2128 735 2203 La
759 2132 872 2203 Croze
894 2127 942 2200 in.
957 2124 1047 2204 hist.-
1062 2126 1319 2202 Christianismi
1334 2129 1501 2205 AEthio⁴

308 2251 459 2305 reeca.
503 2283 512 2298 .
1469 2250 1471 2254 ·

295 2375 300 2382 -
326 2251 557 2425 §.coitum
592 2323 650 2395 De
667 2340 790 2397 autore
806 2320 971 2418 quicquid
998 2319 1059 2410 ht,
1085 2318 1149 2394 scri
1178 2338 1213 2395 ta
1235 2317 1339 2395 fuisse
1357 2320 1499 2423 Diony·

279 2420 331 2496 iio
355 2417 497 2506 adficta,
529 2434 566 2489 et
590 2418 707 2491 Mono
736 2417 923 2516 hysrtarum
949 2417 1086 2491 foetum
1113 2441 1132 2491 e
1162 2443 1203 2506 e,
1235 2417 1401 2527 equidem
1428 2443 1502 2504 non

279 2512 528 2592 dubitaverim.
581 2536 612 2586 1.
637 2443 765 2587 Notius
780 2515 956 2587 Veterum
991 2534 1113 2585 eorum
1141 2512 1323 2602 memimt,
1365 2514 1432 2589 etfi
1454 2516 1509 2591 de·

159 2615 163 2623 '
283 2609 458 2707 Dionysro
484 2606 645 2705 egerint,
670 2631 777 2681 nemo
800 2607 838 2680 in
853 2607 1089 2703 disputatione
1107 2631 1186 2681 cum
1203 2606 1412 2701 haereticis,
1462 2636 1499 2687 ιιι

277 2708 339 2783 hic
353 2705 572 2802 jugulantur,
598 2727 659 2777 eos
684 2701 832 2793 citavit,
866 2726 972 2778 nemo
997 2705 1211 2779 hierarchiam
1235 2705 1310 2801 ejus
1333 2634 1501 2803 cortesius

254 2799 509 2889 memorarit,
543 2819 603 2873 aut
626 2799 762 2889 tenuit,
803 2821 850 2872 ne
872 2798 1013 2896 quidem
1042 2822 1106 2897 per
1135 2803 1270 2896 quinqua
1309 2800 1425 2897 prima
1448 2804 1530 2902 se,

280 2901 368 2977 cula.
415 2894 581 2972 Euiebius
602 2895 641 2969 in
667 2893 805 2991 specie,
838 2915 876 2968 et
894 2895 1162 2992 Hieronymus,
1182 2919 1243 2969 eos
1268 2894 1504 2992 ignorarunt.

282 3022 316 3074 2.
343 2997 431 3068 Cum
456 2990 582 3088 scripta
602 2991 690 3065 haec
713 2991 750 3065 in
777 2991 966 3065 collatione
991 2991 1251 3066 Catholicorum
1277 3011 1314 3065 et
1337 2996 1509 3073 severia·

278 3116 405 3170 norum
432 3089 498 3163 sec.
526 3090 592 3164 VI.
619 3080 848 3164 cititentura
875 3087 1093 3174 Severianis,
1128 3085 1325 3201 Hypatius,
1358 3090 1503 3166 Metro·

281 3191 395 3290 polita
413 3183 623 3281 Ephehnus,
648 3209 689 3258 ea
712 3184 855 3260 nomine
871 3184 1130 3259 Catholicorum
1153 3183 1291 3279 rejicit,
1323 3208 1400 3259 eam
1410 3211 1499 3286 quo·

279 3312 349 3381 que
367 3281 623 3367 abrasionem,
650 3281 744 3376 quod
765 3300 869 3353 antea
888 3279 1024 3354 nemini
1041 3281 1078 3353 in
1094 3280 1247 3353 Ecclesia
1262 3281 1499 3361 innotuerint.

278 3379 400 3457 Exstat
425 3400 465 3448 ea
490 3374 636 3447 Collatia
655 3374 746 3469 apud
785 3373 972 3448 Batonium
1006 3375 1043 3445 in
1078 3374 1204 3448 Annei.
1227 3379 1279 3448 ad
1304 3399 1384 3452 ann.
1411 3401 1498 3476 532.

280 3475 444 3553 Citantur
468 3491 605 3564 quoque
641 3490 671 3561 3.
697 3467 735 3538 in
758 3466 813 3538 his
838 3466 933 3540 libris
958 3465 1134 3564 Epistolae
1161 3469 1309 3566 Ignatii,
1353 3472 1506 3572 Diony·-

280 3569 321 3645 sti
345 3584 471 3639 aetate
504 3563 626 3658 utique
658 3559 900 3656 posteriores3
938 3561 1079 3639 'mentio
1111 3587 1249 3660 quoque
1288 3567 1330 3639 fit
1365 3577 1498 3646 canoris

283 3661 420 3757 script.
444 3659 496 3732 N.
523 3659 569 3732 T.
592 3658 661 3754 jam
696 3654 870 3745 conieeii‚
913 3661 1020 3732 etiam
1055 3662 1227 3755 euangelii
1259 3663 1433 3758 Johannis
1456 3690 1510 3743 ac·

280 3756 452 3857 Apocal.,
476 3753 549 3829 imo
573 3753 594 3825 1.
623 3751 710 3825 VII.
736 3749 780 3823 de
795 3753 974 3828 hierarchia
1000 3753 1191 3851 Etclrhast.
1216 3777 1432 3851 prouocatur
1451 3761 1494 3837 ad

282 3859 483 3949 antiquorum
500 3849 705 3923 traditionem
724 3846 1028 3949 inpardohaptismo
1045 3849 1279 3927 defendendo.
1322 3878 1357 3944 4.
1376 3857 1500 3933 Nimis

278 3971 419 4123 guoque
439 3942 660 4020 manifestum
687 3940 757 4034 est,
783 3968 882 4040 quam
907 3967 946 4021 ut
971 3946 1090 4044 negati
1114 3969 1236 4116 aurat,
1270 3972 1325 4020 res
1349 3969 1386 4022 et
1404 3953 1496 4031 ritus

252 4110 254 4114 Α
295 4072 348 4123 ec.
371 4044 457 4118 IVtt'
481 4061 518 4114 et
541 4043 608 4117 Vri
631 4039 668 4115 in
693 4041 737 4114 iis
760 4042 931 4132 describi3
957 4069 1012 4118 ex.
1037 4065 1088 4134 gr.
1140 4043 1329 4140 isciplinam
1347 4048 1487 4138 arcani,

277 4134 527 4241 poenitentiae
546 4136 716 4227 formam,
741 4137 902 4231 baptismi
928 4135 1285 4232 administrationem,
1311 4143 1493 4221 consecra·

282 4238 420 4311 tionem
439 4233 632 4326 unguenti,
658 4232 861 4325 incensum,
898 4235 998 4321 thus,
1032 4234 1156 4325 altare,
1187 4235 1398 4328 monachos,
1431 4265 1508 4315 ευ·-

277 4352 423 4430 rumque
446 4328 766 4417 consecrationem,
798 4330 912 4406 oleum
941 4327 1107 4404 defuneto
1139 4332 1420 4424 adfundendum,
1453 4353 1494 4410 et

275 4454 364 4534 quae
391 4424 510 4507 finilia
535 4425 622 4503 sunt.
674 4447 709 4518 5.
736 4422 842 4502 Stilus
875 4425 928 4506 est
962 4425 1139 4524 turgidus,
1179 4444 1275 4502 totus
1300 4427 1487 4526 mysticus,
