3609 5500
674 959 777 1054 ἄρ’
817 969 934 1056 &cul
959 960 1080 1052 a's‘f:
1098 969 1114 1032 ἱ
1439 978 1525 1067 ab!

286 1161 391 1256 rent,
427 1141 460 1219 'e
486 1137 670 1225 'societate
691 1143 837 1228 'inierint'
862 1151 989 1250 ejeeii3
1023 1144 1084 1224 ¹uti
1114 1139 1166 1224 en¹
1186 1139 1349 1226 'Hrstoria
1373 1153 1507 1229 Ecclell

289 1263 450 1314 omnium
479 1261 682 1341 temporum
707 1249 853 1324 constat
1283 1271 1288 1278 ·

326 1337 360 1436 5.
395 1339 628 1416 CLXXXlll.
652 1349 689 1433 β.
707 1346 765 1419 De
782 1338 1281 1435 excommunicationisfarma
1300 1364 1379 1415 curn
1396 1342 1506 1419 maxi·

287 1451 342 1506 me
364 1431 479 1505 fuerit
501 1434 734 1530 disputatum,
774 1465 817 1514 ea
843 1440 946 1534 paulo
978 1436 1172 1510 adcuratius
1206 1436 1257 1509 est
1290 1435 1502 1514 definienda.

286 1527 578 1605 Refennatorum
603 1533 699 1607 eninr
721 1535 918 1609 sententiae
945 1551 987 1605 et·
999 1530 1109 1699 praxi
1133 1531 1177 1604 de
1201 1534 1236 1606 S.
1270 1534 1411 1605 Coenae
1446 1549 1506 1606 nea

284 1623 451 1721 parione,
482 1625 705 1723 praecipuam
733 1631 806 1724 ejus
831 1625 968 1727 part'em
989 1681 992 1688 .
1013 1626 1176 1715 aciente,
1211 1626 1261 1702 ita
1285 1644 1326 1700 ut
1345 1625 1506 1725 graviori

283 1719 650 1796 excommunicationi
692 1745 827 1798 tantum
854 1724 999 1798 accedat
1032 1722 1182 1796 solennis
1213 1723 1403 1797 declaratio
1427 1739 1504 1797 omss

284 1821 331 1891 nis
358 1816 626 1889 communionis
654 1839 779 1916 ruptae
803 1837 840 1894 et
862 1817 1049 1906 cellantis,
1075 1816 1145 1889 sese
1171 1817 1361 1914 inprimis
1386 1842 1501 1916 oppo-

284 1913 350 1986 suit
378 1909 542 2001 Erastus,
568 1911 648 2008 qui,
673 1917 708 1989 S.
723 1919 890 1989 Coenam
916 1914 1000 1987 huic
1028 1909 1232 2005 disciplinae
1259 1934 1331 1985 non
1355 1914 1426 1989 elle
1450 1914 1505 1990 in·

284 2006 516 2094 miscendam,
526 2008 746 2099 ,oontendit,
764 2010 901 2084 oumsrt
917 2008 1057 2080 unionis
1073 2006 1289 2081 Christianae
1304 2007 1504 2096 vinculum,

285 2105 446 2200 adeoque
468 2102 529 2198 jus
554 2123 626 2175 non
649 2104 718 2196 effe
737 2103 980 2202 presbyterio,
1007 2100 1158 2197 aliquem
1177 2101 1366 2177 criminum
1384 2126 1506 2195 reum,

285 2199 339 2272 l'ed
374 2196 639 2294 poenitentiam
672 2202 920 2294 profitentem,
938 2249 942 2256 -
960 2217 1004 2271 ac
1035 2199 1070 2270 S.
1088 2200 1238 2290 -Coenae
1262 2199 1370 2276 -usum
1396 2199 1502 2295 adpe-

285 2313 441 2380 tentem,
484 2293 526 2364 ab
549 2305 601 2363 “eo
627 2316 831 2382 removere,
856 2315 935 2368 nec
960 2291 1209 2389 inquirendum
1242 2294 1334 2385 elle,
1367 2311 1505 2369 uerane

289 2387 432 2462 infulsa
456 2386 500 2460 srt
525 2386 781 2495 resipiscentia,
808 2391 867 2464 sed
893 2389 976 2463 illud
1004 2386 1150 2483 proprio
1174 2387 1340 2485 cujusque
1356 2390 1501 2486 permit·

291 2482 432 2556 tendum
453 2482 631 2572 examini,
656 2486 845 2559 secundum
864 2487 935 2581 Ap.
962 2482 1135 2556 monitum
1156 2507 1170 2556 1
1188 2488 1270 2558 Cor.
1291 2484 1360 2558 'Xl.
1410 2490 1504 2561 Con·

285 2574 367 2654 listit
381 2599 498 2665 vero,
514 2577 709 2652 secundum
730 2582 742 2652 i
770 2583 863 2670 sum,
888 2578 1211 2653 excommunicatio
1229 2580 1273 2651 in
1300 2579 1371 2653 sola
1386 2580 1500 2679 fingu-

284 2678 393 2752 lorum
406 2673 659 2746 --membrorum
675 2676 867 2750 -socretatis
893 2673 1111 2772 separatione
1129 2700 1148 2747 a
1170 2674 1395 2750 familiariore
1419 2699 1502 2754 cum

283 2771 340 2846 tali
364 2770 538 2843 scelerato
553 2773 800 2861 commercio,
823 2773 922 2868 cujus
947 2772 983 2845 in
1010 2767 1160 2865 Scriptis
1188 2771 1258 2868 Ap.
1284 2771 1421 2846 mentio
1439 2774 1502 2850 est.

285 2868 386 2943 Haec
416 2888 500 2938 vera
524 2863 593 2939 suit
619 2866 731 2940 Eram
757 2868 780 2940 la
833 2866 982 2953 othelis,
1009 2890 1111 2962 quam
1135 2868 1173 2939 in
1192 2866 1343 2945 tlresrbus
1359 2870 1500 2966 expres-

285 2960 346 3053 fit,
385 2978 427 3033 ut
449 2959 631 3049 defendit,
675 2984 742 3037 nec
775 2966 841 3037 alra
873 2962 940 3035 fuit
964 2961 1197 3038 Eccleliarum
1231 2963 1501 3040 Helveticarum

286 3052 428 3153 praxis,
449 3055 573 3129 eadem
599 3080 737 3154 quoque
766 3061 940 3132 sententia
963 3057 1172 3151 Bullingeri,
1207 3058 1389 3145 Gualteri,
1412 3060 1499 3131 alio·

290 3172 440 3242 rumque
453 3150 650 3223 'Helvetiae
675 3153 892 3241 Dodlorum‚
918 3171 960 3222 ut
979 3152 1042 3222 ,vel
1067 3173 1112 3221 ex
1136 3150 1264 3222 litteris
1288 3174 1429 3241 eorum,
1455 3155 1499 3225 li·

292 3247 358 3321 bro
375 3241 481 3323 Erasti
503 3245 687 3339 subjetos,
713 3246 858 3322 constat
909 3245 1080 3319 Rationes
1097 3267 1191 3316 -vero
1219 3245 1399 3318 communi
1425 3248 1502 3321 sen·

287 3340 422 3437 tentiae
447 3341 607 3435 objefilae
634 3340 712 3415 sunt
737 3342 929 3440 sequentes.
985 3365 1016 3414 1.
1042 3337 1134 3508 Qpia
1152 3362 1264 3412 nemo
1290 3343 1336 3413 ob
1360 3363 1500 3420 morum

286 3434 518 3547 inpunitatem
550 3434 705 3510 alacris
737 3437 900 3534 Templi,
942 3454 1003 3511 aut
1027 3458 1073 3531 pa
1088 3434 1200 3508 charis
1235 3436 1504 3534 celebratione„

286 3534 354 3608 furt
368 3532 429 3605 sub
448 3532 498 3605 V.
509 3532 565 3605 ·Τ.
589 3532 799 3626 prohibitus.
854 3558 885 3607 a.
911 3534 1087 3629 Johannes
1105 3530 1256 3626 Baptista
1273 3544 1398 3607 omnes¹
1461 3560 1500 3609 e·

291 3626 474 3701 nitentium
493 3626 683 3723 profeffos‚
706 3629 778 3702 'fine
805 3628 972 3702 ulteriore
988 3624 1171 3716 examine,
1195 3626 1354 3719 admisit,
1381 3632 1410 3704 C
1437 3631 1499 3705 ris-

288 3742 339 3797 tus
367 3746 510 3819 quoque
535 3722 657 3816 Judanr
674 3724 893 3818 proditorem
916 3724 958 3796 ad
974 3726 1008 3797 S.
1034 3725 1173 3795 Coenae
1190 3725 1499 3822 communionem,

285 3820 408 3893 Paulus
432 3841 570 3913 quoque
588 3840 656 3889 eos
681 3818 968 3907 Corinthiorum,
992 3820 1050 3913 qui
1075 3817 1148 3890 sese
1173 3818 1323 3907 summae
1348 3844 1431 3919 erga
1457 3828 1495 3901 S.

285 3920 443 3991 Coenam
464 3910 714 3986 irreverentiae
732 3938 811 3988 reos
823 3933 993 4011 egerant,
1018 3912 1188 3986 arcendos
1205 3935 1276 3987 non
1293 3920 1498 4015 praecepit„

281 4012 365 4105 deni
416 4032 437 4081 e
462 4003 624 4104 Apostoli
650 4022 799 4106 poenam
825 4009 1075 4105 temporalem,
1102 4005 1141 4080 in
1164 4011 1499 4109 Satanae-traditio-

283 4132 329 4183 ne
375 4125 481 4191 rtam,
518 4103 744 4194 inflixerunt,
778 4129 850 4179 non
886 4105 1256 4192 exeommunicarunt,
1302 4111 1420 4182 reor.
1448 4112 1500 4185 V.

287 4227 321 4299 3.
346 4204 445 4273 Loca
472 4201 601 4310 Script.
629 4224 699 4273 non
723 4204 757 4310 ⁸:
785 4206 945 4311 coenae,
978 4202 1035 4274 sed
1068 4193 1272 4275 commercii
1295 4202 1497 4321 familiaris,

283 4296 620 4483 nstiticfissiplilcllii.
636 4315 719 4467 eiii]
723 4297 1188 4570 1iiriieplr:“({is¹gi)ieIitr’gusnenta
1213 4414 1294 4472 etun
1312 4344 1498 4498 minus-so.

333 4473 424 4570 lom.
449 4489 523 4564 ΠΙ,

1410 4486 1507 4585 ude,
1597 4515 1652 4818 ι·
