3609 5500
243 432 1634 726 -

688 946 693 954 ’
749 951 754 960 ’
816 951 924 1056 Secu,
939 954 982 1028 Ia

312 1141 379 1199 rane
399 1121 547 1226 aosalsa
571 1125 666 1202 sint?
709 1127 965 1231 dijudicarent,
1006 1147 1044 1207 et
1067 1153 1113 1207 eo
1136 1130 1367 1210 fundamento
1389 1135 1511 1211 loben-

312 1241 357 1294 ter
373 1222 607 1300 adsumseriut.
656 1224 773 1325 Quare
807 1230 925 1302 mulus
957 1246 995 1303 et
1023 1227 1189 1302 foeminis
1215 1231 1446 1305 nobilioribus
1470 1247 1510 1303 et
1639 1305 1644 1313 ,

312 1314 381 1388 viris
412 1318 499 1396 fides
531 1319 602 1393 fuit
635 1322 811 1414 persuasa,
851 1325 932 1400 het.
958 1326 1079 1397 XVII:
1118 1349 1229 1398 11.·-
1251 1325 1333 1428 Quo
1364 1329 1508 1415 audito,

310 1429 372 1484 eum
386 1415 508 1512 Judaei
524 1415 770 1492 Thessalonica
797 1442 864 1505 eo,
892 1421 936 1494 ad
955 1422 1138 1494 tumultum
1156 1421 1426 1512 concitandum,
1446 1446 1508 1496 ve·

311 1505 438 1599 uilsent,
453 1509 578 1582 fratres
595 1511 785 1585 emiserunt
795 1516 957 1601 Paulum,
976 1514 1213 1609 profecturum
1256 1514 1323 1588 uasa
1343 1515 1380 1587 in
1392 1507 1504 1591 Th’es·

311 1599 402 1677 saliam
426 1606 510 1701 (pro
535 1616 584 1681 sel
608 1605 776 1682 θάλασσαν
800 1609 843 1680 od
875 1635 966 1692 snare
998 1610 1091 1683 enim
1124 1633 1206 1683 curn
1277 1610 1428 1685 arklaud.
1463 1613 1506 1685 ad

311 1698 372 1794 bys.
395 1700 540 1777 omuino
563 1707 595 1776 le
623 1760 631 1777 .
658 1714 708 1777 sel
730 1702 890 1780 aenou,
913 1711 946 1776 in
966 1703 1177 1802 Tluffitliam,
1201 1704 1294 1801 quod
1318 1705 1506 1803 confirmat

311 1795 444 1878 scholion
469 1796 513 1870 ad
531 1822 576 1870 ve
611 1824 667 1871 um
692 1804 851 1895 praeced.
878 1799 965 1876 Cod,
985 1801 1184 1897 cantabrig.
1207 1797 1335 1897 Bezae)
1360 1825 1503 1894 maner.-

313 1889 387 1964 tibut
404 1896 559 1967 beroeae
585 1895 656 1966 Sila
680 1916 718 1968 et
744 1897 952 1972 Timotheo.
1003 1895 1184 1969 Dedusius
1210 1897 1290 1970 dein
1316 1897 1367 1969 est
1391 1921 1412 1970 a
1436 1898 1501 1971 sra-

314 1983 400 2059 nbis
423 1989 603 2074 Athenas,
628 1989 754 2088 absque
780 2013 821 2064 ut
837 1993 973 2086 legator
998 1991 1037 2063 in
1056 1990 1251 2078 Thessalia,
1277 2012 1336 2063 aut
1356 1993 1500 2082 Attica,
1611 1998 1613 2000 ’

316 2084 508 2177 euangeh‘tun
524 2084 763 2173 adnuncialle‚
783 2087 903 2177 forte,¹
918 2107 957 2158 ut
969 2085 1127 2159 scholion
1147 2086 1254 2158 modo
1272 2110 1502 2163 memoratum

317 2172 415 2270 habet,
453 2179 636 2275 aspiritu
667 2181 855 2278 inpeditus.
903 2181 1056 2254 Athenis
1082 2205 1162 2254 eum
1188 2204 1299 2253 moras
1324 2182 1500 2273 traheret,

320 2287 352 2340 et
367 2273 449 2349 Silam
472 2295 517 2346 ac
546 2276 779 2351 Timotheum
808 2275 910 2349 adse
945 2296 1134 2363 uenturos,
1177 2297 1214 2348 ut
1244 2276 1405 2372 jusserat,
1438 2302 1498 2350 ex-

320 2363 475 2474 speslaret,
498 2370 577 2442 zdo
601 2375 782 2459 aecensus,
807 2370 900 2466 quod
927 2390 995 2444 tam
1018 2373 1191 2448 celebrem
1220 2375 1359 2461 orbem,
1385 2372 1500 2446 erudi·

317 2465 400 2538 tronis
417 2465 555 2554 sedern,
580 2464 719 2539 videret
743 2473 947 2547 catellano,
972 2485 1082 2539 totam
1100 2466 1320 2540 idololatriae
1342 2468 1505 2546 deditam·

317 2575 345 2628 et
361 2555 547 2648 inmersum,
578 2583 619 2636 ae
641 2561 805 2637 refertam
839 2564 962 2649 idolis,
996 2561 1152 2638 disseruit
1178 2563 1221 2634 de
1246 2561 1341 2635 reeta
1363 2564 1433 2636 fide
1460 2566 1499 2640 in

314 2649 425 2746 slsum,
452 2675 491 2730 et
523 2654 584 2728 via
608 2657 723 2730 salotis
748 2685 811 2758 per
832 2656 1030 2746 Christum,
1054 2680 1136 2730 eum
1154 2658 1294 2753 Judaeis
1318 2678 1356 2731 et
1383 2660 1499 2756 prose·

317 2743 378 2841 syth
396 2751 429 2832 in
453 2751 647 2861 synagoga,
673 2754 731 2826 seu
755 2754 933 2829 academia
957 2772 1017 2824 aut
1044 2753 1181 2842 schola,
1215 2773 1252 2826 et
1276 2778 1357 2827 eum
1382 2758 1499 2829 obviis

316 2840 474 2945 quibusque
491 2849 569 2921 alirs
585 2847 729 2939 infero,
750 2851 888 2924 sicut-ab
903 2849 1079 2924 Arcesrsao
1096 2873 1234 2945 quoque
1250 2848 1378 2922 fassum
1396 2851 1498 2926 fuisse

321 2940 398 3014 tradit
417 2944 594 3017 AElranus
621 2946 671 3019 V.
699 2946 747 3021 H.
774 2947 877 3019 XlV:
906 2952 962 3019 26.
1010 2945 1119 3024 Nova
1143 2968 1230 3017 vero
1249 2945 1341 3017 Pauli
1367 2946 1498 3018 doslri·

321 3038 490 3131 upomlli
508 3037 695 3132 Euieuraei
720 3061 758 3114 et
782 3038 919 3129 Stulti,
944 3058 1126 3134 putantes,
1154 3062 1232 3115 eum
1250 3062 1342 3110 nova
1366 3043 1498 3112 adnun-
1550 3100 1554 3109 .

318 3125 388 3205 titre
406 3138 590 3223 damonia,
625 3134 705 3229 quia
730 3135 849 3231 Jesum
875 3152 912 3207 et
935 3134 1190 3228 resurreslionem
1213 3133 1383 3221 docebat,
1426 3133 1498 3208 five

318 3220 539 3316 lesuresiiooem
573 3254 638 3324 pro
666 3232 744 3303 Deo
770 3227 974 3315 sumserint,
1008 3223 1061 3300 uti
1097 3224 1268 3322 Chrysost.
1297 3227 1370 3318 jam
1395 3247 1497 3302 nota·

319 3320 371 3412 uit,
398 3323 465 3399 siue
493 3346 623 3399 vocem
648 3326 860 3399 Daemonium
894 3321 995 3396 latius
1027 3319 1072 3394 de
1091 3344 1215 3417 opere
1237 3321 1377 3395 divino·
1394 3323 1497 3399 intel.

314 3410 458 3510 leterint,
483 3443 565 3493 eum
594 3420 844 3517 adprehensum
860 3417 1081 3498 deduxerunt
1106 3416 1143 3490 in
1160 3418 1338 3513 publicum
1356 3418 1496 3512 locum,

312 3514 445 3591 ublate
467 3514 600 3590 dissum
628 3518 873 3612 Areopagum,
903 3511 961 3587 ubi
988 3514 1135 3584 Seu-atus
1158 3511 1383 3588 Atheniensis
1409 3541 1495 3590 con.

314 3614 440 3707 gregori,
483 3631 521 3684 et
555 3633 623 3708 quo
655 3612 802 3706 populus
827 3607 1008 3684 confluere
1037 3607 1187 3697 solebat,
1228 3606 1298 3680 five
1334 3628 1497 3715 tanquam

309 3722 400 3798 reum,
429 3706 499 3782 acsi
522 3726 643 3781 contra
672 3709 766 3802 leges
793 3706 921 3801 Reip.,
956 3726 1069 3777 novos
1094 3705 1191 3776 Deos
1212 3701 1493 3794 introducendo,

305 3804 477 3894 peccasset,
511 3802 605 3890 srue,
640 3824 679 3875 ut
704 3827 796 3877 nova
819 3803 893 3898 ejus
915 3798 1043 3894 religio
1068 3800 1344 3888 examinaretur,
1378 3822 1434 3890 et,
1468 3804 1493 3879 si

302 3916 389 3990 pote,
421 3900 700 3994 adprobaretur,
742 3921 824 3971 cum
856 3896 928 3970 stne
951 3893 1054 3988 hujus
1076 3893 1248 3970 consessus
1272 3895 1495 3990 permissione

297 4012 375 4068 noua
399 4002 476 4069 non'
494 4012 636 4091 poterat
661 3993 805 4090 publice
835 3990 1006 4084 adoptari.
1059 3989 1136 4092 Qua
1157 3989 1342 4063 occasione
1368 3995 1493 4069 Paulus

294 4090 503 4188 elegantem,
546 4108 584 4163 et
611 4088 645 4180 in
672 4113 745 4161 rem
769 4084 1094 4173 adcommodatum,
1127 4083 1249 4158 habuit
1277 4085 1491 4177 sermonem,

291 4208 354 4281 quo
369 4189 506 4273 lleum,
532 4207 633 4280 quern
661 4183 895 4258 Athenienses
919 4180 1064 4252 nomine
1094 4198 1130 4252 et
1146 4180 1249 4254 titolo
1276 4185 1378 4272 ignoti
1398 4185 1492 4254 cole„

291 4282 388 4368 baut,
429 4279 542 4379 (quod
582 4304 626 4353 ex
660 4304 736 4367 ara,
780 4277 951 4373 adscripta
985 4276 1053 4348 Deo
1083 4280 1228 4370 ignoto,
1253 4277 1306 4345 vel
1346 4275 1380 4346 in
1408 4274 1493 4370 fing,

288 4380 341 4451 el
365 4382 473 4474 plur..
500 4376 608 4473 qualis
634 4374 685 4453 ibi
703 4400 788 4455 uere
815 4375 903 4451 suit.
939 4391 1021 4450 uta
1048 4372 1175 4454 Docto
1198 4368 1334 4450 abunde
1360 4367 1410 4442 est
1435 4370 1498 4455 ‘³02

323 4475 418 4565 φαμι.
442 4473 517 4550 ΙΙΙ.
861 4467 928 4551 llk
1333 4461 1498 4568 monstra,
1578 4512 1634 4826 ι
