3609 5500
645 767 647 772 ’
685 763 791 841 Serus.
816 763 848 839 Ι.
1314 776 1386 858 327

180 969 211 1026 tc
240 943 393 1043 Angelos
425 941 598 1045 potestate
630 943 801 1044 privaret.
853 948 888 1021 6.
923 939 1073 1035 Carnem
1102 939 1139 1017 se
1166 940 1382 1033 adsumfih'e,

180 1068 238 1120 non
259 1067 395 1132 veram,
437 1039 496 1117 sed
521 1043 742 1142 putatitiam,
784 1065 852 1116 nec
883 1039 948 1113 nist
980 1038 1018 1112 in
1045 1038 1200 1138 imagine
1224 1041 1380 1138 passum,

180 1165 207 1238 7.
228 1140 347 1213 nuham
371 1137 446 1212 dari
471 1137 780 1230 res'urrestionem,
813 1157 850 1222 et
901 1159 965 1210 uae
989 1136 1068 1210 sunt
1094 1138 1179 1229 alia,
1212 1138 1320 1210 modo
1343 1137 1383 1208 in

182 1237 321 1334 generali
340 1233 580 1331 descriptione
596 1233 753 1310 adduCla.
798 1159 1049 1308 Gnoiticorum
1066 1231 1279 1330 hypotheses
1294 1232 1382 1304 sicet

179 1333 211 1405 io
232 1333 298 1404 hoc
322 1328 506 1426 systemate
531 1331 602 1403 sese
629 1332 720 1404 clare
743 1330 915 1427 prodant,
949 1328 1031 1423 quid
1055 1329 1117 1401 srbr
1143 1327 1278 1422 primae
1303 1326 1383 1398 the-

180 1427 224 1502 ses
239 1427 280 1500 de
297 1425 339 1524 sc
366 1441 397 1499 et
413 1449 512 1499 uxore
531 1427 587 1500 sua
612 1427 745 1518 velint,
771 1425 942 1522 explicito
957 1423 1009 1495 est
1032 1422 1185 1498 difficile.
1232 1426 1386 1496 Suborta

180 1525 307 1621 quidem
333 1522 423 1594 mihi
457 1521 508 1594 est
540 1521 732 1620 cogitatio,
774 1522 911 1598 Simoni
946 1543 1005 1592 eas
1037 1520 1137 1594 suiss'e
1166 1518 1308 1621 adsistas
1338 1541 1386 1592 ex

181 1616 373 1693 consusrone
400 1625 481 1690 curn
498 1618 642 1693 Simone
664 1621 799 1716 Mago,
827 1617 886 1716 qui
917 1617 951 1690 se
968 1643 1120 1713 magnam
1135 1617 1202 1688 Dei
1228 1622 1384 1692 uirtutem

183 1715 263 1790 dixit
277 1713 357 1788 Αέὶ.
383 1713 488 1788 v111.
512 1713 564 1788 ita
591 1734 648 1802 ut,
677 1736 756 1804 cum
783 1714 1040 1803 haeresiarcha,
1065 1713 1251 1786 aSimone
1270 1715 1385 1810 Mago

182 1812 282 1908 probe
295 1807 580 1904 distinguendus,
605 1809 736 1884 dixerit
753 1831 832 1883 corn
843 1809 1041 1899 Gnosticis,
1061 1808 1134 1882 Dei
1152 1808 1276 1882 summi
1295 1810 1386 1881 uxo·

187 1929 256 1978 rem
280 1905 345 1980 elle
373 1915 480 1979 ἔννοιαν
509 1910 673 1995 ennoiam,
714 1909 832 1981 Patres
854 1907 895 1980 ad
925 1908 1094 1994 Simonis,
1126 1905 1186 2002 qui
1211 1905 1247 1979 se
1268 1907 1389 1979 Deum

186 2000 335 2099 jaslavit,
362 2026 509 2075 uxorem
525 2001 730 2075 retulerint:
756 2001 814 2076 sed
839 2000 864 2074 st
887 2001 1145 2076 haeresiarchae
1160 1999 1293 2074 fuerint
1309 2001 1389 2097 opi·

191 2097 320 2186 niones,
336 2097 544 2174 alterutrum
559 2096 661 2172 statui
679 2095 815 2195 potest,
839 2099 919 2188 vel,
938 2122 1017 2194 eum
1036 2101 1070 2170 se
1088 2116 1125 2169 et
1141 2120 1285 2171 uxorem
1302 2119 1388 2170 con·

188 2191 350 2282 fidemsse,
378 2209 547 2289 tanquam=
558 2193 674 2268 infitas
693 2194 862 2267 habentes
878 2196 1053 2292 supremas
1068 2217 1182 2267 aeones
1199 2191 1388 2268 Gnostico-

184 2311 277 2376 rum,
299 2313 428 2364 uxorem
445 2292 615 2364 Helenam
658 2290 773 2365 uidem
795 2288 973 2386 spiritum,
999 2307 1037 2361 et
1052 2293 1216 2386 annosam,
1240 2307 1390 2364 matrem

183 2383 352 2476 omniurn,
376 2387 436 2460 scu
452 2385 526 2459 vim
549 2315 787 2478 effesiricem,
813 2408 854 2458 ac
876 2385 1173 2484 purificatricem,
1196 2385 1391 2461 animarum

183 2480 414 2572 rationalium,
458 2481 497 2555 in
520 2483 638 2570 Luna,
673 2483 765 2556 unde
790 2481 916 2555 Selene
942 2483 999 2556 vel
1028 2483 1107 2555 luna
1144 2482 1216 2557 dici
1250 2483 1392 2580 potuit,

184 2575 404 2666 residentem,
436 2575 471 2650 se
499 2599 586 2652 vero
613 2580 796 2652 masculum
823 2601 972 2669 aeonem,
998 2597 1034 2651 et
1058 2577 1211 2669 venisse,
1237 2601 1276 2652 ut
1297 2579 1391 2652 islam

184 2689 341 2762 matrem,
364 2675 407 2748 ab
435 2672 601 2772 Angelis,
627 2675 746 2748 mundi
772 2675 988 2750 creatoribus
1013 2697 1053 2748 ac
1076 2673 1392 2777 gubernatoribus,

190 2766 377 2860 detentam,
395 2768 580 2859 liberaret,
600 2792 637 2844 et
652 2771 833 2862 homines,
860 2773 919 2846 seu
934 2774 1080 2861 animas,
1098 2795 1119 2841 e
1136 2770 1392 2844 servituteeri·
1446 2836 1449 2840 .

185 2882 285 2961 peret
302 2888 367 2964 per
391 2864 584 2939 doctrinam
608 2867 720 2956 suam,
760 2885 798 2939 et
822 2866 896 2940 vim
921 2868 1012 2941 illam
1043 2866 1179 2938 insitam
1203 2868 1393 2939 daemones

184 2960 381 3057 subigendi3
421 2986 490 3057 quo
514 2966 625 3057 magio
650 2961 773 3034 referri
797 2959 915 3058 potest
946 2960 1009 3057 ipsa
1036 2960 1186 3050 tributa,
1227 2962 1394 3035 necnon

187 3054 299 3131 titulus
322 3067 430 3137 kuste
451 3056 593 3154 flantis,
624 3081 665 3131 ac
681 3056 892 3145 inmortalis,
926 3081 995 3154 quo
1026 3057 1059 3130 se
1084 3054 1286 3155 insignivit,
1320 3056 1393 3149 ool,

183 3152 377 3250 conjugium
396 3154 477 3229 illud
495 3152 590 3229 suum
609 3152 735 3249 respici
754 3152 920 3243 voluisse,
939 3172 1101 3249 tanquam
1117 3154 1286 3228 emblema
1295 3151 1391 3250 Dei,

184 3246 316 3345 ejusque
343 3249 593 3338 emanationis,
617 3250 774 3346 adeoque
798 3250 1012 3347 significare,
1038 3250 1076 3324 in
1088 3252 1192 3341 Deo,
1218 3267 1302 3323 ente
1319 3272 1383 3323 ne·

185 3340 321 3419 cessario
346 3344 544 3436 existente,
578 3344 646 3419 effe
668 3352 845 3438 rationem,
886 3343 1111 3442 sapientiam,
1150 3369 1295 3444 eamque
1317 3346 1394 3443 pri·

185 3458 267 3514 mam
290 3440 568 3531 emanationem,
593 3440 626 3514 ei
651 3441 744 3515 arble
769 3443 1035 3532 adhaerentem,
1060 3462 1097 3518 et
1119 3442 1340 3517 adamatam·
1391 3446 1394 3451 ’

230 3533 258 3633 s.
280 3538 508 3611 chxxxl.
552 3536 620 3611 Sed
645 3537 862 3635 Epiphanius
895 3538 939 3635 de
965 3536 1106 3613 Simone
1132 3537 1255 3626 tradit,
1288 3544 1398 3635 eum,

184 3628 220 3703 se
246 3630 309 3705 effe
331 3632 497 3709 summam
528 3634 599 3707 Dei
624 3632 719 3724 vim,
760 3652 799 3707 et
831 3657 978 3709 uxorem
1012 3634 1102 3709 suam
1136 3634 1307 3731 Spiritum
1335 3636 1402 3725 S.„

191 3722 325 3801 dixisl'e:
352 3753 419 3825 qua
434 3727 571 3803 ratione
587 3730 621 3803 se
646 3752 713 3824 pro
730 3727 820 3803 Filio
838 3728 908 3803 Dei
928 3728 1153 3816 venditasset,
1179 3732 1270 3826 quod
1288 3730 1393 3804 Pseu·

185 3818 231 3891 do
256 3822 383 3899 Abdias
408 3825 445 3899 in
470 3823 549 3901 hist.
574 3822 697 3921 Apost.
723 3827 745 3898 l.
773 3826 802 3899 Ι.
827 3826 1032 3914 confimtat,
1058 3849 1094 3900 et
1112 3825 1273 3901 Clemens
1286 3826 1392 3901 Alex.

188 3916 309 3993 Strom.
332 3921 382 3995 11:
408 3938 468 3997 ua.
494 3921 568 3995 imo
598 3921 838 4017 Hieronymus
856 3922 899 3996 ad
916 3924 1031 4018 Matt,
1050 3924 1188 3998 XXIV.
1213 3923 1302 3996 haec
1320 3922 1398 4015 ejus

188 4015 293 4089 verba
313 4008 422 4092 citati
448 4017 590 4114 egosum
604 4018 711 4113 sermo
736 4020 822 4106 Dei,
848 4042 906 4113 ego
923 4015 1001 4113 sum
1011 4016 1198 4117 speciosus,
1223 4042 1282 4113 ego
1291 4034 1396 4110 poro·

188 4107 308 4198 cletus,
330 4136 388 4208 ego
412 4120 625 4210 omnipotens,
658 4140 713 4209 ego
740 4118 844 4189 omnio
871 4115 947 4189 Dei
1032 4140 1095 4190 uae
1117 4115 1142 4189 st
1167 4114 1285 4188 secum
1308 4132 1395 4183 con·

183 4203 326 4282 ciliaoda
349 4210 437 4333 fiat,
469 4208 691 4339 advocandus
716 4210 777 4381 estS
786 4214 972 4401 paeonem,
1006 4212 1067 4309 qui
1090 4204 1404 4388 Simonenpa'lsleaeig
