3609 5500
684 917 707 988 ·'
793 909 799 922 '
842 927 952 1014 sicul.
983 923 1017 1016 l.
1114 931 1124 998 ’.
1468 945 1543 1049 223

309 1106 498 1208 tenderit,
520 1109 571 1212 is,
597 1116 637 1196 ni
655 1113 776 1207 fallor,
800 1137 874 1192 non
890 1113 1094 1208 mirabitur,
1120 1115 1246 1193 nullius
1265 1120 1389 1221 synodi
1405 1122 1534 1206 fatiam

296 1213 377 1289 effe
406 1213 653 1306 mentionem,
685 1216 815 1288 nullum
839 1236 979 1310 quoque
1006 1214 1081 1309 ejus
1104 1215 1264 1311 respeilu
1288 1218 1408 1296 datum
1431 1222 1536 1302 fuiffe

294 1313 348 1386 ab
366 1306 552 1408 Apostolis
568 1329 816 1410 praeceptum,
833 1329 893 1384 aut
908 1309 1096 1384 monitum.
1132 1311 1283 1420 synodis
1299 1313 1371 1390 hoc
1390 1338 1528 1417 ternpo-

289 1427 342 1481 re
369 1406 491 1480 nullus
510 1427 588 1482 erat
613 1411 734 1496 loeus,
772 1429 853 1480 tum
879 1405 975 1503 quod
1003 1403 1166 1501 Apostoll
1192 1410 1248 1483 vel
1271 1407 1359 1505 ipsr,
1383 1415 1442 1487 vel
1465 1437 1532 1513 per

292 1500 573 1600 Euangelistas,
598 1505 672 1580 srve
694 1500 814 1576 millos
835 1502 931 1592 suos,
956 1502 1074 1575 omnia
1092 1502 1220 1600 ubique
1246 1503 1463 1599 direxerint,
1488 1529 1530 1586 ut

287 1623 351 1712 fx
365 1596 623 1696 superioribus
645 1595 802 1687 constat,
845 1617 920 1672 tum
942 1596 1120 1704 Ecclesiae
1146 1599 1372 1696 particulares
1396 1602 1532 1686 fuerint

284 1693 704 1889 amillau
720 1693 1354 1896 trlrsrtllllurnslu
1367 1701 1530 1874 ,tlh

285 1885 490 1977 sociatae,
514 1904 574 1978 ut,
599 1888 641 1961 ad
669 1907 893 1960 communem
911 1884 1121 1974 utilitatem,
1144 1885 1406 1984 quaestionesve
1430 1893 1529 1970 deci·

285 1981 464 2071 dendas,
494 1981 634 2057 neeeffe
651 1981 761 2056 fuerit
785 1983 823 2056 in
847 2001 956 2055 unum
980 1979 1184 2058 convenire.
1233 1985 1291 2058 De
1317 2007 1386 2082 quo
1411 1987 1460 2062 sm
1488 2015 1528 2064 u·

285 2081 424 2158 hrum
447 2073 676 2153 Ecclesrarum
700 2073 811 2167 statu,
836 2095 874 2152 et
900 2074 1109 2173 conspeetu,
1133 2099 1179 2154 ex
1205 2077 1306 2154 neris
1328 2102 1366 2156 et
1390 2083 1456 2181 Ep'
1489 2109 1529 2160 o·

286 2173 350 2252 lis
384 2170 639 2272 Apostolomm
671 2173 763 2249 clare
792 2171 956 2263 constat,
997 2171 1028 2245 E
1055 2170 1173 2247 istohe
1230 2199 1347 2275 uoque
1377 2180 1528 2276 Apocal.

292 2269 348 2346 11
372 2285 416 2342 et
434 2269 498 2344 111.
521 2268 622 2378 haud·
631 2271 775 2344 obscure
794 2266 973 2379 testantur.
1020 2196 1182 2345 hbstinui
1212 2295 1386 2371 equoque
1404 2275 1530 2352 viden·

301 2383 422 2441 tura
467 2384 641 2462 raeceptrs
662 2364 730 2439 hac
753 2366 797 2440 de
824 2387 864 2438 re
890 2387 929 2439 rn
956 2363 1135 2459 posterum
1160 2365 1301 2459 dandis,
1334 2369 1406 2445 live
1433 2370 1529 2469 quod

295 2457 403 2542 illud
503 2459 649 2536 essarum
673 2458 890 2537 ordinationi
915 2459 1142 2568 reliquerint,
1166 2465 1386 2558 generalibus
1411 2468 1528 2543 moni·

289 2559 355 2636 tis
381 2553 429 2630 de
452 2579 543 2653 pace
567 2575 605 2630 et
627 2555 758 2632 unione
790 2556 907 2632 seeum
932 2559 1087 2630 invicem
1116 2558 1374 2653 conservanda,
1407 2563 1529 2642 litibus

295 2649 505 2732 ambitiosis
527 2671 566 2726 et
588 2651 819 2728 contentiosis
836 2651 1007 2741 vitandis,
1035 2654 1153 2726 ordinis
1169 2672 1206 2726 et
1230 2659 1395 2734 decentiae
1419 2683 1525 2760 regu·

292 2753 345 2833 lis
370 2748 483 2825 unice
507 2750 689 2840 tenendis,
726 2754 842 2824 1Cor.
867 2748 971 2824 XIV.
998 2750 1058 2825 fin.
1084 2746 1314 2850 similibusque
1340 2756 1415 2830 aliis
1439 2783 1526 2833 con·

295 2846 429 2939 tenti,
453 2844 546 2937 five,
569 2846 722 2942 synodos
737 2845 907 2943 ejusmodi
933 2846 970 2919 in
995 2846 1245 2922 controversiis
1266 2851 1311 2924 de
1327 2852 1418 2943 fide,
1442 2878 1527 2950 prae

295 2942 497 3023 hominum
512 2941 707 3017 ambitione
732 2962 769 3015 et
784 2941 1039 3038 corruptione,
1067 2943 1230 3018 salutares
1257 2969 1328 3019 non
1344 2947 1524 3025 habituras

295 3036 480 3131 effeetus,
502 3036 763 3135 praeviderint,
789 3037 861 3112 five
885 3036 1037 3134 denique
1062 3034 1364 3129 existimaverint,
1397 3043 1523 3117 funda⁴

293 3150 436 3215 menta
456 3134 536 3209 fidei
564 3153 602 3208 et
626 3133 722 3209 vitae
740 3133 957 3208 Christianae
982 3130 1063 3204 satis
1085 3134 1177 3206 clare
1203 3134 1272 3207 elle
1296 3134 1461 3224 definita,
1485 3155 1526 3213 ut

299 3228 500 3309 diliculum
522 3229 588 3305 vix
613 3229 822 3320 admittant3
848 3227 980 3323 reliqua
1004 3224 1165 3321 dogmata
1189 3252 1209 3302 a
1231 3227 1369 3327 singulis
1392 3255 1457 3328 pro
1475 3234 1526 3307 lu·

299 3344 357 3407 'ce
385 3324 442 3401 sua
463 3324 533 3402 else
558 3324 802 3423 dijudicanda,
836 3344 873 3399 et
896 3320 1082 3432 dissensum
1106 3322 1173 3398 hac
1196 3344 1297 3420 parte
1320 3349 1386 3495 per
1408 3349 1525 3404 mutue

296 3448 366 3503 am
391 3422 622 3511 clraritatem,
662 3421 751 3494 salva
776 3420 907 3495 unione
933 3416 1148 3509 Christiana,
1191 3418 1261 3494 else
1286 3440 1324 3495 to
1338 3426 1525 3517 erandunr,

295 3518 438 3617 ‘absque
452 3538 493 3591 ut
512 3518 570 3592 alii
587 3516 625 3592 in
639 3517 726 3590 alios
742 3533 930 3591 exerceant
947 3512 1133 3609 inperium.
1183 3515 1265 3615 Quo
1281 3519 1378 3594 varia
1394 3521 1525 3600 Christi

299 3636 351 3693 et
375 3612 628 3712 Apostolorum
651 3609 802 3703 monita,
835 3613 908 3687 sive
932 3607 1067 3683 direcle
1092 3609 1163 3683 five
1190 3610 1382 3705 indrede,
1415 3618 1526 3694 mani.

299 3710 400 3791 feste
422 3710 595 3801 tendunt,
634 3706 764 3783 Christi
793 3732 849 3783 ex.
875 3731 927 3875 qr.
954 3707 1062 3779 Matt.
1090 3708 1226 3781 XXlll:
1260 3718 1394 3789 8—12.
1427 3716 1524 3790 Petri

302 3804 450 3887 1Petri
473 3808 524 3881 V:
552 3832 586 3903 3.
616 3800 712 3880 Pauli
741 3807 858 3879 1Cor.
904 3804 948 3875 ll.
982 3801 1084 3874 XlV.
1120 3821 1157 3875 et
1180 3803 1268 3879 Phil.
1292 3808 1359 3880 lll:
1390 3832 1445 3900 15.
1480 3832 1523 3885 ae

301 3903 393 3983 alibi
416 3900 533 3999 saepe.
583 3899 773 3998 Inprimis
798 3897 961 3973 notabilis
987 3894 1038 3968 est
1063 3897 1159 3971 locus
1185 3920 1201 3971 1
1223 3903 1303 3976 Cor.
1329 3904 1394 3977 Ill:
1426 3928 1524 3979 11-

305 4020 373 4091 15.
407 3998 469 4073 ubi
500 3997 629 4071 diserte
657 3997 828 4085 declarat,
870 3992 1120 4081 fundamento,
1163 3996 1256 4088 quod
1281 3995 1355 4093 ipse
1382 4002 1523 4095 posuit,

304 4094 432 4191 Jesum
457 4092 518 4190 ff
543 4090 720 4189 Christum,
763 4092 876 4180 salvo,
922 4088 1111 4184 unicuique
1142 4088 1407 4188 relinquendum
1432 4099 1521 4188 esse,

333 4191 395 4265 uid
418 4189 589 4286 supereo
616 4188 876 4276 aedificaverit,
900 4185 1011 4282 magis
1033 4183 1191 4258 minusve
1214 4210 1357 4279 verum,
1383 4211 1420 4263 et
1443 4216 1524 4286 prr·

304 4286 459 4374 trusum,
485 4307 546 4361 aut
569 4284 804 4374 eontrarium,
838 4306 918 4356 cum
946 4282 1006 4354 suo
1032 4298 1193 4376 tempore
1219 4282 1300 4358 illud
1326 4287 1365 4357 srt
1392 4311 1411 4357 a
1441 4289 1521 4361 Deo

305 4379 572 4476 dijudicandum
597 4401 668 4458 etc.
717 4378 775 4455 De
791 4404 860 4479 quo
884 4378 947 4551 ipit
965 4376 1119 4475 pluribus
1137 4376 1301 4458 disserere
1326 4380 1525 4561 nonvlpefepi

926 4496 994 4565 eo
