3609 5500
203 767 209 778 ι

329 804 333 814 i

1380 869 1382 876 ι

1356 939 1360 949 ι

202 1049 209 1066 .
278 960 352 1020 200
685 930 833 1037 Historia
855 933 986 1041 Erilis.
1013 934 1127 1042 cin'Jl.

281 1117 565 1219 praescribuntur
589 1117 728 1215 prorsus
761 1120 883 1193 eadem
920 1120 1080 1196 iThell.
1118 1119 1167 1194 V:
1197 1137 1254 1192 ii.
1311 1114 1423 1194 iPen
1450 1114 1504 1200 Vs

279 1219 446 1311 Denique
475 1218 601 1288 osisines
634 1214 863 1289 Ecclesiastici
897 1218 935 1290 in
964 1221 1168 1314 presbyteros
1197 1212 1439 1311 dispescuntur
1463 1232 1504 1287 et

279 1315 449 1390 Diaconos
482 1312 569 1384 Phil.
608 1311 636 1381 1:
674 1335 704 1385 i.
760 1313 893 1386 iTim.
927 1315 993 1389 lll:
1022 1336 1055 1403 1,
1083 1337 1115 1388 2.
1165 1310 1270 1403 eujus
1302 1310 1503 1407 argumenti

277 1410 333 1481 vis
359 1409 482 1480 clirius
510 1405 697 1497 elucescit,
734 1405 758 1479 si
783 1409 908 1481 modus
934 1409 1101 1505 loquendi
1136 1406 1173 1480 in
1201 1404 1314 1502 Epist,
1344 1406 1501 1502 Ignatii-

278 1528 353 1594 iiis‚
375 1504 520 1599 aliilque
537 1504 611 1598 ejus
637 1504 809 1598 temporis
829 1505 1087 1593 monumentis,
1117 1501 1341 1591 conferatur,
1368 1500 1503 1600 quippe

280 1601 318 1675 in
347 1599 471 1697 quibus
506 1599 542 1669 lii
571 1595 711 1672 ordines
744 1596 1002 1694 Episcoporum
1036 1619 1074 1672 et
1103 1601 1207 1671 Presb
1236 1619 1392 1672 terorum
1427 1597 1503 1671 ubi-

279 1721 349 1792 que
377 1692 657 1789 dlstinguuntur,
695 1695 768 1768 imo
799 1692 963 1791 nusquam
997 1698 1181 1794 presbyter
1208 1623 1398 1789 sipiscopi,
1441 1712 1502 1779 aut=

279 1791 477 1888 Episcopus
500 1791 705 1885 presbyteri,
732 1790 877 1864 nomine
897 1790 1103 1887 insignitur,
1128 1790 1186 1864 ubi
1212 1788 1354 1864 ordines
1377 1790 1500 1864 Eccle-

282 1886 410 1964 siastici
436 1884 669 1959 recensentur.

328 1982 359 2081 s.
386 1982 602 2054 CLXXVII.
632 2002 664 2053 a.
691 1978 813 2054 Altera
841 2004 921 2056 mea
947 1982 1073 2071 thesis,
1099 1977 1270 2077 superiori
1296 1978 1339 2072 ad
1358 1979 1497 2055 senten·

281 2078 368 2153 tiam
392 2078 497 2171 plene
521 2073 706 2149 dicendam
731 2074 908 2167 addenda,
934 2076 1026 2167 sert,
1054 2079 1148 2152 inter
1163 2076 1390 2171 Presbyteros
1416 2074 1497 2152 fuis·

276 2175 444 2264 setinum
471 2170 594 2243 ordine
618 2169 791 2264 primum,
818 2191 855 2243 et
880 2173 1073 2269 praesidem
1103 2190 1335 2268 perpetuum,
1367 2169 1498 2248 liceta

279 2269 423 2366 reliquis
446 2289 568 2365 parum
593 2265 779 2344 diversum.
832 2266 946 2365 Quum
978 2271 1119 2367 quidem
1148 2291 1194 2341 ex
1220 2265 1372 2360 Script.,
1407 2290 1497 2363 quae

278 2360 758 2538 {lileriensis
783 2360 1496 2533 wiltunensium*

277 2485 434 2647 bieme,rn
433 2553 566 2663 ordinis
592 2482 701 2663 eigo,
727 2515 764 2626 ei
791 2488 840 2628 ui·
854 2485 1025 2631 criniusireil
1039 2484 1197 2643 visesur,
1220 2482 1410 2721 seponere
1426 2537 1497 2628 ¹vi·

279 2652 404 2741 detut,
435 2674 494 2746 qui
521 2665 663 2722 coetum
688 2672 726 2723 in
752 2673 860 2726 unum
884 2653 1005 2751 cogit,
1046 2650 1209 2747 suffragia
1233 2653 1390 2747 coligit,
1421 2670 1495 2740 etc.

276 2748 366 2825 sicut
387 2748 423 2820 iu
443 2744 603 2819 omnibus
627 2744 768 2818 obtinet
784 2747 954 2843 collegiis.
1005 2755 1044 2839 β.
1068 2748 1158 2838 Sed,
1185 2746 1287 2820 talem
1302 2743 1496 2844 praefidem

278 2841 471 2919 obtinuisse
491 2859 699 2938 perpetuum
728 2843 827 2915 etad
850 2846 981 2933 vitani,
1006 2844 1188 2941 probabile
1214 2843 1280 2932 fit,
1305 2864 1406 2933 cuni,
1459 2867 1500 2918 er

278 2937 599 3036 conformationem
633 2935 815 3044 regiminis
848 2940 1022 3018 Ecclesiae
1059 2941 1101 3016 ad
1133 2943 1395 3035 synagogarum
1431 2868 1494 3035 i·

277 3040 468 3125 dacorum,
493 3059 512 3109 a
540 3030 666 3108 lionis
690 3033 818 3108 dudum
838 3035 1123 3126 demonstratam,
1156 3035 1214 3107 ubi
1244 3037 1327 3114 tales
1352 3033 1499 3110 fuerunt

275 3132 472 3221 Praesides,
506 3127 781 3227 Ascli-synogogi
807 3130 987 3229 adpellnti,
1013 3153 1106 3223 tuni,
1133 3130 1226 3228 quod
1250 3129 1333 3209 hinc
1357 3129 1497 3206 facilius

277 3231 372 3308 satio
406 3227 481 3303 dari
507 3245 610 3324 queat
643 3228 873 3324 Episcopatus
897 3250 967 3302 tam
1001 3231 1075 3303 cito
1111 3224 1322 3314 introduco,
1361 3227 1414 3301 uti
1442 3226 1496 3299 se·

305 3343 413 3398 uente
435 3325 506 3418 jam
534 3321 682 3417 periodo
713 3324 813 3417 hujus
847 3323 951 3397 seculi
979 3323 1144 3419 contigit.
1197 3324 1255 3395 De
1279 3344 1349 3417 quo
1373 3318 1497 3418 postea

276 3352 342 3497 suo
367 3420 447 3489 loco
471 3416 640 3489 differam.
689 3419 852 3489 Ceterum
879 3418 1053 3491 observari
1082 3437 1258 3506 meretur,
1301 3418 1394 3512 quod
1424 3416 1495 3509 dis·

277 3512 411 3612 putatis
435 3508 629 3582 addendum
658 3507 729 3597 est,
753 3512 898 3584 eandem
925 3513 1105 3586 nobiscum
1136 3512 1342 3586 sententiam
1366 3510 1496 3589 fouisse

139 3654 142 3659 -
277 3627 439 3683 autorem
468 3604 807 3679 Commentariorum
841 3608 878 3683 in
913 3609 1084 3704 Epistolis
1110 3609 1228 3699 Pauli,
1268 3609 1498 3707 Hieronymo

276 3703 364 3783 salso
389 3701 663 3795 adscriptorum,
706 3703 765 3796 qui
789 3701 830 3774 ad
867 3705 1097 3781 1Tim.111.
1131 3706 1167 3779 in
1196 3706 1285 3779 haec
1309 3705 1416 3778 verba
1439 3706 1493 3779 lo·

303 3800 416 3873 uitur:
443 3801 627 3892 quaeritiis,
658 3820 715 3870 ciii
731 3801 767 3870 do
781 3804 982 3897 presbyteris
1003 3804 1123 3877 nullam
1138 3800 1265 3894 fecerit
1282 3805 1495 3894 mentionem,

269 3826 337 3997 iss
359 3920 411 3966 eos
435 3897 468 3965 i'ii
496 3893 722 3988 Episcoporrim
758 3900 878 3969 nomine
903 3901 1196 3993 conprehenderit?
1229 3902 1302 3993 quia
1327 3893 1496 3992 secundus

276 3993 351 4098 vido
380 4008 460 4082 pene
487 4013 569 4071 unus
593 3989 639 4098 ess
666 3992 790 4099 gratim
817 4011 888 4103 etc.
939 3996 1044 4104 Quod
1060 3999 1120 4104 'ab
1147 3991 1249 4089 ipsius
1276 3991 1496 4106 Hieronymi

275 4103 550 4301 iienioevuiifuii
574 4087 796 4278 arcisisis}
812 4088 1188 4283 ⁶l>llills¹illstipll
1208 4090 1497 4262 illllslllt

277 4308 359 4489 mg:
379 4371 612 4459 CLXXVIII.
644 4371 674 4449 F
675 4396 774 4452 orma
803 4375 988 4478 regiminis
1013 4375 1245 4465 EcclesiastIci
1270 4375 1495 4487 ΙἰηῈτεεΙεῦς

284 4534 288 4539 -
345 4528 347 4532 ’
838 4570 848 4584 .
937 4554 939 4559 ,
1318 4496 1503 4574 primaeva
