3609 5500
935 429 937 440 Ι

267 428 1690 702 —

679 945 683 952 ·
794 875 1037 990 suutiii}
1459 919 1532 1006 aar

314 1117 372 1193 ego
397 1089 600 1190 Fructuosum
623 1118 682 1167 riori
707 1094 794 1185 cuso,
825 1094 890 1191 sed
914 1097 1016 1191 ipsium
1042 1092 1128 1181 cosa,
1155 1115 1246 1188 querit
1269 1108 1302 1167 et
1323 1091 1527 1190 Frustuasur.

314 1193 543 1268 Admiserunt
567 1191 680 1264 adhuc
704 1195 824 1264 eadem
851 1193 1055 1288 ratiocinia,
1094 1188 1138 1261 ad
1162 1191 1230 1265 l'ec.
1261 1193 1307 1264 11.
1365 1190 1528 1278 rodutta,

315 1291 441 1386 quibus
464 1290 585 1359 eadem
611 1286 714 1359 thesis
739 1287 976 1362 confirmatur.
1024 1284 1094 1359 Sed
1128 1306 1183 1358 res
1215 1283 1268 1359 est
1299 1307 1333 1359 te
1386 1287 1530 1376 tiffima,

317 1408 388 1458 nec
411 1383 444 1455 ei
472 1383 608 1454 necesse
639 1382 689 1454 est
712 1381 888 1457 inmorari.

362 1481 393 1578 q.
419 1479 514 1551 XLI.
540 1481 718 1574 Martyres
734 1478 896 1574 quidem,
924 1496 964 1552 ut
979 1476 1021 1552 ad
1039 1473 1147 1572 magis
1165 1477 1349 1575 fingularia
1364 1476 1527 1566 veniam,

317 1575 484 1671 religiose
504 1597 575 1646 nori
593 1581 671 1644 lunt
697 1575 807 1663 culti,
833 1593 986 1647 attamen
1003 1574 1115 1645 nimio
1140 1574 1268 1649 adfecti
1286 1576 1443 1663 honore,
1468 1571 1530 1668 qui
1595 1580 1597 1583 ’

273 1709 279 1721 ·
318 1672 488 1765 deinceps
523 1666 794 1763 superstitiosum
827 1671 960 1743 cultum
997 1670 1137 1765 peperit
1167 1669 1388 1767 religiosum.
1422 1668 1530 1763 Cujus
1637 1762 1640 1768 .

317 1769 388 1842 duo
412 1764 589 1862 proferam
614 1762 825 1856 specimina,
867 1765 938 1838 hoc
964 1764 1078 1836 seculo
1111 1765 1261 1839 maxime
1297 1789 1384 1841 orta.
1432 1767 1533 1841 Prius

318 1862 391 1952 est,
414 1860 508 1956 quod
533 1881 655 1931 eorum
684 1859 986 1933 interceffionibus
1013 1859 1159 1932 nimium
1193 1862 1401 1951 tribuerint,
1426 1885 1531 1948 cum,

320 1955 413 2056 quod
442 1953 673 2051 indulgentias
704 1979 765 2029 eos
797 1958 833 2028 iii
864 1954 1016 2029 Ecclesia
1048 1954 1131 2027 dare
1163 1956 1261 2050 posse
1292 1956 1530 2042 crediderint,

321 2074 416 2141 tum,
441 2050 533 2148 quod
558 2073 623 2144 pro
648 2051 744 2138 aliis,
772 2050 827 2124 sua
845 2049 1111 2138 intercessione,
1146 2053 1291 2124 multum
1310 2052 1400 2146 apud
1418 2051 1533 2148 ipsum

319 2150 439 2223 Deum
463 2146 600 2239 valere,
626 2146 749 2220 cenfiti
765 2146 912 2221 suerint.
952 2146 1192 2241 Indulgendum
1208 2148 1348 2245 quidem
1376 2146 1442 2221 suis
1459 2172 1533 2221 me·

319 2246 400 2319 ritis
425 2261 462 2315 et
485 2239 795 2332 satisfactionibus,
838 2243 915 2315 aliis
935 2242 1140 2336 adplicitis,
1173 2265 1245 2315 non
1268 2243 1530 2339 dispensarunt,

317 2341 371 2415 uti
383 2336 518 2437 postea,
537 2335 783 2432 superstitione
791 2336 990 2425 crescente,
1010 2336 1138 2412 fassum
1150 2336 1220 2426 est,
1238 2337 1316 2428 sed„
1333 2339 1531 2438 interreffii·

315 2442 414 2511 uibus
443 2452 480 2505 et
513 2437 835 2506 curamenduriurribus
867 2433 959 2530 apud
984 2434 1194 2531 Episcopum
1227 2453 1265 2505 et
1293 2436 1453 2529 plebem,
1495 2437 1535 2511 id

319 2534 438 2607 facere
461 2546 673 2622 coeperunt:
698 2529 751 2602 uti
776 2528 953 2627 sequentia
971 2529 1151 2603 evincunt.
1204 2550 1236 2601 1.
1261 2529 1456 2625 Cyprianus
1480 2531 1536 2605 ni·

319 2628 411 2702 miae
431 2624 557 2697 huicce
583 2622 815 2696 consessorum
840 2623 1022 2713 licentiae,
1051 2622 1205 2721 inlapsis
1227 2627 1535 2717 commendandis,
1587 2660 1591 2670 ·

316 2718 500 2802 manifeste
519 2718 749 2809 contradicit,
767 2740 928 2817 tanquam
940 2720 1010 2816 jam
1029 2718 1231 2817 ingruenti,
1248 2742 1305 2815 ep.
1330 2742 1386 2795 aa.
1411 2722 1454 2797 ad
1470 2726 1537 2809 cle·⁴
1594 2722 1597 2728 ’

318 2844 390 2896 rum
409 2819 533 2890 Romae
559 2815 792 2911 confiscatam:
818 2818 909 2912 quod
936 2816 1058 2911 utique
1083 2838 1152 2890 non
1178 2815 1336 2906 feeiffet,
1361 2816 1538 2896 neotum

319 2915 449 2993 merita
474 2909 614 2986 suiss'ent
654 2910 750 3008 lapsis
782 2911 965 3005 inputata
1005 2932 1039 2987 2.
1063 2913 1106 2985 In
1137 2910 1255 3008 specie
1284 2913 1538 3007 reprehendit,

322 3009 417 3112 quod
444 3008 592 3081 inundarit
615 3010 738 3081 nomine
753 3005 816 3104 suo
833 3004 1051 3102 pacem‘dari,
1078 3032 1120 3082 ac
1132 3022 1271 3104 peccatu
1284 3012 1408 3081 remitti
1414 3036 1429 3098 ,·
1453 3033 1537 3085 cum

321 3111 361 3183 id
385 3107 564 3178 innomine
591 3105 726 3190 Putris,
765 3104 844 3174 Filii
873 3119 906 3174 et
938 3103 1083 3197 Spiritus
1107 3105 1144 3177 S.
1176 3116 1303 3174 tantum
1327 3104 1402 3198 ficri
1428 3101 1540 3201 suffit.

320 3201 474 3280 Accedit
507 3222 539 3293 3.
563 3197 726 3293 adpellari
747 3215 883 3272 tantum
917 3217 1107 3294 martyrum
1130 3197 1326 3295 petitiones,
1361 3195 1541 3293 desideria,

297 3298 447 3396 ¹quibus
471 3294 611 3370 veniam
637 3293 734 3391 lapsis
759 3294 832 3368 dari
857 3297 1050 3386 petebant,
1078 3296 1134 3367 vel
1157 3293 1384 3388 inperabant:
1418 3296 1469 3370 uti
1488 3293 1541 3374 est

296 3413 379 3503 ep.
403 3397 469 3466 'ro.
504 3390 547 3463 ad
581 3407 700 3487 maryr.
743 3409 780 3463 et
814 3388 942 3486 couseffi
993 3393 1163 3464 Attamen
1194 3386 1292 3462 hisce
1327 3390 1543 3483 intercessio·

323 3492 422 3566 nibus
445 3485 593 3560 nimium
635 3487 735 3561 suilse
770 3486 913 3576 datum,
948 3485 1126 3584 sequentia
1156 3483 1259 3559 facile
1290 3485 1541 3577 demonstrant.

328 3610 361 3662 1.
387 3581 646 3657 Petitiones’et
673 3581 1081 3656 intercessores-eorum
1109 3580 1343 3657 consideratae
1374 3584 1540 3677 suerunt,

322 3701 486 3777 tanquam
503 3679 545 3749 ab
562 3683 680 3753 amicis
699 3681 848 3766 Domini,
874 3694 907 3750 et
922 3703 993 3753 curi
1010 3680 1064 3750 illo
1074 3680 1300 3773 judicaturis,
1335 3679 1540 3773 proiectae,

324 3801 381 3875 ep.
411 3800 487 3860 io.,
513 3773 670 3866 adeoque
690 3799 775 3870 quae
799 3772 897 3869 lapsis
922 3772 1014 3869 quasi
1041 3774 1180 3845 veniam
1216 3772 1459 3866 inpetrabant,
1492 3782 1542 3850 sac

352 3887 472 3944 eccata
498 3868 743 3956 remittebant,
769 3891 826 3961 ep.
856 3891 914 3939 20.
940 3867 1094 3939 Celerini
1119 3868 1162 3939 ad
1186 3866 1399 3940 Luciairum:
1426 3869 1485 3943 ubi
1503 3889 1542 3945 et

275 4013 281 4020 ·
321 3897 414 4043 baec
439 3979 629 4034 occurrant
654 3967 783 4048 uerba,
815 3959 878 4057 sed
898 3978 1055 4055 qiiutenttr
1076 3980 1135 4053 per
1157 3960 1281 4052 restrui
1298 3958 1437 4053 sanlius
1468 3989 1542 4040 ora·
1597 4019 1599 4021 >

325 4069 427 4141 tiones
452 4074 484 4129 et
511 4059 701 4153 petitiones,
742 4059 777 4128 iri
802 4079 881 4149 quur
900 4079 956 4129 uos
979 4058 1136 4153 fidimus,
1175 4059 1321 4153 quonium
1338 4054 1413 4153 estis
1448 4065 1546 4134 amici

325 4162 414 4246 Dei,
430 4152 492 4250 sed
518 4171 549 4226 et
578 4153 674 4250 testes
695 4149 833 4246 Christi,
874 4154 952 4247 quud
983 4155 1091 4225 omniu
1123 4155 1329 4247 indulgeatis.
1380 4176 1412 4228 2.
1437 4155 1544 4230 Eous·

326 4279 396 4353 que
421 4272 527 4345 porto
555 4249 626 4345 jain
654 4268 814 4323 creverat
839 4270 962 4323 eorum
986 4248 1174 4339 autoritas,
1208 4265 1244 4322 ut
1277 4252 1311 4321 in
1338 4250 1547 4349 norisne-sur

323 4360 462 4460 peccatu
485 4347 690 4441 remittant,
724 4360 757 4422 rt
778 4341 947 4444 Episcopus
976 4343 1178 4438 mandent,
1200 4364 1243 4421 ut
1272 4343 1384 4442 lapsos
1416 4348 1548 4439 recipi·

326 4467 330 4473 ·
382 4441 467 4518 Tum.
494 4439 567 4518 ΙΙΙ.
617 4458 622 4465 “
883 4440 1065 4527 Mmmm
1469 4456 1556 4554 aurp
