3609 5500
1701 725 1710 740 ἱ

1281 829 1291 845 Ι

860 975 1038 1056 Seculll.
1482 996 1553 1072 433

293 1177 296 1181 ’
318 1154 464 1230 ratione
491 1157 691 1234 Menarcbia
715 1158 787 1234 Dei
814 1158 1000 1233 consistere
1025 1154 1147 1255 pouit,
1173 1155 1254 1253 quia
1271 1178 1360 1230 unus
1376 1154 1427 1230 est
1450 1156 1549 1230 Deus

318 1251 446 1342 Pater,
471 1273 509 1327 et
525 1253 631 1327 Filius
655 1256 728 1351 ejus
744 1254 918 1329 derivatio
944 1252 1112 1340 indivisa,
1139 1277 1180 1326 ac
1205 1251 1342 1346 portio:
1368 1252 1459 1326 unde
1485 1254 1546 1325 Pa·

324 1361 381 1418 ter
398 1347 531 1421 eximie
548 1372 629 1422 unns
655 1372 691 1422 et
706 1351 799 1446 solus
814 1353 907 1424 Deus
930 1349 1037 1424 audit.
1084 1347 1169 1422 Vid.
1197 1347 1383 1444 Praescrip.
1410 1350 1548 1422 haeret.

322 1461 353 1513 c.
388 1465 446 1537 13,
472 1450 529 1537 36.
555 1466 635 1517 ants
660 1446 771 1535 Dens,
795 1464 828 1519 et
847 1448 991 1541 Christus
1019 1443 1121 1516 Filias
1146 1447 1222 1517 Dei.
1277 1449 1341 1516 Cur
1368 1447 1472 1517 robur
1486 1446 1546 1516 ad·

321 1536 376 1608 dit
399 1558 496 1611 cont.
524 1542 743 1636 Hermogen.
769 1566 801 1617 c.
828 1566 861 1636 3.
888 1565 923 1632 4.
949 1541 1008 1613 ubi
1032 1543 1190 1628 Patrem,
1220 1545 1358 1633 primurn
1383 1540 1545 1628 omniurn,

322 1636 426 1707 eriam
450 1632 547 1725 Filii,
587 1639 780 1731 principiam
806 1638 875 1711 effe
908 1636 1015 1725 dicit,
1056 1654 1094 1708 et
1119 1656 1306 1733 propterea
1338 1632 1481 1732 proprie
1506 1652 1546 1707 et

320 1751 409 1801 vere
434 1729 552 1804 Deum
588 1735 730 1806 unicum
762 1752 800 1806 et
837 1733 1051 1829 singularem.
1102 1735 1194 1804 Unus
1221 1731 1314 1803 Dent
1338 1732 1459 1817 Pater,
1502 1752 1545 1801 ee

321 1838 381 1921 qna
408 1828 536 1913 amnia,
569 1845 600 1899 rr
624 1830 701 1922 quid
720 1832 780 1899 erit
806 1834 933 1901 unicum
958 1845 990 1901 et
1005 1826 1174 1920 stngtlare
1202 1825 1265 1918 nist
1290 1828 1343 1900 cti
1377 1828 1461 1898 nilril
1486 1826 1544 1898 ad·

326 1924 547 2016 aequabitur?
586 1928 662 2019 quid
681 1928 879 2017 principale,
915 1923 976 2016 nist
998 1927 1079 2019 qnod
1096 1924 1348 2017 superaremur,
1380 1920 1442 2014 nist
1464 1920 1547 2015 quod

323 2035 401 2090 anre
437 2021 563 2104 amnia,
603 2036 636 2089 er
668 2042 708 2089 en
735 2044 793 2114 qtro
825 2023 959 2093 amnia?
1002 2021 1100 2119 Quae
1133 2018 1244 2092 Patris
1268 2018 1410 2112 propria
1443 2018 1543 2105 sunt,
1645 2059 1648 2067 ·

324 2112 433 2185 etiam
456 2111 614 2207 respeftu
640 2114 741 2202 Filii,
782 2134 820 2187 ut
853 2138 897 2187 err
930 2113 1017 2187 serie
1043 2113 1214 2186 orationis
1237 2111 1406 2187 constat·
1435 2111 1543 2186 Addo

290 2226 425 2292 stunt.
450 2207 549 2283 Prax.
574 2230 605 2282 c.
635 2233 668 2302 3.
716 2210 813 2281 illins
830 2212 988 2284 divinitas
1013 2209 1059 2302 eli
1069 2211 1318 2304 principaliter,
1344 2236 1365 2282 a
1388 2231 1446 2305 qao
1462 2232 1544 2282 com·

323 2306 509 2378 ntunirarur
534 2305 569 2374 in
593 2303 724 2379 lilium.
773 2309 804 2378 d.
830 2308 1006 2379 Provocat
1029 2329 1187 2401 quoque,
1215 2326 1252 2377 ut
1276 2304 1397 2399 reliqui
1428 2306 1543 2377 Vete-

325 2421 380 2471 res
402 2397 587 2487 fecerunt,
620 2421 658 2472 ut
683 2401 793 2482 Patris
817 2400 1095 2498 superioritatem
1119 2397 1353 2486 demonstret,
1386 2398 1428 2472 ad
1460 2402 1546 2471 inri-

317 2491 516 2590 fibilirarern
541 2513 684 2568 naturae
716 2494 808 2589 ejus,
851 2519 932 2569 cum
959 2515 1075 2569 tamen
1107 2494 1215 2569 Filius
1240 2495 1309 2566 sese
1341 2494 1544 2569 hominibus

322 2590 431 2689 poffit
456 2589 672 2682 praesentem
700 2591 836 2665 srstere:
861 2612 957 2664 cont.
983 2591 1062 2687 Jud.
1090 2614 1121 2665 c.
1147 2614 1181 2680 9.
1208 2610 1245 2663 et
1269 2592 1383 2664 Marc.
1410 2591 1457 2664 11:
1484 2614 1544 2686 27.

321 2686 383 2764 ubi
410 2682 519 2773 dicit,
563 2686 685 2765 Deum
704 2686 775 2761 sese
799 2686 1018 2761 manifestare
1044 2710 1116 2760 non
1142 2683 1259 2782 polie,
1300 2704 1337 2759 et
1363 2684 1543 2783 majestate

318 2780 527 2887 ejus'etiam
550 2780 633 2853 illud
656 2780 725 2854 effe
748 2780 932 2878 indignum
942 2809 952 2871 3
980 2784 1037 2857 sed
1065 2781 1214 2872 Filium,
1249 2781 1379 2879 quippe
1405 2784 1542 2951 portio·
1665 2870 1670 2880 .

273 2894 276 2899 '
317 2901 408 2957 nem
429 2893 564 2949 tantum
589 2875 806 2965 divinitatis,
857 2878 948 2967 offe,
975 2879 1048 2952 vid.
1076 2898 1112 2950 et
1139 2880 1188 2953 V:
1219 2900 1272 2967 19.
1297 2877 1356 2949 sed
1379 2875 1544 2955 ilustrius

313 2974 442 3053 adhuc
467 2968 517 3042 est
544 2969 779 3045 testimonium
804 2903 881 3044 univ.
910 2976 1053 3047 Prarr.c
1092 2995 1147 3062 14.
1197 2971 1303 3045 Visus
1329 2970 1471 3065 quidem
1487 2975 1541 3050 ibi
1573 2996 1579 3006 ·

310 3069 460 3149 dieitur
483 3066 599 3155 Deus,
638 3068 696 3141 sed
728 3092 798 3141 non
823 3069 1009 3140 secundum
1035 3066 1290 3162 plenitudinem
1315 3066 1538 3158 divinitatis,

342 3188 416 3240 uae
442 3158 552 3234 estin
579 3163 700 3253 Patre,
732 3164 791 3260 qui
819 3164 852 3234 se
878 3162 1163 3258 conspiciendum
1187 3161 1355 3254 praebere
1379 3184 1452 3234 non
1503 3185 1546 3236 o-

307 3262 418 3351 tuit,
451 3259 537 3331 alins
560 3280 633 3352 erga
660 3264 721 3331 erit
745 3262 800 3353 qni
821 3261 1013 3346 ridebatur3
1055 3255 1208 3349 nistbilern
1242 3253 1441 3349 agnoscimus
1491 3262 1546 3334 tli-

303 3354 402 3446 ιη’,
428 3356 505 3452 quia
552 3356 632 3426 arria
660 3371 787 3426 tantum
810 3354 877 3426 Dei
893 3355 938 3450 est
951 3372 1008 3447 pro
1025 3355 1145 3428 modulo
1169 3353 1396 3440 derivationis,·
1422 3351 1550 3450 addit,

284 3457 407 3545 ficut
432 3475 491 3526 nee
528 3450 606 3522 olem
629 3455 717 3521 nobis
742 3452 948 3545 contemplari
972 3453 1065 3539 licet,
1100 3465 1252 3544 qnantum
1277 3451 1320 3522 ad
1342 3448 1446 3547 ipsam
1459 3450 1545 3549 sub.

280 3550 469 3644 stantiae
508 3569 668 3633 nmmarn,
692 3568 771 3638 quae
794 3545 840 3643 est
863 3552 895 3619 in
924 3549 1039 3635 caelis,
1072 3547 1199 3618 radium
1224 3546 1304 3618 enim
1330 3549 1401 3640 ejus
1424 3550 1544 3624 talera-
1596 3589 1602 3597 ·

298 3645 518 3724 miraculis
539 3661 597 3733 per
615 3659 862 3734 temperaturam
882 3646 1059 3736 portionis,
1083 3657 1162 3737 quae
1187 3643 1357 3713 interram
1381 3645 1453 3715 inde
1466 3665 1544 3738 por-

298 3747 469 3838 rigitur:
494 3739 596 3808 Filius
620 3761 659 3808 ex
675 3735 882 3833 substantiae
898 3742 1098 3824 conditione,
1123 3763 1185 3830 qna
1201 3733 1309 3830 sermo
1328 3736 1412 3824 Dei,
1438 3743 1542 3816 etiarn

302 3839 372 3939 gli
399 3832 590 3926 innifilr'lir.
607 3831 669 3926 sed
701 3832 822 3925 ristbr'li
833 3832 1007 3935 formose
1031 3830 1239 3927 manifestare
1261 3829 1382 3925 potest,
1415 3837 1497 3928 qnod
1517 3860 1542 3911 a

288 3933 523 4025 plenitudine
557 3926 753 4024 Majestatis
777 3928 823 4023 esl
854 3931 1002 4003 alienam.
1028 3926 1169 4000 ·Exstat
1199 3924 1349 4025 denique
1374 3925 1544 4024 singulare

279 4032 402 4102 'e'us
425 4022 670 4109 ratiocinium,
703 4047 734 4097 c.
762 4047 818 4115 29.
843 4026 903 4098 fin.
928 4049 972 4098 ex
997 4047 1067 4121 quo
1091 4022 1221 4096 veritas
1251 4021 1379 4097 thesros
1403 4025 1542 4101 nostrae

303 4121 476 4220 egregie
499 4121 674 4210 firmatur,
713 4119 771 4193 sed
796 4121 887 4219 quod
907 4121 1070 4218 proferre
1094 4142 1165 4192 non
1196 4115 1300 4207 licet,
1332 4137 1369 4191 et
1392 4117 1443 4194 ibi
1468 4121 1541 4219 legi

303 4220 449 4292 veiim.
1616 4234 1617 4237 ’

376 4314 410 4413 §.
435 4310 579 4390 LXXX.
610 4333 644 4402 4.
669 4305 775 4409 Quod
794 4307 951 4406 denique
973 4309 1014 4382 ad
1036 4312 1254 4404 generationis
1278 4309 1357 4384 Filii
1382 4308 1538 4382 intellec-

313 4425 415 4578 tui}
428 4405 589 4576 adtiplelt,
613 4402 785 4486 convenit
805 4404 872 4507 ipsi
896 4430 981 4575 eqni
1002 4405 1157 4486 Tatiauo
1179 4403 1357 4506 perfeiie,
1374 4401 1439 4479 'sed
1463 4404 1540 4576 {fib-

342 4546 352 4559 “
404 4528 480 4580 um&
558 4556 568 4578 ο
949 4523 984 4579 u
1447 4515 1477 4576 tl
1504 4523 1543 4575 us
