3609 5500
231 773 236 783 ι
1610 759 1637 773 l.l

1628 921 1636 932 ιι

348 950 403 1062 40,
485 1011 488 1022 ·
740 933 884 1057 lustitia
910 956 1039 1058 Eccles.
1069 957 1182 1058 Christ.

350 1140 486 1218 socium
505 1138 822 1237 reprehendentes,
849 1140 1011 1213 defendit
1038 1164 1058 1213 e
1083 1141 1191 1235 scopo
1209 1136 1375 1213 missionis
1398 1138 1499 1230 suae,
1526 1138 1572 1218 ad

346 1258 553 1335 peccatores,
581 1261 652 1307 non
676 1238 718 1308 ad
736 1240 866 1333 justos,
891 1238 1072 1309 vocandos
1094 1256 1131 1307 et
1158 1237 1437 1323 convertendos,
1469 1259 1572 1332 prae·
1634 1307 1637 1314 ,

351 1354 446 1405 terea
479 1332 665 1428 discipulos
699 1332 775 1404 suos
810 1357 882 1407 non
916 1335 1133 1427 jejunantes,
1173 1332 1495 1421 aPharisaeorum,
1531 1353 1572 1407 et

347 1429 521 1526 joliannis
564 1451 704 1523 quoque
745 1428 1024 1526 discipulorum,
1072 1428 1320 1500 criminatione
1354 1451 1394 1499 ea
1428 1428 1569 1502 ratione
1630 1447 1632 1452 '

347 1525 511 1613 excusat,
538 1526 624 1596 Luc.
656 1526 701 1598 V.
728 1526 841 1619 quod,
863 1527 895 1599 se
915 1525 1117 1619 praesente,
1141 1524 1276 1619 jejunia
1291 1521 1371 1619 ipsis
1391 1544 1465 1594 non
1479 1547 1566 1596 con-.

231 1634 239 1644 '
346 1621 514 1709 veniant,
546 1619 676 1692 lustum
701 1620 820 1714 postea
855 1640 1015 1715 ternpore
1045 1622 1207 1715 pallionis
1239 1620 1317 1691 suae
1350 1616 1488 1690 adiutos
1519 1639 1562 1692 et

342 1716 585 1813 jejunaturos,
628 1713 714 1787 sicut
747 1717 931 1804 fecerunt,
972 1715 1057 1787 licet
1090 1738 1134 1786 ex
1162 1713 1360 1809 ignorantia
1384 1715 1563 1789 rationum

342 1811 527 1909 passionis,
556 1833 634 1882 cum
659 1830 696 1883 et
724 1831 809 1885 tunc
834 1810 954 1885 laetari
984 1811 1191 1898 debuerint;
1217 1810 1268 1881 uti
1294 1807 1413 1905 postea
1438 1808 1564 1885 melius

342 1904 463 1979 edocti
494 1906 685 1996 fecerunt,
728 1910 810 2003 Joli.
845 1909 948 1981 XVI:
985 1930 1042 1980 20.
1105 1909 1200 1978 Duas
1229 1905 1325 1977 addit
1357 1906 1559 1998 parabolas,

342 2025 486 2100 quarum
509 2028 594 2092 tina,
621 2026 728 2101 quac,
763 2027 893 2075 nouum
920 2025 1073 2099 pannum
1097 1999 1253 2074 vetustae
1277 1997 1366 2072 vesti
1400 2024 1470 2072 non
1499 2003 1559 2075 ad-

339 2098 555 2174 ‘ncdiendum
572 2098 661 2187 ess'e,
689 2098 816 2187 habet,
842 2099 1102 2172 Pharisaeorum
1127 2095 1284 2169 instituta
1300 2096 1343 2168 de
1358 2094 1501 2190 jejuniis
1517 2114 1559 2171 et

337 2192 503 2292 precibus
528 2192 680 2267 ostendit
706 2195 775 2268 elle
802 2219 914 2282 nova,
940 2212 977 2267 et
994 2194 1177 2267 hominum
1201 2194 1289 2265 male
1314 2191 1472 2265 sanorum
1498 2192 1555 2267 in·

337 2310 466 2377 venta,
500 2309 702 2383 praeterea,
735 2314 780 2363 ne
806 2290 1063 2385 quidem‘nova
1095 2287 1150 2362 illa
1176 2311 1255 2361 cum
1285 2285 1437 2382 antiquis
1457 2287 1558 2364 reae
1615 2346 1637 2359 ‚,

337 2386 552 2476 cohaerere,
579 2386 637 2459 sed
663 2385 851 2482 praecipua
874 2405 911 2458 et
937 2385 1078 2481 antiqua
1104 2383 1191 2481 legis
1223 2402 1414 2479 praecepta
1435 2382 1556 2457 abole-

282 2521 284 2524 ·
335 2503 398 2569 re,
425 2484 532 2556 altera
548 2481 625 2555 vini
650 2482 756 2572 novi,
785 2504 857 2554 non
874 2482 911 2555 iii
927 2500 1066 2554 veteres
1084 2500 1179 2553 utres
1196 2478 1382 2568 mittendi,
1409 2500 1454 2550 eo
1474 2497 1553 2553 ten·

335 2574 413 2664 dit,
441 2598 479 2649 ut
505 2575 692 2673 discipulos
720 2596 802 2650 ante
829 2578 1049 2653 renovandos
1077 2576 1148 2650 elle
1173 2575 1344 2663 declaret,
1394 2597 1471 2646 uam
1489 2597 1553 2649 eu·

331 2672 527 2769 angelicam
560 2672 777 2771 disciplinam
813 2673 1025 2770 spiritualem
1057 2695 1139 2745 cum
1168 2669 1303 2744 salutari
1381 2666 1471 2765 tuus
1489 2671 1550 2746 ad-

331 2767 477 2845 mittere
502 2790 641 2866 queant.
694 2772 751 2843 De
779 2774 902 2867 quibus
926 2768 1099 2866 parabolis
1122 2768 1269 2876 exposui
1293 2767 1332 2841 in
1360 2765 1545 2845 concioni·

331 2866 418 2954 hus,
445 2867 581 2939 Comm.
606 2866 649 2938 ad
673 2868 781 2939 Matt.
808 2868 947 2941 XXIII:
979 2891 1010 2940 i.
1036 2863 1208 2960 subjedbs.

377 2959 408 3058 h.
436 2962 643 3034 XXXVIII.
685 2964 849 3034 Ceterum
872 2985 956 3035 cum
984 2959 1139 3035 Christus
1161 2981 1226 3055 per
1254 2957 1475 3050 dominam,
1508 2978 1550 3034 et

329 3055 549 3132 miraculosas
570 3056 786 3146 sanationes,
806 3082 871 3156 per
881 3059 1072 3132 Galilaeam
1090 3053 1219 3151 ubique
1238 3054 1308 3127 sese
1326 3054 1547 3130 manifestum

328 3153 484 3244 faceret,
528 3172 564 3227 et
590 3153 701 3227 secuti
729 3153 862 3230 fuerint
887 3154 999 3252 ipsum
1025 3176 1151 3250 magna
1176 3152 1275 3223 turba
1300 3175 1346 3226 ex
1371 3153 1547 3242 Galilaea,

315 3249 523 3345 'Decapoli,
549 3251 830 3347 Hierosolymis,
856 3253 1006 3346 Judaea,
1033 3270 1071 3321 et
1098 3246 1209 3352 traditi
1225 3246 1400 3322 Orientali
1424 3247 1546 3358 Jorda-

328 3343 405 3433 nis,
451 3347 559 3414 Mart.
586 3346 654 3415 IV:
684 3367 741 3430 25.
775 3345 898 3416 habuit
933 3345 1165 3415 excellentem
1199 3340 1291 3413 illam
1329 3366 1544 3418 concionem
1631 3382 1633 3385 ·

328 3436 374 3510 de
399 3455 523 3508 monte
546 3436 662 3531 aliquo
682 3439 877 3527 Galilaeae,
905 3437 1079 3511 incertum
1105 3435 1165 3509 ubi
1189 3434 1275 3527 sito,
1301 3455 1338 3512 et
1366 3464 1436 3536 quo
1454 3457 1543 3513 tem·

326 3555 436 3628 pore,
462 3532 505 3605 ad
523 3531 710 3628 discipulos
731 3535 898 3608 diretiam
918 3533 1079 3631 quidem,
1105 3533 1162 3606 sed
1178 3556 1295 3606 coram
1320 3535 1469 3610 maxima
1488 3535 1546 3612 illa

325 3629 511 3703 hominum
546 3630 771 3704 multitudine
805 3631 914 3703 Mitt.
949 3631 1129 3705 V'-Vll.
1171 3653 1274 3725 quam
1306 3630 1543 3726 sermonibus,

323 3724 468 3819 Belgica
495 3723 620 3810 editis,
647 3726 751 3800 fufius
777 3725 934 3823 exposui.
987 3722 1244 3820 Compledt'itur
1287 3724 1461 3800 internam
1481 3751 1545 3802 ex·

324 3841 529 3917 temamque
548 3820 730 3913 justitiam,
750 3822 920 3918 pietatem
938 3839 975 3894 et
991 3821 1182 3911 virtutem,
1198 3821 1373 3896 Ecclesiae
1389 3820 1542 3915 Christi,

322 3942 389 4016 per
412 3917 446 3990 sc
470 3934 507 3989 et
524 3937 644 3995 natura
667 3920 726 3992 sua
749 3918 1004 4002 consideratae,
1028 3942 1094 4015 qua
1110 3940 1222 4013 regno
1247 3917 1392 3992 coelesti
1417 3937 1454 3992 et
1470 3919 1541 4015 spi·

321 4011 459 4099 rituali,
485 4013 589 4092 unice
614 4038 826 4112 congruam,
848 4014 983 4111 justitia
1010 4013 1221 4102 Pharisaica,
1247 4032 1285 4086 et
1308 4015 1425 4088 littera
1450 4037 1539 4112 quo·

320 4133 388 4210 que
415 4105 501 4203 legis
529 4110 636 4208 longe
661 4112 896 4205 superiorem,
929 4130 966 4184 et
990 4107 1299 4205 praestantiorem,
1333 4133 1435 4207 quani
1458 4135 1536 4184 om·

320 4231 384 4283 nes
408 4202 512 4300 regni
539 4207 614 4301 ejus
643 4208 740 4281 cives
770 4208 899 4282 habere
924 4230 966 4280 ac
990 4203 1169 4302 praeferre
1196 4204 1349 4295 debent,
1373 4203 1540 4298 Apostoli
1585 4298 1587 4300 ,

318 4327 407 4380 vero
441 4299 574 4394 majore
615 4302 771 4400 emphasi
809 4302 1035 4401 praestarent.
1095 4299 1202 4400 Quod
1238 4300 1350 4373 verbo
1382 4298 1541 4397 tetigisse

316 4423 412 4480 nunc
437 4398 627 4480 suffecerit.
674 4399 949 4479 Prouuuciatum
974 4395 1076 4476 fuiffe
1098 4396 1197 4476 hunc
1221 4394 1382 4474 divinum
1407 4395 1542 4473 sermo·

315 4529 319 4532 ·
1438 4514 1545 4598 nem,
