<?xml version="1.0" encoding="UTF-8"?>
<!DOCTYPE html PUBLIC "-//W3C//DTD XHTML 1.0 Transitional//EN"
    "http://www.w3.org/TR/xhtml1/DTD/xhtml1-transitional.dtd">
<html xmlns="http://www.w3.org/1999/xhtml" xml:lang="en" lang="en">
 <head>
  <title>
</title>
<meta http-equiv="Content-Type" content="text/html;charset=utf-8" />
  <meta name='ocr-system' content='tesseract 3.04.00' />
  <meta name='ocr-capabilities' content='ocr_page ocr_carea ocr_par ocr_line ocrx_word'/>
</head>
<body>
  <div class='ocr_page' id='page_1' title='image "./hermannivenemai05venegoog_0367.png"; bbox 0 0 3609 5500; ppageno 0'>
   <div class='ocr_carea' id='block_1_1' title="bbox 850 887 1685 1032">
    <p class='ocr_par' dir='ltr' id='par_1_1' title="bbox 850 887 1685 1032">
     <span class='ocr_line' id='line_1_1' title="bbox 850 887 1685 1032; baseline 0.001 -41"><span class='ocrx_word' id='word_1_1' title='bbox 850 914 960 1032; x_wconf 70' lang='lat' dir='ltr'>Strati.</span> <span class='ocrx_word' id='word_1_2' title='bbox 985 912 1037 991; x_wconf 79' lang='grc' dir='ltr'>ΙΙ.</span> <span class='ocrx_word' id='word_1_3' title='bbox 1475 928 1546 1022; x_wconf 71' lang='lat'>363</span> <span class='ocrx_word' id='word_1_4' title='bbox 1682 887 1685 894; x_wconf 87' lang='lat'><strong>.</strong></span> 
     </span>
    </p>
   </div>
   <div class='ocr_carea' id='block_1_2' title="bbox 249 1079 1568 4525">
    <p class='ocr_par' dir='ltr' id='par_1_2' title="bbox 291 1079 1543 1759">
     <span class='ocr_line' id='line_1_2' title="bbox 308 1079 1542 1199; baseline 0.006 -29"><span class='ocrx_word' id='word_1_5' title='bbox 308 1100 399 1170; x_wconf 69' lang='lat' dir='ltr'>flea</span> <span class='ocrx_word' id='word_1_6' title='bbox 417 1079 647 1172; x_wconf 86' lang='lat' dir='ltr'>Marcionem</span> <span class='ocrx_word' id='word_1_7' title='bbox 666 1093 865 1189; x_wconf 63' lang='lat' dir='ltr'>tradatssuo</span> <span class='ocrx_word' id='word_1_8' title='bbox 885 1096 1001 1171; x_wconf 88' lang='lat' dir='ltr'>adhuc</span> <span class='ocrx_word' id='word_1_9' title='bbox 1016 1113 1177 1190; x_wconf 88' lang='lat' dir='ltr'>tempore</span> <span class='ocrx_word' id='word_1_10' title='bbox 1193 1090 1341 1187; x_wconf 85' lang='lat' dir='ltr'>docere,</span> <span class='ocrx_word' id='word_1_11' title='bbox 1358 1097 1542 1199; x_wconf 84' lang='lat' dir='ltr'>pluresque</span> 
     </span>
     <span class='ocr_line' id='line_1_3' title="bbox 300 1177 1542 1294; baseline 0.012 -36"><span class='ocrx_word' id='word_1_12' title='bbox 300 1177 437 1266; x_wconf 83' lang='lat' dir='ltr'>facere</span> <span class='ocrx_word' id='word_1_13' title='bbox 462 1193 632 1284; x_wconf 80' lang='lat' dir='ltr'>adseclas,</span> <span class='ocrx_word' id='word_1_14' title='bbox 673 1194 706 1294; x_wconf 49' lang='grc' dir='ltr'>ᾗ.</span> <span class='ocrx_word' id='word_1_15' title='bbox 735 1219 792 1289; x_wconf 80' lang='lat'>30.</span> <span class='ocrx_word' id='word_1_16' title='bbox 843 1193 1069 1268; x_wconf 82' lang='lat' dir='ltr'>Marcionem</span> <span class='ocrx_word' id='word_1_17' title='bbox 1093 1192 1154 1266; x_wconf 90' lang='lat' dir='ltr'>sub</span> <span class='ocrx_word' id='word_1_18' title='bbox 1178 1190 1354 1283; x_wconf 87' lang='lat' dir='ltr'>Aniceto,</span> <span class='ocrx_word' id='word_1_19' title='bbox 1393 1198 1542 1293; x_wconf 84' lang='lat' dir='ltr'>Episco-</span> 
     </span>
     <span class='ocr_line' id='line_1_4' title="bbox 296 1288 1541 1442; baseline 0.01 -86"><span class='ocrx_word' id='word_1_20' title='bbox 296 1294 379 1442; x_wconf 65' lang='lat' dir='ltr'>po</span> <span class='ocrx_word' id='word_1_21' title='bbox 397 1289 500 1364; x_wconf 89' lang='lat' dir='ltr'>Rom.</span> <span class='ocrx_word' id='word_1_22' title='bbox 524 1291 568 1365; x_wconf 88' lang='lat' dir='ltr'>ab</span> <span class='ocrx_word' id='word_1_23' title='bbox 593 1312 673 1364; x_wconf 91' lang='lat' dir='ltr'>ann.</span> <span class='ocrx_word' id='word_1_24' title='bbox 705 1313 806 1381; x_wconf 77' lang='lat' dir='ltr'>raa,</span> <span class='ocrx_word' id='word_1_25' title='bbox 849 1313 920 1387; x_wconf 89' lang='lat' dir='ltr'>quo</span> <span class='ocrx_word' id='word_1_26' title='bbox 946 1290 1061 1361; x_wconf 90' lang='lat' dir='ltr'>sedem</span> <span class='ocrx_word' id='word_1_27' title='bbox 1085 1288 1177 1360; x_wconf 87' lang='lat' dir='ltr'>illam</span> <span class='ocrx_word' id='word_1_28' title='bbox 1205 1289 1408 1384; x_wconf 84' lang='lat' dir='ltr'>capeffivit,</span> <span class='ocrx_word' id='word_1_29' title='bbox 1441 1291 1541 1368; x_wconf 83' lang='lat' dir='ltr'>inva-</span> 
     </span>
     <span class='ocr_line' id='line_1_5' title="bbox 323 1380 1540 1484; baseline 0.01 -34"><span class='ocrx_word' id='word_1_30' title='bbox 323 1380 446 1471; x_wconf 88' lang='lat' dir='ltr'>uille,</span> <span class='ocrx_word' id='word_1_31' title='bbox 479 1384 588 1464; x_wconf 89' lang='lat' dir='ltr'>docet</span> <span class='ocrx_word' id='word_1_32' title='bbox 611 1388 702 1462; x_wconf 88' lang='lat' dir='ltr'>lren.</span> <span class='ocrx_word' id='word_1_33' title='bbox 730 1388 796 1459; x_wconf 89' lang='lat'>111:</span> <span class='ocrx_word' id='word_1_34' title='bbox 822 1409 857 1478; x_wconf 89' lang='lat'>4.</span> <span class='ocrx_word' id='word_1_35' title='bbox 881 1383 962 1481; x_wconf 92' lang='lat' dir='ltr'>post</span> <span class='ocrx_word' id='word_1_36' title='bbox 987 1384 1070 1458; x_wconf 90' lang='lat' dir='ltr'>illud</span> <span class='ocrx_word' id='word_1_37' title='bbox 1095 1383 1213 1479; x_wconf 91' lang='lat' dir='ltr'>itaque</span> <span class='ocrx_word' id='word_1_38' title='bbox 1238 1405 1377 1478; x_wconf 87' lang='lat' dir='ltr'>tempus</span> <span class='ocrx_word' id='word_1_39' title='bbox 1401 1385 1540 1484; x_wconf 77' lang='lat' dir='ltr'>scripsit</span> 
     </span>
     <span class='ocr_line' id='line_1_6' title="bbox 334 1475 1540 1577; baseline 0.009 -29"><span class='ocrx_word' id='word_1_40' title='bbox 334 1475 484 1554; x_wconf 79' lang='lat' dir='ltr'>ustinus.</span> <span class='ocrx_word' id='word_1_41' title='bbox 531 1479 593 1554; x_wconf 88' lang='lat' dir='ltr'>Est</span> <span class='ocrx_word' id='word_1_42' title='bbox 617 1504 705 1555; x_wconf 89' lang='lat' dir='ltr'>vero</span> <span class='ocrx_word' id='word_1_43' title='bbox 729 1481 818 1555; x_wconf 90' lang='lat' dir='ltr'>haec</span> <span class='ocrx_word' id='word_1_44' title='bbox 841 1478 1026 1577; x_wconf 83' lang='lat' dir='ltr'>apologia,</span> <span class='ocrx_word' id='word_1_45' title='bbox 1051 1502 1152 1576; x_wconf 89' lang='lat' dir='ltr'>quam</span> <span class='ocrx_word' id='word_1_46' title='bbox 1170 1478 1304 1573; x_wconf 87' lang='lat' dir='ltr'>optime</span> <span class='ocrx_word' id='word_1_47' title='bbox 1321 1480 1434 1553; x_wconf 88' lang='lat' dir='ltr'>edidit</span> <span class='ocrx_word' id='word_1_48' title='bbox 1452 1485 1540 1559; x_wconf 89' lang='lat' dir='ltr'>Gra·</span> 
     </span>
     <span class='ocr_line' id='line_1_7' title="bbox 291 1572 1543 1749; baseline 0.01 -13"><span class='ocrx_word' id='word_1_49' title='bbox 291 1572 1270 1746; x_wconf 51' lang='lat' dir='ltr'>...ercllhlhih¹²‘lltl.{lllltlletlhtla</span> <span class='ocrx_word' id='word_1_50' title='bbox 1302 1577 1543 1749; x_wconf 66' lang='lat' dir='ltr'>httl‘llt</span> 
     </span>
     <span class='ocr_line' id='line_1_8' title="bbox 663 1722 1449 1759; baseline 0.001 0"><span class='ocrx_word' id='word_1_51' title='bbox 663 1727 676 1759; x_wconf 69' lang='lat' dir='ltr'>a</span> <span class='ocrx_word' id='word_1_52' title='bbox 926 1722 937 1759; x_wconf 83' lang='lat' dir='ltr'>r</span> <span class='ocrx_word' id='word_1_53' title='bbox 1273 1724 1282 1743; x_wconf 92' lang='lat'><strong>·</strong></span> <span class='ocrx_word' id='word_1_54' title='bbox 1441 1729 1449 1746; x_wconf 92' lang='lat'><strong>·</strong></span> 
     </span>
    </p>

    <p class='ocr_par' dir='ltr' id='par_1_3' title="bbox 284 1752 1568 4062">
     <span class='ocr_line' id='line_1_9' title="bbox 284 1752 1538 1862; baseline 0.005 -24"><span class='ocrx_word' id='word_1_55' title='bbox 284 1752 460 1862; x_wconf 75' lang='lat' dir='ltr'>sequens</span> <span class='ocrx_word' id='word_1_56' title='bbox 482 1767 628 1840; x_wconf 80' lang='lat' dir='ltr'>docebit</span> <span class='ocrx_word' id='word_1_57' title='bbox 655 1768 833 1842; x_wconf 68' lang='lat' dir='ltr'>traditio.</span> <span class='ocrx_word' id='word_1_58' title='bbox 880 1764 1063 1862; x_wconf 74' lang='lat' dir='ltr'><em>Posterior,</em></span> <span class='ocrx_word' id='word_1_59' title='bbox 1108 1765 1219 1860; x_wconf 87' lang='lat' dir='ltr'>vulgo</span> <span class='ocrx_word' id='word_1_60' title='bbox 1251 1766 1373 1861; x_wconf 91' lang='lat' dir='ltr'>prior,</span> <span class='ocrx_word' id='word_1_61' title='bbox 1408 1769 1538 1844; x_wconf 90' lang='lat' dir='ltr'>Marco</span> 
     </span>
     <span class='ocr_line' id='line_1_10' title="bbox 297 1851 1540 1954; baseline 0.01 -24"><span class='ocrx_word' id='word_1_62' title='bbox 297 1851 469 1935; x_wconf 78' lang='lat' dir='ltr'>Aurelio</span> <span class='ocrx_word' id='word_1_63' title='bbox 492 1880 530 1934; x_wconf 86' lang='lat' dir='ltr'>et</span> <span class='ocrx_word' id='word_1_64' title='bbox 559 1863 662 1936; x_wconf 90' lang='lat' dir='ltr'>Vero</span> <span class='ocrx_word' id='word_1_65' title='bbox 689 1862 741 1937; x_wconf 87' lang='lat' dir='ltr'>est</span> <span class='ocrx_word' id='word_1_66' title='bbox 764 1865 900 1954; x_wconf 89' lang='lat' dir='ltr'>oblata,</span> <span class='ocrx_word' id='word_1_67' title='bbox 934 1862 984 1935; x_wconf 92' lang='lat' dir='ltr'>uti</span> <span class='ocrx_word' id='word_1_68' title='bbox 1007 1879 1131 1934; x_wconf 91' lang='lat' dir='ltr'>contra</span> <span class='ocrx_word' id='word_1_69' title='bbox 1158 1861 1274 1937; x_wconf 87' lang='lat' dir='ltr'>Vales.</span> <span class='ocrx_word' id='word_1_70' title='bbox 1298 1862 1342 1935; x_wconf 91' lang='lat' dir='ltr'>ad</span> <span class='ocrx_word' id='word_1_71' title='bbox 1364 1864 1444 1939; x_wconf 83' lang='lat' dir='ltr'>Eus.</span> <span class='ocrx_word' id='word_1_72' title='bbox 1469 1867 1540 1942; x_wconf 85' lang='lat' dir='ltr'>IV:</span> 
     </span>
     <span class='ocr_line' id='line_1_11' title="bbox 289 1954 1541 2056; baseline 0.005 -26"><span class='ocrx_word' id='word_1_73' title='bbox 289 1963 381 2045; x_wconf 76' lang='lat'>²7.</span> <span class='ocrx_word' id='word_1_74' title='bbox 402 1955 617 2032; x_wconf 87' lang='lat' dir='ltr'>demonstrat</span> <span class='ocrx_word' id='word_1_75' title='bbox 631 1958 715 2056; x_wconf 83' lang='lat' dir='ltr'><strong>Pagi</strong></span> <span class='ocrx_word' id='word_1_76' title='bbox 736 1958 779 2031; x_wconf 91' lang='lat' dir='ltr'>ad</span> <span class='ocrx_word' id='word_1_77' title='bbox 795 1961 921 2033; x_wconf 87' lang='lat' dir='ltr'>Baton.</span> <span class='ocrx_word' id='word_1_78' title='bbox 946 1956 989 2030; x_wconf 89' lang='lat' dir='ltr'>ad</span> <span class='ocrx_word' id='word_1_79' title='bbox 1004 1980 1084 2031; x_wconf 89' lang='lat' dir='ltr'>ano.</span> <span class='ocrx_word' id='word_1_80' title='bbox 1114 1964 1216 2049; x_wconf 86' lang='lat'>163.,</span> <span class='ocrx_word' id='word_1_81' title='bbox 1240 1954 1299 2029; x_wconf 91' lang='lat' dir='ltr'>sed</span> <span class='ocrx_word' id='word_1_82' title='bbox 1315 1956 1454 2055; x_wconf 89' lang='lat' dir='ltr'>integra</span> <span class='ocrx_word' id='word_1_83' title='bbox 1468 1982 1541 2036; x_wconf 88' lang='lat' dir='ltr'>non</span> 
     </span>
     <span class='ocr_line' id='line_1_12' title="bbox 296 2041 1540 2162; baseline 0.006 -40"><span class='ocrx_word' id='word_1_84' title='bbox 296 2041 499 2162; x_wconf 82' lang='lat' dir='ltr'>superest,</span> <span class='ocrx_word' id='word_1_85' title='bbox 524 2072 564 2126; x_wconf 86' lang='lat' dir='ltr'>et</span> <span class='ocrx_word' id='word_1_86' title='bbox 586 2054 721 2150; x_wconf 80' lang='lat' dir='ltr'>aliquae</span> <span class='ocrx_word' id='word_1_87' title='bbox 747 2054 885 2149; x_wconf 88' lang='lat' dir='ltr'>periodi</span> <span class='ocrx_word' id='word_1_88' title='bbox 910 2052 1138 2142; x_wconf 82' lang='lat' dir='ltr'>exciderunt,</span> <span class='ocrx_word' id='word_1_89' title='bbox 1163 2073 1305 2146; x_wconf 91' lang='lat' dir='ltr'>quarum</span> <span class='ocrx_word' id='word_1_90' title='bbox 1324 2077 1426 2127; x_wconf 87' lang='lat' dir='ltr'>unam</span> <span class='ocrx_word' id='word_1_91' title='bbox 1441 2054 1540 2131; x_wconf 86' lang='lat' dir='ltr'>relli-</span> 
     </span>
     <span class='ocr_line' id='line_1_13' title="bbox 296 2146 1542 2317; baseline 0.003 -97"><span class='ocrx_word' id='word_1_92' title='bbox 296 2150 392 2221; x_wconf 78' lang='lat' dir='ltr'>tuat</span> <span class='ocrx_word' id='word_1_93' title='bbox 416 2147 536 2221; x_wconf 90' lang='lat' dir='ltr'>Grabe</span> <span class='ocrx_word' id='word_1_94' title='bbox 559 2146 598 2222; x_wconf 92' lang='lat' dir='ltr'>in</span> <span class='ocrx_word' id='word_1_95' title='bbox 621 2149 779 2317; x_wconf 59' lang='lat' dir='ltr'>spicileg.</span> <span class='ocrx_word' id='word_1_96' title='bbox 829 2151 885 2223; x_wconf 84' lang='lat' dir='ltr'>Ex</span> <span class='ocrx_word' id='word_1_97' title='bbox 910 2172 980 2244; x_wconf 88' lang='lat' dir='ltr'>quo</span> <span class='ocrx_word' id='word_1_98' title='bbox 1006 2166 1123 2220; x_wconf 86' lang='lat' dir='ltr'>tamen</span> <span class='ocrx_word' id='word_1_99' title='bbox 1151 2148 1237 2220; x_wconf 88' lang='lat' dir='ltr'>male</span> <span class='ocrx_word' id='word_1_100' title='bbox 1263 2146 1458 2245; x_wconf 82' lang='lat' dir='ltr'>colligitur,</span> <span class='ocrx_word' id='word_1_101' title='bbox 1486 2170 1542 2225; x_wconf 89' lang='lat' dir='ltr'>to-</span> 
     </span>
     <span class='ocr_line' id='line_1_14' title="bbox 296 2242 1540 2342; baseline 0.002 -24"><span class='ocrx_word' id='word_1_102' title='bbox 296 2249 392 2318; x_wconf 74' lang='lat' dir='ltr'>tam</span> <span class='ocrx_word' id='word_1_103' title='bbox 418 2242 582 2338; x_wconf 84' lang='lat' dir='ltr'>periiffe,</span> <span class='ocrx_word' id='word_1_104' title='bbox 624 2264 662 2317; x_wconf 92' lang='lat' dir='ltr'>et</span> <span class='ocrx_word' id='word_1_105' title='bbox 692 2268 739 2318; x_wconf 93' lang='lat' dir='ltr'>no</span> <span class='ocrx_word' id='word_1_106' title='bbox 772 2268 844 2318; x_wconf 89' lang='lat' dir='ltr'>ram</span> <span class='ocrx_word' id='word_1_107' title='bbox 867 2266 934 2339; x_wconf 92' lang='lat' dir='ltr'>pro</span> <span class='ocrx_word' id='word_1_108' title='bbox 962 2247 1081 2342; x_wconf 78' lang='lat' dir='ltr'>prioris</span> <span class='ocrx_word' id='word_1_109' title='bbox 1113 2242 1335 2338; x_wconf 76' lang='lat' dir='ltr'>praefatione</span> <span class='ocrx_word' id='word_1_110' title='bbox 1374 2243 1443 2321; x_wconf 85' lang='lat' dir='ltr'>affe</span> <span class='ocrx_word' id='word_1_111' title='bbox 1480 2245 1540 2321; x_wconf 73' lang='lat' dir='ltr'>ha-</span> 
     </span>
     <span class='ocr_line' id='line_1_15' title="bbox 294 2326 1537 2437; baseline 0.006 -27"><span class='ocrx_word' id='word_1_112' title='bbox 294 2326 506 2412; x_wconf 75' lang='lat' dir='ltr'>bendamr·</span> <span class='ocrx_word' id='word_1_113' title='bbox 542 2341 595 2413; x_wconf 90' lang='lat' dir='ltr'>uti</span> <span class='ocrx_word' id='word_1_114' title='bbox 619 2357 640 2413; x_wconf 88' lang='lat' dir='ltr'>a</span> <span class='ocrx_word' id='word_1_115' title='bbox 662 2340 788 2414; x_wconf 71' lang='lat' dir='ltr'>Doctis</span> <span class='ocrx_word' id='word_1_116' title='bbox 809 2339 946 2415; x_wconf 82' lang='lat' dir='ltr'><strong>abunde</strong></span> <span class='ocrx_word' id='word_1_117' title='bbox 972 2337 1023 2411; x_wconf 91' lang='lat' dir='ltr'>est</span> <span class='ocrx_word' id='word_1_118' title='bbox 1051 2336 1219 2411; x_wconf 73' lang='lat' dir='ltr'>evitium.</span> <span class='ocrx_word' id='word_1_119' title='bbox 1269 2339 1432 2437; x_wconf 80' lang='lat' dir='ltr'>Dialogus</span> <span class='ocrx_word' id='word_1_120' title='bbox 1454 2364 1537 2418; x_wconf 92' lang='lat' dir='ltr'>cum</span> 
     </span>
     <span class='ocr_line' id='line_1_16' title="bbox 297 2423 1542 2533; baseline 0.006 -30"><span class='ocrx_word' id='word_1_121' title='bbox 297 2423 523 2533; x_wconf 80' lang='lat' dir='ltr'>Tryphone</span> <span class='ocrx_word' id='word_1_122' title='bbox 545 2435 679 2531; x_wconf 88' lang='lat' dir='ltr'>Judaeo</span> <span class='ocrx_word' id='word_1_123' title='bbox 704 2433 960 2532; x_wconf 82' lang='lat' dir='ltr'>disputationes</span> <span class='ocrx_word' id='word_1_124' title='bbox 982 2456 1064 2507; x_wconf 89' lang='lat' dir='ltr'>cum</span> <span class='ocrx_word' id='word_1_125' title='bbox 1086 2433 1184 2529; x_wconf 90' lang='lat' dir='ltr'>ipso,</span> <span class='ocrx_word' id='word_1_126' title='bbox 1224 2433 1354 2527; x_wconf 76' lang='lat' dir='ltr'>Ephesi</span> <span class='ocrx_word' id='word_1_127' title='bbox 1388 2435 1542 2530; x_wconf 84' lang='lat' dir='ltr'>habitas,</span> 
     </span>
     <span class='ocr_line' id='line_1_17' title="bbox 299 2519 1542 2628; baseline 0.008 -30"><span class='ocrx_word' id='word_1_128' title='bbox 299 2519 401 2604; x_wconf 82' lang='lat' dir='ltr'>Eus.</span> <span class='ocrx_word' id='word_1_129' title='bbox 426 2529 477 2603; x_wconf 90' lang='lat' dir='ltr'>H.</span> <span class='ocrx_word' id='word_1_130' title='bbox 503 2529 572 2603; x_wconf 85' lang='lat' dir='ltr'>IV:</span> <span class='ocrx_word' id='word_1_131' title='bbox 602 2540 678 2620; x_wconf 85' lang='lat'>18.,</span> <span class='ocrx_word' id='word_1_132' title='bbox 704 2527 975 2628; x_wconf 88' lang='lat' dir='ltr'>comprehendit</span> <span class='ocrx_word' id='word_1_133' title='bbox 1001 2529 1045 2602; x_wconf 90' lang='lat' dir='ltr'>de</span> <span class='ocrx_word' id='word_1_134' title='bbox 1066 2528 1145 2625; x_wconf 89' lang='lat' dir='ltr'>lege</span> <span class='ocrx_word' id='word_1_135' title='bbox 1171 2529 1302 2620; x_wconf 88' lang='lat' dir='ltr'>Molis,</span> <span class='ocrx_word' id='word_1_136' title='bbox 1329 2550 1366 2604; x_wconf 91' lang='lat' dir='ltr'>et</span> <span class='ocrx_word' id='word_1_137' title='bbox 1388 2535 1542 2608; x_wconf 77' lang='lat' dir='ltr'>veritate</span> 
     </span>
     <span class='ocr_line' id='line_1_18' title="bbox 298 2620 1543 2724; baseline 0.01 -32"><span class='ocrx_word' id='word_1_138' title='bbox 298 2625 384 2699; x_wconf 85' lang='lat' dir='ltr'>reli</span> <span class='ocrx_word' id='word_1_139' title='bbox 412 2620 506 2699; x_wconf 79' lang='lat' dir='ltr'>‘onis</span> <span class='ocrx_word' id='word_1_140' title='bbox 528 2625 749 2700; x_wconf 86' lang='lat' dir='ltr'>Christianae.</span> <span class='ocrx_word' id='word_1_141' title='bbox 800 2626 925 2699; x_wconf 86' lang='lat' dir='ltr'>Euseb.</span> <span class='ocrx_word' id='word_1_142' title='bbox 952 2647 1039 2698; x_wconf 88' lang='lat' dir='ltr'>vero</span> <span class='ocrx_word' id='word_1_143' title='bbox 1055 2646 1136 2697; x_wconf 92' lang='lat' dir='ltr'>cum</span> <span class='ocrx_word' id='word_1_144' title='bbox 1154 2624 1270 2714; x_wconf 87' lang='lat' dir='ltr'>addit,</span> <span class='ocrx_word' id='word_1_145' title='bbox 1308 2625 1543 2724; x_wconf 84' lang='lat' dir='ltr'>Tryphonem</span> 
     </span>
     <span class='ocr_line' id='line_1_19' title="bbox 299 2713 1545 2817; baseline 0.008 -26"><span class='ocrx_word' id='word_1_146' title='bbox 299 2713 332 2791; x_wconf 80' lang='lat' dir='ltr'><strong>f</strong></span> <span class='ocrx_word' id='word_1_147' title='bbox 358 2721 369 2736; x_wconf 87' lang='lat'>‘</span> <span class='ocrx_word' id='word_1_148' title='bbox 439 2718 598 2795; x_wconf 91' lang='lat' dir='ltr'>omnium</span> <span class='ocrx_word' id='word_1_149' title='bbox 616 2741 702 2796; x_wconf 92' lang='lat' dir='ltr'>tunc</span> <span class='ocrx_word' id='word_1_150' title='bbox 719 2719 889 2817; x_wconf 86' lang='lat' dir='ltr'>temporis</span> <span class='ocrx_word' id='word_1_151' title='bbox 916 2720 1126 2817; x_wconf 91' lang='lat' dir='ltr'>Judaeorum</span> <span class='ocrx_word' id='word_1_152' title='bbox 1141 2719 1429 2815; x_wconf 80' lang='lat' dir='ltr'>celeberrimum,</span> <span class='ocrx_word' id='word_1_153' title='bbox 1456 2726 1545 2809; x_wconf 85' lang='lat' dir='ltr'>licut</span> 
     </span>
     <span class='ocr_line' id='line_1_20' title="bbox 302 2807 1545 2915; baseline 0.002 -20"><span class='ocrx_word' id='word_1_154' title='bbox 302 2807 410 2895; x_wconf 71' lang='lat' dir='ltr'>lude</span> <span class='ocrx_word' id='word_1_155' title='bbox 429 2815 526 2890; x_wconf 69' lang='lat' dir='ltr'>reste</span> <span class='ocrx_word' id='word_1_156' title='bbox 552 2818 751 2915; x_wconf 89' lang='lat' dir='ltr'>colligitur,</span> <span class='ocrx_word' id='word_1_157' title='bbox 774 2816 960 2892; x_wconf 89' lang='lat' dir='ltr'>hominem</span> <span class='ocrx_word' id='word_1_158' title='bbox 977 2816 1096 2908; x_wconf 93' lang='lat' dir='ltr'>illum,</span> <span class='ocrx_word' id='word_1_159' title='bbox 1129 2836 1190 2890; x_wconf 89' lang='lat' dir='ltr'>aut</span> <span class='ocrx_word' id='word_1_160' title='bbox 1207 2819 1297 2892; x_wconf 93' lang='lat' dir='ltr'>collo</span> <span class='ocrx_word' id='word_1_161' title='bbox 1323 2817 1441 2910; x_wconf 93' lang='lat' dir='ltr'>uium,</span> <span class='ocrx_word' id='word_1_162' title='bbox 1468 2844 1545 2897; x_wconf 77' lang='lat' dir='ltr'>non</span> 
     </span>
     <span class='ocr_line' id='line_1_21' title="bbox 302 2906 1543 3010; baseline 0.006 -25"><span class='ocrx_word' id='word_1_163' title='bbox 302 2906 423 2990; x_wconf 71' lang='lat' dir='ltr'>fuine</span> <span class='ocrx_word' id='word_1_164' title='bbox 445 2912 593 3004; x_wconf 76' lang='lat' dir='ltr'>fletum,</span> <span class='ocrx_word' id='word_1_165' title='bbox 618 2913 667 2989; x_wconf 90' lang='lat' dir='ltr'>ita</span> <span class='ocrx_word' id='word_1_166' title='bbox 694 2912 808 2987; x_wconf 79' lang='lat' dir='ltr'>minus</span> <span class='ocrx_word' id='word_1_167' title='bbox 834 2916 925 2988; x_wconf 89' lang='lat' dir='ltr'>bene</span> <span class='ocrx_word' id='word_1_168' title='bbox 949 2936 970 2986; x_wconf 87' lang='lat' dir='ltr'>a</span> <span class='ocrx_word' id='word_1_169' title='bbox 994 2914 1090 2986; x_wconf 90' lang='lat' dir='ltr'>Cave</span> <span class='ocrx_word' id='word_1_170' title='bbox 1113 2912 1268 3002; x_wconf 74' lang='lat' dir='ltr'>erariis,</span> <span class='ocrx_word' id='word_1_171' title='bbox 1340 2915 1543 3010; x_wconf 75' lang='lat' dir='ltr'>typhonem</span> 
     </span>
     <span class='ocr_line' id='line_1_22' title="bbox 307 3006 1543 3105; baseline -0.005 -22"><span class='ocrx_word' id='word_1_172' title='bbox 307 3006 471 3083; x_wconf 64' lang='lat' dir='ltr'>modern</span> <span class='ocrx_word' id='word_1_173' title='bbox 492 3008 563 3082; x_wconf 81' lang='lat' dir='ltr'>elle</span> <span class='ocrx_word' id='word_1_174' title='bbox 597 3032 640 3084; x_wconf 91' lang='lat' dir='ltr'>ac</span> <span class='ocrx_word' id='word_1_175' title='bbox 665 3008 919 3105; x_wconf 90' lang='lat' dir='ltr'>Tarphonem,</span> <span class='ocrx_word' id='word_1_176' title='bbox 944 3030 1047 3103; x_wconf 89' lang='lat' dir='ltr'>quem</span> <span class='ocrx_word' id='word_1_177' title='bbox 1072 3007 1195 3103; x_wconf 90' lang='lat' dir='ltr'>Judaei</span> <span class='ocrx_word' id='word_1_178' title='bbox 1211 3007 1426 3082; x_wconf 84' lang='lat' dir='ltr'>sacerdotem</span> <span class='ocrx_word' id='word_1_179' title='bbox 1446 3010 1543 3085; x_wconf 81' lang='lat' dir='ltr'><strong>divi.</strong></span> 
     </span>
     <span class='ocr_line' id='line_1_23' title="bbox 311 3101 1543 3202; baseline 0.002 -25"><span class='ocrx_word' id='word_1_180' title='bbox 311 3114 401 3177; x_wconf 82' lang='lat' dir='ltr'>tem</span> <span class='ocrx_word' id='word_1_181' title='bbox 419 3122 573 3193; x_wconf 83' lang='lat' dir='ltr'>vocant,</span> <span class='ocrx_word' id='word_1_182' title='bbox 596 3128 678 3179; x_wconf 89' lang='lat' dir='ltr'>cum</span> <span class='ocrx_word' id='word_1_183' title='bbox 705 3104 766 3178; x_wconf 92' lang='lat' dir='ltr'>hic</span> <span class='ocrx_word' id='word_1_184' title='bbox 793 3101 906 3177; x_wconf 87' lang='lat' dir='ltr'>stante</span> <span class='ocrx_word' id='word_1_185' title='bbox 935 3102 1090 3198; x_wconf 88' lang='lat' dir='ltr'>Templo</span> <span class='ocrx_word' id='word_1_186' title='bbox 1116 3102 1270 3190; x_wconf 78' lang='lat' dir='ltr'>vixerit,</span> <span class='ocrx_word' id='word_1_187' title='bbox 1298 3124 1366 3178; x_wconf 90' lang='lat' dir='ltr'>nec</span> <span class='ocrx_word' id='word_1_188' title='bbox 1391 3107 1427 3177; x_wconf 89' lang='lat' dir='ltr'>ei</span> <span class='ocrx_word' id='word_1_189' title='bbox 1452 3128 1543 3202; x_wconf 81' lang='lat' dir='ltr'>quae</span> 
     </span>
     <span class='ocr_line' id='line_1_24' title="bbox 322 3194 1545 3305; baseline 0.006 -37"><span class='ocrx_word' id='word_1_190' title='bbox 322 3194 381 3270; x_wconf 78' lang='lat' dir='ltr'>de</span> <span class='ocrx_word' id='word_1_191' title='bbox 398 3196 469 3297; x_wconf 89' lang='lat' dir='ltr'>ipso</span> <span class='ocrx_word' id='word_1_192' title='bbox 494 3219 611 3274; x_wconf 87' lang='lat' dir='ltr'>narrat</span> <span class='ocrx_word' id='word_1_193' title='bbox 661 3197 791 3273; x_wconf 83' lang='lat' dir='ltr'>ustinus</span> <span class='ocrx_word' id='word_1_194' title='bbox 816 3196 1062 3304; x_wconf 62' lang='lat' dir='ltr'>convenianta</span> <span class='ocrx_word' id='word_1_195' title='bbox 1089 3195 1142 3269; x_wconf 91' lang='lat' dir='ltr'>uti</span> <span class='ocrx_word' id='word_1_196' title='bbox 1163 3196 1234 3292; x_wconf 89' lang='lat' dir='ltr'>jam</span> <span class='ocrx_word' id='word_1_197' title='bbox 1249 3196 1370 3305; x_wconf 75' lang='lat' dir='ltr'>evicit</span> <span class='ocrx_word' id='word_1_198' title='bbox 1395 3200 1445 3275; x_wconf 90' lang='lat' dir='ltr'>H.</span> <span class='ocrx_word' id='word_1_199' title='bbox 1470 3202 1545 3275; x_wconf 90' lang='lat' dir='ltr'>Re-</span> 
     </span>
     <span class='ocr_line' id='line_1_25' title="bbox 327 3281 1568 3394; baseline 0.002 -25"><span class='ocrx_word' id='word_1_200' title='bbox 327 3288 446 3369; x_wconf 68' lang='lat' dir='ltr'>landus</span> <span class='ocrx_word' id='word_1_201' title='bbox 474 3293 514 3369; x_wconf 91' lang='lat' dir='ltr'>in</span> <span class='ocrx_word' id='word_1_202' title='bbox 545 3318 614 3394; x_wconf 91' lang='lat' dir='ltr'>pec</span> <span class='ocrx_word' id='word_1_203' title='bbox 651 3294 714 3369; x_wconf 92' lang='lat' dir='ltr'>iari</span> <span class='ocrx_word' id='word_1_204' title='bbox 743 3293 788 3367; x_wconf 90' lang='lat' dir='ltr'>de</span> <span class='ocrx_word' id='word_1_205' title='bbox 822 3314 867 3367; x_wconf 90' lang='lat' dir='ltr'>eo</span> <span class='ocrx_word' id='word_1_206' title='bbox 898 3290 1148 3367; x_wconf 78' lang='lat' dir='ltr'>differtatrone.</span> <span class='ocrx_word' id='word_1_207' title='bbox 1199 3281 1306 3365; x_wconf 81' lang='lat' dir='ltr'>Aliud</span> <span class='ocrx_word' id='word_1_208' title='bbox 1340 3293 1460 3390; x_wconf 89' lang='lat' dir='ltr'>itaque</span> <span class='ocrx_word' id='word_1_209' title='bbox 1494 3296 1568 3389; x_wconf 77' lang='lat' dir='ltr'>de¹</span> 
     </span>
     <span class='ocr_line' id='line_1_26' title="bbox 327 3380 1547 3487; baseline 0.003 -22"><span class='ocrx_word' id='word_1_210' title='bbox 327 3380 523 3487; x_wconf 81' lang='lat' dir='ltr'>Tryphone</span> <span class='ocrx_word' id='word_1_211' title='bbox 549 3414 621 3464; x_wconf 91' lang='lat' dir='ltr'>non</span> <span class='ocrx_word' id='word_1_212' title='bbox 644 3387 804 3478; x_wconf 87' lang='lat' dir='ltr'>constat,</span> <span class='ocrx_word' id='word_1_213' title='bbox 838 3410 881 3463; x_wconf 88' lang='lat' dir='ltr'>ae</span> <span class='ocrx_word' id='word_1_214' title='bbox 906 3387 1001 3484; x_wconf 92' lang='lat' dir='ltr'>quod</span> <span class='ocrx_word' id='word_1_215' title='bbox 1017 3389 1200 3462; x_wconf 86' lang='lat' dir='ltr'>Hebraeus</span> <span class='ocrx_word' id='word_1_216' title='bbox 1219 3387 1260 3461; x_wconf 84' lang='lat' dir='ltr'>stt</span> <span class='ocrx_word' id='word_1_217' title='bbox 1287 3411 1332 3462; x_wconf 86' lang='lat' dir='ltr'>ex</span> <span class='ocrx_word' id='word_1_218' title='bbox 1355 3390 1547 3469; x_wconf 90' lang='lat' dir='ltr'>circumci-</span> 
     </span>
     <span class='ocr_line' id='line_1_27' title="bbox 339 3474 1543 3585; baseline 0.008 -31"><span class='ocrx_word' id='word_1_219' title='bbox 339 3474 441 3576; x_wconf 85' lang='lat' dir='ltr'>lione,</span> <span class='ocrx_word' id='word_1_220' title='bbox 473 3503 511 3559; x_wconf 89' lang='lat' dir='ltr'>et</span> <span class='ocrx_word' id='word_1_221' title='bbox 537 3509 583 3559; x_wconf 85' lang='lat' dir='ltr'>ex</span> <span class='ocrx_word' id='word_1_222' title='bbox 605 3489 686 3559; x_wconf 81' lang='lat' dir='ltr'>bello</span> <span class='ocrx_word' id='word_1_223' title='bbox 711 3491 876 3582; x_wconf 82' lang='lat' dir='ltr'>proxima,</span> <span class='ocrx_word' id='word_1_224' title='bbox 908 3482 1043 3558; x_wconf 86' lang='lat' dir='ltr'>scilicet</span> <span class='ocrx_word' id='word_1_225' title='bbox 1067 3482 1239 3557; x_wconf 90' lang='lat' dir='ltr'>Hadriani</span> <span class='ocrx_word' id='word_1_226' title='bbox 1265 3504 1346 3558; x_wconf 90' lang='lat' dir='ltr'>cum</span> <span class='ocrx_word' id='word_1_227' title='bbox 1379 3487 1543 3585; x_wconf 80' lang='lat' dir='ltr'>Judaeis,</span> 
     </span>
     <span class='ocr_line' id='line_1_28' title="bbox 346 3578 1545 3680; baseline 0.007 -29"><span class='ocrx_word' id='word_1_228' title='bbox 346 3578 516 3680; x_wconf 59' lang='lat' dir='ltr'>profugum</span> <span class='ocrx_word' id='word_1_229' title='bbox 540 3580 593 3654; x_wconf 91' lang='lat' dir='ltr'>uti</span> <span class='ocrx_word' id='word_1_230' title='bbox 614 3579 688 3677; x_wconf 86' lang='lat' dir='ltr'>ipse</span> <span class='ocrx_word' id='word_1_231' title='bbox 704 3579 867 3669; x_wconf 89' lang='lat' dir='ltr'>testatur,</span> <span class='ocrx_word' id='word_1_232' title='bbox 895 3580 1024 3676; x_wconf 87' lang='lat' dir='ltr'>quique</span> <span class='ocrx_word' id='word_1_233' title='bbox 1041 3579 1079 3652; x_wconf 93' lang='lat' dir='ltr'>in</span> <span class='ocrx_word' id='word_1_234' title='bbox 1097 3578 1266 3668; x_wconf 84' lang='lat' dir='ltr'>Graecia,</span> <span class='ocrx_word' id='word_1_235' title='bbox 1298 3603 1339 3652; x_wconf 95' lang='lat' dir='ltr'>ac</span> <span class='ocrx_word' id='word_1_236' title='bbox 1357 3582 1545 3679; x_wconf 86' lang='lat' dir='ltr'>Corinthi,</span> 
     </span>
     <span class='ocr_line' id='line_1_29' title="bbox 351 3668 1543 3772; baseline 0.007 -29"><span class='ocrx_word' id='word_1_237' title='bbox 351 3668 453 3770; x_wconf 73' lang='lat' dir='ltr'>aliquas</span> <span class='ocrx_word' id='word_1_238' title='bbox 477 3676 624 3751; x_wconf 88' lang='lat' dir='ltr'>traxerit</span> <span class='ocrx_word' id='word_1_239' title='bbox 641 3699 776 3767; x_wconf 82' lang='lat' dir='ltr'>moras,</span> <span class='ocrx_word' id='word_1_240' title='bbox 789 3675 1048 3771; x_wconf 75' lang='lat' dir='ltr'>¹Philosophiae</span> <span class='ocrx_word' id='word_1_241' title='bbox 1064 3672 1251 3749; x_wconf 79' lang='lat' dir='ltr'>studiosus:</span> <span class='ocrx_word' id='word_1_242' title='bbox 1279 3673 1427 3772; x_wconf 86' lang='lat' dir='ltr'>scriptus</span> <span class='ocrx_word' id='word_1_243' title='bbox 1442 3681 1543 3756; x_wconf 70' lang='lat' dir='ltr'>videi-</span> 
     </span>
     <span class='ocr_line' id='line_1_30' title="bbox 350 3768 1546 3870; baseline 0.009 -31"><span class='ocrx_word' id='word_1_244' title='bbox 350 3778 395 3839; x_wconf 77' lang='lat' dir='ltr'>tur</span> <span class='ocrx_word' id='word_1_245' title='bbox 404 3772 575 3870; x_wconf 83' lang='lat' dir='ltr'>dialogus,</span> <span class='ocrx_word' id='word_1_246' title='bbox 601 3795 673 3847; x_wconf 93' lang='lat' dir='ltr'>non</span> <span class='ocrx_word' id='word_1_247' title='bbox 690 3775 742 3846; x_wconf 92' lang='lat' dir='ltr'>uti</span> <span class='ocrx_word' id='word_1_248' title='bbox 768 3771 924 3867; x_wconf 84' lang='lat' dir='ltr'>Scaliger</span> <span class='ocrx_word' id='word_1_249' title='bbox 950 3771 1113 3867; x_wconf 84' lang='lat' dir='ltr'>opinatus</span> <span class='ocrx_word' id='word_1_250' title='bbox 1129 3768 1200 3860; x_wconf 88' lang='lat' dir='ltr'>est,</span> <span class='ocrx_word' id='word_1_251' title='bbox 1225 3794 1269 3843; x_wconf 91' lang='lat' dir='ltr'>eo</span> <span class='ocrx_word' id='word_1_252' title='bbox 1289 3788 1425 3846; x_wconf 89' lang='lat' dir='ltr'>tantum</span> <span class='ocrx_word' id='word_1_253' title='bbox 1442 3775 1546 3865; x_wconf 73' lang='lat' dir='ltr'>nixus</span> 
     </span>
     <span class='ocr_line' id='line_1_31' title="bbox 351 3858 1545 3974; baseline 0.008 -37"><span class='ocrx_word' id='word_1_254' title='bbox 351 3858 576 3957; x_wconf 74' lang='lat' dir='ltr'>laudamento,</span> <span class='ocrx_word' id='word_1_255' title='bbox 602 3867 695 3962; x_wconf 92' lang='lat' dir='ltr'>quod</span> <span class='ocrx_word' id='word_1_256' title='bbox 721 3868 849 3942; x_wconf 89' lang='lat' dir='ltr'>bellum</span> <span class='ocrx_word' id='word_1_257' title='bbox 871 3863 953 3938; x_wconf 84' lang='lat' dir='ltr'>illud</span> <span class='ocrx_word' id='word_1_258' title='bbox 978 3884 1077 3974; x_wconf 82' lang='lat' dir='ltr'>nuper</span> <span class='ocrx_word' id='word_1_259' title='bbox 1101 3863 1238 3939; x_wconf 88' lang='lat' dir='ltr'>dicatur</span> <span class='ocrx_word' id='word_1_260' title='bbox 1262 3883 1401 3959; x_wconf 90' lang='lat' dir='ltr'>natum,</span> <span class='ocrx_word' id='word_1_261' title='bbox 1426 3869 1486 3944; x_wconf 90' lang='lat' dir='ltr'>sub</span> <span class='ocrx_word' id='word_1_262' title='bbox 1501 3871 1545 3947; x_wconf 78' lang='lat' dir='ltr'>ff·</span> 
     </span>
     <span class='ocr_line' id='line_1_32' title="bbox 344 3957 1546 4062; baseline 0.008 -30"><span class='ocrx_word' id='word_1_263' title='bbox 344 3980 409 4034; x_wconf 86' lang='lat' dir='ltr'>ueta</span> <span class='ocrx_word' id='word_1_264' title='bbox 432 3961 560 4059; x_wconf 88' lang='lat' dir='ltr'>inperii</span> <span class='ocrx_word' id='word_1_265' title='bbox 586 3962 778 4053; x_wconf 87' lang='lat' dir='ltr'>Hadriani,</span> <span class='ocrx_word' id='word_1_266' title='bbox 811 3961 891 4059; x_wconf 89' lang='lat' dir='ltr'>quia</span> <span class='ocrx_word' id='word_1_267' title='bbox 914 3980 1052 4035; x_wconf 79' lang='lat' dir='ltr'>mentio</span> <span class='ocrx_word' id='word_1_268' title='bbox 1078 3957 1113 4032; x_wconf 89' lang='lat' dir='ltr'>iu</span> <span class='ocrx_word' id='word_1_269' title='bbox 1140 3958 1281 4059; x_wconf 89' lang='lat' dir='ltr'>dialogo</span> <span class='ocrx_word' id='word_1_270' title='bbox 1309 3962 1351 4036; x_wconf 89' lang='lat' dir='ltr'>fit</span> <span class='ocrx_word' id='word_1_271' title='bbox 1376 3970 1546 4062; x_wconf 79' lang='lat' dir='ltr'>apologiae</span> 
     </span>
    </p>

    <p class='ocr_par' dir='ltr' id='par_1_4' title="bbox 249 4054 1547 4520">
     <span class='ocr_line' id='line_1_33' title="bbox 249 4054 1545 4156; baseline 0.002 -23"><span class='ocrx_word' id='word_1_272' title='bbox 249 4086 252 4149; x_wconf 66' lang='lat' dir='ltr'>f</span> <span class='ocrx_word' id='word_1_273' title='bbox 339 4054 398 4154; x_wconf 83' lang='lat' dir='ltr'>jm</span> <span class='ocrx_word' id='word_1_274' title='bbox 419 4061 578 4156; x_wconf 87' lang='lat' dir='ltr'>vulgatae</span> <span class='ocrx_word' id='word_1_275' title='bbox 603 4082 622 4131; x_wconf 88' lang='lat' dir='ltr'>a</span> <span class='ocrx_word' id='word_1_276' title='bbox 646 4058 804 4155; x_wconf 90' lang='lat' dir='ltr'>Justino,</span> <span class='ocrx_word' id='word_1_277' title='bbox 844 4055 883 4129; x_wconf 88' lang='lat' dir='ltr'>in</span> <span class='ocrx_word' id='word_1_278' title='bbox 916 4080 983 4152; x_wconf 84' lang='lat' dir='ltr'>qua</span> <span class='ocrx_word' id='word_1_279' title='bbox 1019 4056 1140 4129; x_wconf 87' lang='lat' dir='ltr'>Simon</span> <span class='ocrx_word' id='word_1_280' title='bbox 1169 4058 1300 4153; x_wconf 79' lang='lat' dir='ltr'>Magus</span> <span class='ocrx_word' id='word_1_281' title='bbox 1330 4083 1545 4143; x_wconf 68' lang='lat' dir='ltr'>memoratur</span> 
     </span>
     <span class='ocr_line' id='line_1_34' title="bbox 337 4148 1546 4250; baseline 0.002 -22"><span class='ocrx_word' id='word_1_282' title='bbox 337 4148 404 4237; x_wconf 84' lang='lat' dir='ltr'>est.</span> <span class='ocrx_word' id='word_1_283' title='bbox 434 4158 592 4250; x_wconf 86' lang='lat' dir='ltr'>adeoque</span> <span class='ocrx_word' id='word_1_284' title='bbox 619 4177 707 4250; x_wconf 84' lang='lat' dir='ltr'>quaa</span> <span class='ocrx_word' id='word_1_285' title='bbox 737 4152 921 4228; x_wconf 83' lang='lat' dir='ltr'>Antonino</span> <span class='ocrx_word' id='word_1_286' title='bbox 949 4149 1017 4225; x_wconf 87' lang='lat' dir='ltr'>fuit</span> <span class='ocrx_word' id='word_1_287' title='bbox 1043 4151 1233 4247; x_wconf 85' lang='lat' dir='ltr'>inscripta3</span> <span class='ocrx_word' id='word_1_288' title='bbox 1268 4152 1348 4245; x_wconf 91' lang='lat' dir='ltr'>sed,</span> <span class='ocrx_word' id='word_1_289' title='bbox 1383 4177 1422 4229; x_wconf 93' lang='lat' dir='ltr'>ut</span> <span class='ocrx_word' id='word_1_290' title='bbox 1448 4156 1546 4232; x_wconf 73' lang='lat' dir='ltr'>retae</span> 
     </span>
     <span class='ocr_line' id='line_1_35' title="bbox 336 4248 1547 4347; baseline 0 -21"><span class='ocrx_word' id='word_1_291' title='bbox 336 4250 464 4341; x_wconf 75' lang='lat' dir='ltr'>Grabe,</span> <span class='ocrx_word' id='word_1_292' title='bbox 491 4248 584 4323; x_wconf 88' lang='lat' dir='ltr'>inter</span> <span class='ocrx_word' id='word_1_293' title='bbox 609 4275 688 4325; x_wconf 84' lang='lat' dir='ltr'>aun.</span> <span class='ocrx_word' id='word_1_294' title='bbox 713 4271 780 4324; x_wconf 89' lang='lat' dir='ltr'>aer.</span> <span class='ocrx_word' id='word_1_295' title='bbox 806 4251 855 4325; x_wconf 90' lang='lat' dir='ltr'>V.</span> <span class='ocrx_word' id='word_1_296' title='bbox 885 4268 954 4336; x_wconf 81' lang='lat'>150</span> <span class='ocrx_word' id='word_1_297' title='bbox 979 4266 1016 4319; x_wconf 87' lang='lat' dir='ltr'>et</span> <span class='ocrx_word' id='word_1_298' title='bbox 1037 4254 1116 4322; x_wconf 83' lang='lat'><strong>160.</strong></span> <span class='ocrx_word' id='word_1_299' title='bbox 1168 4248 1335 4322; x_wconf 83' lang='lat' dir='ltr'>Attamen</span> <span class='ocrx_word' id='word_1_300' title='bbox 1354 4250 1547 4347; x_wconf 86' lang='lat' dir='ltr'>disputatio</span> 
     </span>
     <span class='ocr_line' id='line_1_36' title="bbox 329 4342 1545 4520; baseline -0.003 -95"><span class='ocrx_word' id='word_1_301' title='bbox 329 4347 398 4449; x_wconf 85' lang='lat' dir='ltr'>ipsa</span> <span class='ocrx_word' id='word_1_302' title='bbox 421 4346 563 4425; x_wconf 84' lang='lat' dir='ltr'>videtur</span> <span class='ocrx_word' id='word_1_303' title='bbox 587 4367 690 4424; x_wconf 85' lang='lat' dir='ltr'>antea</span> <span class='ocrx_word' id='word_1_304' title='bbox 713 4342 1079 4517; x_wconf 58' lang='lat' dir='ltr'>aliquandiuzlyalyita,</span> <span class='ocrx_word' id='word_1_305' title='bbox 1120 4368 1202 4420; x_wconf 91' lang='lat' dir='ltr'>cum</span> <span class='ocrx_word' id='word_1_306' title='bbox 1227 4345 1402 4443; x_wconf 81' lang='lat' dir='ltr'>Tryphon</span> <span class='ocrx_word' id='word_1_307' title='bbox 1427 4344 1545 4520; x_wconf 59' lang='lat' dir='ltr'>dicap,</span> 
     </span>
    </p>

    <p class='ocr_par' dir='ltr' id='par_1_5' title="bbox 1081 4471 1547 4525">
     <span class='ocr_line' id='line_1_37' title="bbox 1081 4471 1547 4525; baseline 0 0"><span class='ocrx_word' id='word_1_308' title='bbox 1081 4522 1083 4525; x_wconf 83' lang='lat'><strong>.</strong></span> <span class='ocrx_word' id='word_1_309' title='bbox 1524 4471 1547 4525; x_wconf 89' lang='lat' dir='ltr'>e</span> 
     </span>
    </p>
   </div>
   <div class='ocr_carea' id='block_1_3' title="bbox 0 0 1824 5500">
    <p class='ocr_par' dir='ltr' id='par_1_6' title="bbox 0 0 1824 5500">
     <span class='ocr_line' id='line_1_38' title="bbox 0 0 1824 5500; baseline 0 0"><span class='ocrx_word' id='word_1_310' title='bbox 0 0 1824 5500; x_wconf 95' lang='lat' dir='ltr'> </span> 
     </span>
    </p>
   </div>
  </div>
 </body>
</html>
