3609 5500
299 899 378 990 556
691 890 1000 1001 Historiis-{ccless
1018 893 1138 1003 (W)

303 1072 424 1151 elesris.
474 1069 742 1151 masenili
768 1100 800 1153 c.
826 1101 901 1174 cap.
927 1098 961 1174 7.
1008 1077 1077 1175 lpst
1106 1072 1269 1156 Gnostici
1296 1074 1489 1178 apulam·

307 1172 410 1246 Alex.
442 1169 512 1245 Str.
546 1170 632 1245 Vll.
657 1170 741 1265 fin,
782 1175 962 1250 Glauciam
996 1173 1096 1248 soille
1122 1173 1277 1251 Basilidis
1306 1183 1484 1273 praecepto·

302 1290 401 1358 rem,
427 1285 465 1341 et
490 1265 587 1341 Petri
612 1267 736 1364 Apoll„
762 1268 1009 1366 interpretem,
1027 1267 1252 1366 jattiurunt:
1277 1294 1323 1347 ex
1338 1272 1433 1370 quos
1472 1307 1486 1327 ·

301 1384 394 1437 mam
430 1381 565 1439 tantum
595 1362 668 1460 ejus
697 1365 943 1464 antiquitatem
965 1367 1084 1440 collii
1118 1368 1259 1457 velim,
1292 1368 1379 1444 nihil
1401 1364 1487 1442 aliud.

303 1457 433 1534 Tradit
463 1460 604 1558 quidem
626 1461 778 1537 Hieron.
811 1463 855 1536 de
877 1462 1020 1569 script·
1068 1459 1167 1571 ecles.
1201 1463 1215 1536 i
1244 1463 1317 1538 sum
1341 1456 1489 1540 lladtiani

300 1578 453 1764 inst
469 1554 1218 1764 slsrtntslssdatslsssn,
1239 1576 1489 1740 statuisti

300 1750 356 1826 dit
377 1771 461 1825 mco
486 1749 620 1843 nisum,
653 1774 715 1849 qur
737 1750 826 1827 lectt
851 1750 1030 1845 Angelos,
1062 1749 1325 1847 Archangelos,
1360 1752 1487 1828 virute

301 1867 340 1923 et
364 1866 450 1947 pote
504 1849 577 1942 te's,
599 1872 619 1923 a
642 1845 777 1945 septem
799 1869 886 1924 vero
911 1843 1059 1941 Angelis
1085 1845 1253 1921 mundum
1281 1848 1353 1923 else
1376 1843 1484 1924 naun

299 1941 442 2037 statuit,
479 1964 518 2021 et
544 1944 724 2021 hominem
747 1966 868 2021 eorum
892 1940 961 2016 else
987 1940 1174 2033 laesuram,
1215 1943 1269 2017 ita
1292 1961 1425 2034 tamen,
1456 1955 1487 2015 ut

301 2042 416 2117 virtus
445 2040 602 2140 superior
636 2040 821 2116 scintillam
851 2037 948 2113 vitae
978 2036 1163 2146 emiserit,
1205 2050 1295 2208 quae
1327 2039 1487 2149 hominem

298 2137 438 2225 erexit,
472 2136 690 2225 attitulavit,
717 2154 756 2209 et
772 2137 898 2209 vivere
923 2132 1020 2209 fecit.
1063 2134 1137 2208 Sed
1159 2137 1206 2212 Ba
1221 2135 1323 2209 rlrdes
1354 2136 1487 2224 subtiliat

299 2231 566 2332 philosophatus
591 2228 664 2319 est,
702 2250 745 2303 ac
771 2252 899 2304 aeonas
923 2227 1102 2320 extendit,
1143 2249 1181 2304 et
1205 2230 1346 2329 digeffit
1366 2232 1483 2307 adcun-

299 2327 389 2418 tius,
429 2327 479 2401 ita
511 2344 550 2399 ut
585 2348 631 2399 ex
662 2328 764 2400 Patre
797 2325 838 2399 stt
863 2326 962 2415 Nus,
1003 2324 1086 2398 inde
1108 2326 1250 2423 Logos,
1290 2326 1373 2415 dein
1395 2329 1486 2402 abes

300 2423 502 2514 Phronefis,
537 2422 630 2496 unde
656 2420 809 2519 Sophia,
845 2419 921 2518 (cui
946 2444 1026 2495 cum
1042 2422 1220 2497 Prouisicat
1253 2417 1483 2520 epithetonrb

297 2519 466 2617 Ophitis,
491 2515 579 2592 teste
602 2520 771 2607 Irenaeo,
795 2516 903 2590 fuerit
929 2517 1067 2605 datum,
1093 2518 1135 2591 ad
1155 2516 1250 2615 quod
1274 2519 1483 2594 oblraeserut

294 2616 429 2707 motti,
468 2612 553 2688 illud
579 2615 696 2688 obiter
723 2611 891 2702 observo,
924 2611 1038 2685 videri
1065 2636 1110 2685 ex
1136 2614 1317 2710 superiore
1340 2603 1482 2704 annila

295 2704 440 2803 natuin,
464 2729 504 2785 ut
528 2708 568 2783 srt
594 2734 659 2808 pro
682 2710 842 2786 Phronius
865 2702 1055 2806 positum)
1082 2726 1120 2782 et
1142 2709 1340 2808 Dynamis,
1362 2730 1399 2787 et
1418 2695 1481 2785 isle

295 2809 466 2897 virtutes,
499 2806 717 2904 principes,
736 2805 887 2903 Angeli,
914 2829 933 2878 a
956 2805 1078 2902 quibus
1102 2805 1253 2901 primum
1271 2809 1409 2883 coelum
1427 2794 1480 2879 sat·

297 2925 374 2981 tum
405 2903 456 2978 est
485 2927 565 2976 cum
593 2903 668 2978 aliis
695 2903 845 2998 angelis,
878 2901 960 2974 inde
990 2901 1075 2973 alios
1108 2901 1178 2975 elle
1209 2903 1387 2978 derivatos
1420 2919 1481 2987 eoe-

296 3006 372 3096 los,
397 3006 503 3096 ulque
529 3000 571 3073 ad
591 3009 685 3096 365,
711 3022 874 3073 unacum
893 2996 969 3070 aliis
986 2998 1149 3093 Angelis:
1175 2999 1329 3094 denique
1345 3003 1386 3075 ab
1401 3016 1483 3092 ange·

294 3103 356 3191 lis,
398 3095 586 3196 posteriori
614 3098 714 3170 coelo
742 3093 947 3191 praeleslis,
988 3093 1082 3165 hunc
1108 3093 1314 3170 inferiorem
1343 3097 1485 3171 muudum

290 3198 365 3272 else
383 3193 564 3268 conditum
588 3195 680 3267 lren.
704 3194 726 3266 l.
753 3196 780 3266 l.
806 3214 836 3264 c.
864 3214 942 3281 sq,
975 3187 1034 3286 qui
1049 3211 1231 3283 praeterea
1248 3191 1486 3284 additarum,

292 3290 482 3366 secundum
498 3288 698 3377 Bafilidem,
724 3287 946 3360 inmundum
968 3311 987 3358 a
1004 3287 1103 3358 Patre
1118 3284 1274 3377 missum,
1301 3289 1372 3364 elle
1391 3280 1487 3363 Chris·

292 3405 391 3476 tum,
424 3386 483 3483 qui
506 3382 713 3456 hominene
743 3379 917 3477 potestate
942 3404 1083 3471 eorum,
1118 3381 1178 3478 qui
1208 3384 1378 3460 mundum
1400 3379 1488 3460 fabri·

291 3501 436 3571 canunt,
473 3479 687 3567 vindicaret,
722 3500 790 3551 nec
817 3496 933 3549 tamen
961 3501 1060 3561 eum,
1099 3476 1156 3551 sed
1183 3480 1257 3574 ejus
1282 3482 1368 3555 loco
1394 3478 1490 3555 Simo·

290 3601 374 3654 nem
400 3581 619 3672 Cyrenaeum
652 3572 722 3647 elle
747 3571 975 3662 crucifixum,
1018 3575 1078 3646 sub
1101 3571 1214 3668 specie
1240 3575 1384 3652 Christi.
1434 3578 1495 3673 Rq·

290 3676 384 3776 liqna
406 3697 486 3751 cum
505 3671 575 3744 aliis
599 3670 721 3742 habuit
738 3667 956 3757 communia,
981 3670 1045 3743 nist
1072 3670 1184 3764 quod,
1211 3671 1393 3746 referente
1410 3675 1496 3748 Ireu.

281 3779 313 3852 ·l.
350 3796 380 3847 c.
415 3789 452 3841 et
478 3769 574 3841 Clem
622 3766 722 3840 Alex.
758 3767 826 3839 Str.
858 3766 927 3837 IV:
964 3785 1019 3839 11.
1050 3764 1290 3864 μετεμψίχωσιν
1321 3774 1501 3844 animorum

290 3867 609 3966 transmigrationes
640 3861 827 3936 admiserit.
878 3859 1007 3958 Liquet
1043 3886 1182 3960 quoque
1223 3890 1268 3939 ex
1302 3862 1504 3961 fragmento

289 3967 364 4063 ejus
388 3960 479 4057 apud
495 3960 604 4033 Clem.
638 3962 659 4034 l.
684 3982 742 4050 c.,
782 3958 986 4056 martyrium
1005 3980 1049 4030 ex
1073 3959 1242 4052 opinione
1272 3962 1349 4054 ejus
1375 3960 1505 4036 haben·

278 4065 369 4138 dum
394 4078 459 4154 pro
484 4076 598 4148 poena
624 4056 780 4148 peccati,
823 4054 894 4128 five
917 4054 1014 4143 atstu,
1056 4052 1128 4126 ssve
1150 4059 1334 4130 voluntate
1355 4053 1503 4151 patrati,

287 4163 359 4237 sive
391 4171 574 4244 antequam
601 4149 638 4222 in
663 4150 732 4222 hoc
756 4175 884 4245 corpus
910 4149 1011 4223 venit
1034 4149 1169 4241 anima,
1213 4151 1283 4226 sive
1310 4150 1507 4250 postquam.

287 4255 356 4332 Sed
389 4249 432 4322 de
460 4247 603 4320 Simone
621 4249 822 4342 Cyrenaeo,
858 4248 938 4318 loco
966 4242 1095 4319 Christi
1119 4247 1234 4338 passu,
1274 4250 1321 4323 do
1349 4270 1408 4322 ma
1439 4246 1506 4358 ipsi

284 4353 355 4430 effe
378 4342 559 4434 adsilium,
593 4362 630 4417 et
645 4366 726 4418 eum
745 4342 841 4418 idem
858 4342 953 4441 quod
978 4340 1107 4442 reliqui
1127 4342 1290 4428 Gnostici
1314 4270 1360 4421 tie
1386 4343 1508 4418 cnut-

263 4494 269 4505 ·
1463 4457 1509 4518 to
