<?xml version="1.0" encoding="UTF-8"?>
<!DOCTYPE html PUBLIC "-//W3C//DTD XHTML 1.0 Transitional//EN"
    "http://www.w3.org/TR/xhtml1/DTD/xhtml1-transitional.dtd">
<html xmlns="http://www.w3.org/1999/xhtml" xml:lang="en" lang="en">
 <head>
  <title>
</title>
<meta http-equiv="Content-Type" content="text/html;charset=utf-8" />
  <meta name='ocr-system' content='tesseract 3.04.00' />
  <meta name='ocr-capabilities' content='ocr_page ocr_carea ocr_par ocr_line ocrx_word'/>
</head>
<body>
  <div class='ocr_page' id='page_1' title='image "./hermannivenemai05venegoog_0502.png"; bbox 0 0 3609 5500; ppageno 0'>
   <div class='ocr_carea' id='block_1_1' title="bbox 398 668 1245 824">
    <p class='ocr_par' dir='ltr' id='par_1_1' title="bbox 398 668 1245 824">
     <span class='ocr_line' id='line_1_1' title="bbox 398 668 1245 824; baseline -0.014 -15"><span class='ocrx_word' id='word_1_1' title='bbox 398 668 474 823; x_wconf 57' lang='lat' dir='ltr'>wi</span> <span class='ocrx_word' id='word_1_2' title='bbox 800 721 955 824; x_wconf 69' lang='lat' dir='ltr'>ffistoriae</span> <span class='ocrx_word' id='word_1_3' title='bbox 973 722 1103 823; x_wconf 81' lang='lat' dir='ltr'>Eccles.</span> <span class='ocrx_word' id='word_1_4' title='bbox 1132 723 1245 815; x_wconf 65' lang='lat' dir='ltr'>affin.</span> 
     </span>
    </p>
   </div>
   <div class='ocr_carea' id='block_1_2' title="bbox 401 898 1630 1386">
    <p class='ocr_par' dir='ltr' id='par_1_2' title="bbox 401 898 1630 1386">
     <span class='ocr_line' id='line_1_2' title="bbox 404 898 1630 1004; baseline -0.005 -24"><span class='ocrx_word' id='word_1_5' title='bbox 404 925 479 987; x_wconf 82' lang='lat' dir='ltr'>rat.</span> <span class='ocrx_word' id='word_1_6' title='bbox 501 922 540 979; x_wconf 86' lang='lat' dir='ltr'>et</span> <span class='ocrx_word' id='word_1_7' title='bbox 566 902 676 981; x_wconf 83' lang='lat' dir='ltr'>finem</span> <span class='ocrx_word' id='word_1_8' title='bbox 698 924 741 979; x_wconf 86' lang='lat' dir='ltr'>ac</span> <span class='ocrx_word' id='word_1_9' title='bbox 767 902 911 1001; x_wconf 79' lang='lat' dir='ltr'>scopum</span> <span class='ocrx_word' id='word_1_10' title='bbox 934 904 1097 997; x_wconf 80' lang='lat' dir='ltr'>Sabbati,</span> <span class='ocrx_word' id='word_1_11' title='bbox 1122 922 1284 1004; x_wconf 75' lang='lat' dir='ltr'>tanquam</span> <span class='ocrx_word' id='word_1_12' title='bbox 1300 903 1488 981; x_wconf 75' lang='lat' dir='ltr'><strong>creationis</strong></span> <span class='ocrx_word' id='word_1_13' title='bbox 1504 898 1595 1001; x_wconf 82' lang='lat' dir='ltr'>figos</span> <span class='ocrx_word' id='word_1_14' title='bbox 1605 956 1630 993; x_wconf 80' lang='grc'><strong>,</strong></span> 
     </span>
     <span class='ocr_line' id='line_1_3' title="bbox 403 998 1621 1101; baseline -0.003 -26"><span class='ocrx_word' id='word_1_15' title='bbox 403 1002 447 1075; x_wconf 81' lang='lat' dir='ltr'>ad</span> <span class='ocrx_word' id='word_1_16' title='bbox 468 1000 564 1075; x_wconf 87' lang='lat' dir='ltr'>diem</span> <span class='ocrx_word' id='word_1_17' title='bbox 586 1000 805 1077; x_wconf 81' lang='lat' dir='ltr'>dominicum</span> <span class='ocrx_word' id='word_1_18' title='bbox 838 1000 1025 1091; x_wconf 73' lang='lat' dir='ltr'>transfert,</span> <span class='ocrx_word' id='word_1_19' title='bbox 1067 1008 1202 1101; x_wconf 86' lang='lat' dir='ltr'>quippe</span> <span class='ocrx_word' id='word_1_20' title='bbox 1233 1027 1304 1100; x_wconf 88' lang='lat' dir='ltr'>quo</span> <span class='ocrx_word' id='word_1_21' title='bbox 1336 1000 1470 1075; x_wconf 81' lang='lat' dir='ltr'>creatio</span> <span class='ocrx_word' id='word_1_22' title='bbox 1499 998 1621 1073; x_wconf 82' lang='lat' dir='ltr'>sumsit</span> 
     </span>
     <span class='ocr_line' id='line_1_4' title="bbox 405 1095 1624 1194; baseline -0.002 -24"><span class='ocrx_word' id='word_1_23' title='bbox 405 1095 566 1173; x_wconf 85' lang='lat' dir='ltr'>initium.</span> <span class='ocrx_word' id='word_1_24' title='bbox 611 1098 748 1175; x_wconf 77' lang='lat' dir='ltr'>Eodem</span> <span class='ocrx_word' id='word_1_25' title='bbox 772 1120 913 1194; x_wconf 90' lang='lat' dir='ltr'>quoque</span> <span class='ocrx_word' id='word_1_26' title='bbox 948 1096 1065 1171; x_wconf 90' lang='lat' dir='ltr'>tendit</span> <span class='ocrx_word' id='word_1_27' title='bbox 1088 1096 1226 1173; x_wconf 79' lang='lat' dir='ltr'>irenaei</span> <span class='ocrx_word' id='word_1_28' title='bbox 1258 1098 1436 1172; x_wconf 73' lang='lat' dir='ltr'>dotilrina:</span> <span class='ocrx_word' id='word_1_29' title='bbox 1480 1120 1562 1171; x_wconf 81' lang='lat' dir='ltr'>nam</span> <span class='ocrx_word' id='word_1_30' title='bbox 1593 1096 1624 1168; x_wconf 92' lang='lat' dir='ltr'>l.</span> 
     </span>
     <span class='ocr_line' id='line_1_5' title="bbox 402 1192 1619 1289; baseline -0.003 -22"><span class='ocrx_word' id='word_1_31' title='bbox 402 1194 473 1270; x_wconf 91' lang='lat' dir='ltr'>IV.</span> <span class='ocrx_word' id='word_1_32' title='bbox 496 1216 529 1268; x_wconf 87' lang='lat' dir='ltr'>c.</span> <span class='ocrx_word' id='word_1_33' title='bbox 558 1198 613 1269; x_wconf 88' lang='lat'>16.</span> <span class='ocrx_word' id='word_1_34' title='bbox 636 1196 824 1271; x_wconf 80' lang='lat' dir='ltr'>Sabbatum</span> <span class='ocrx_word' id='word_1_35' title='bbox 848 1192 960 1267; x_wconf 85' lang='lat' dir='ltr'>refert</span> <span class='ocrx_word' id='word_1_36' title='bbox 982 1193 1027 1267; x_wconf 88' lang='lat' dir='ltr'>ad</span> <span class='ocrx_word' id='word_1_37' title='bbox 1051 1192 1161 1267; x_wconf 86' lang='lat' dir='ltr'>totius</span> <span class='ocrx_word' id='word_1_38' title='bbox 1185 1194 1416 1269; x_wconf 82' lang='lat' dir='ltr'>oeconomiae</span> <span class='ocrx_word' id='word_1_39' title='bbox 1439 1192 1491 1266; x_wconf 92' lang='lat' dir='ltr'>N.</span> <span class='ocrx_word' id='word_1_40' title='bbox 1517 1192 1619 1289; x_wconf 90' lang='lat' dir='ltr'>quie·</span> 
     </span>
     <span class='ocr_line' id='line_1_6' title="bbox 401 1286 1625 1386; baseline -0.006 -21"><span class='ocrx_word' id='word_1_41' title='bbox 401 1308 497 1381; x_wconf 86' lang='lat' dir='ltr'>tem,</span> <span class='ocrx_word' id='word_1_42' title='bbox 529 1288 683 1386; x_wconf 83' lang='lat' dir='ltr'>illudque</span> <span class='ocrx_word' id='word_1_43' title='bbox 702 1287 773 1366; x_wconf 80' lang='lat' dir='ltr'>effe</span> <span class='ocrx_word' id='word_1_44' title='bbox 797 1290 1013 1386; x_wconf 83' lang='lat' dir='ltr'>antiquatum</span> <span class='ocrx_word' id='word_1_45' title='bbox 1037 1290 1127 1363; x_wconf 85' lang='lat' dir='ltr'>haud</span> <span class='ocrx_word' id='word_1_46' title='bbox 1154 1290 1298 1365; x_wconf 87' lang='lat' dir='ltr'>obscure</span> <span class='ocrx_word' id='word_1_47' title='bbox 1375 1286 1516 1375; x_wconf 77' lang='lat' dir='ltr'>nificat,</span> <span class='ocrx_word' id='word_1_48' title='bbox 1540 1308 1625 1359; x_wconf 81' lang='lat' dir='ltr'>cuin</span> 
     </span>
    </p>
   </div>
   <div class='ocr_carea' id='block_1_3' title="bbox 398 1290 1627 1939">
    <p class='ocr_par' dir='ltr' id='par_1_3' title="bbox 398 1290 1627 1939">
     <span class='ocr_line' id='line_1_7' title="bbox 400 1290 1627 1496; baseline -0.007 -33"><span class='ocrx_word' id='word_1_49' title='bbox 400 1410 463 1469; x_wconf 77' lang='lat' dir='ltr'>er.</span> <span class='ocrx_word' id='word_1_50' title='bbox 496 1410 584 1483; x_wconf 80' lang='lat' dir='ltr'>quae</span> <span class='ocrx_word' id='word_1_51' title='bbox 609 1386 647 1459; x_wconf 90' lang='lat' dir='ltr'>io</span> <span class='ocrx_word' id='word_1_52' title='bbox 672 1384 877 1459; x_wconf 87' lang='lat' dir='ltr'>servitutem</span> <span class='ocrx_word' id='word_1_53' title='bbox 901 1406 944 1459; x_wconf 85' lang='lat' dir='ltr'>ac</span> <span class='ocrx_word' id='word_1_54' title='bbox 971 1384 1066 1496; x_wconf 78' lang='lat' dir='ltr'>signa</span> <span class='ocrx_word' id='word_1_55' title='bbox 1090 1384 1205 1459; x_wconf 85' lang='lat' dir='ltr'>Israeli</span> <span class='ocrx_word' id='word_1_56' title='bbox 1228 1386 1307 1459; x_wconf 83' lang='lat' dir='ltr'>data</span> <span class='ocrx_word' id='word_1_57' title='bbox 1323 1290 1437 1493; x_wconf 62' lang='lat' dir='ltr'>filitut,</span> <span class='ocrx_word' id='word_1_58' title='bbox 1469 1382 1627 1456; x_wconf 84' lang='lat' dir='ltr'>circnm-</span> 
     </span>
     <span class='ocr_line' id='line_1_8' title="bbox 400 1478 1619 1591; baseline -0.003 -34"><span class='ocrx_word' id='word_1_59' title='bbox 400 1483 529 1579; x_wconf 83' lang='lat' dir='ltr'>scripta</span> <span class='ocrx_word' id='word_1_60' title='bbox 552 1480 623 1555; x_wconf 80' lang='lat' dir='ltr'>else</span> <span class='ocrx_word' id='word_1_61' title='bbox 650 1480 762 1557; x_wconf 76' lang='lat' dir='ltr'>tradat</span> <span class='ocrx_word' id='word_1_62' title='bbox 783 1504 869 1591; x_wconf 41' lang='lat' dir='ltr'>noro·</span> <span class='ocrx_word' id='word_1_63' title='bbox 883 1482 1050 1555; x_wconf 78' lang='lat' dir='ltr'>libertato</span> <span class='ocrx_word' id='word_1_64' title='bbox 1073 1478 1286 1581; x_wconf 74' lang='lat' dir='ltr'>Testamenta.</span> <span class='ocrx_word' id='word_1_65' title='bbox 1337 1483 1506 1589; x_wconf 71' lang='lat' dir='ltr'>Denique</span> <span class='ocrx_word' id='word_1_66' title='bbox 1541 1502 1619 1553; x_wconf 82' lang='lat' dir='ltr'>can.</span> 
     </span>
     <span class='ocr_line' id='line_1_9' title="bbox 400 1572 1621 1689; baseline -0.009 -34"><span class='ocrx_word' id='word_1_67' title='bbox 400 1574 511 1677; x_wconf 80' lang='lat' dir='ltr'>apoll.</span> <span class='ocrx_word' id='word_1_68' title='bbox 538 1581 597 1687; x_wconf 65' lang='lat'>66.</span> <span class='ocrx_word' id='word_1_69' title='bbox 619 1576 793 1689; x_wconf 75' lang='lat' dir='ltr'>jejonjom</span> <span class='ocrx_word' id='word_1_70' title='bbox 812 1578 955 1687; x_wconf 72' lang='lat' dir='ltr'>pordem</span> <span class='ocrx_word' id='word_1_71' title='bbox 970 1578 1092 1689; x_wconf 79' lang='lat' dir='ltr'>severe</span> <span class='ocrx_word' id='word_1_72' title='bbox 1118 1578 1287 1676; x_wconf 90' lang='lat' dir='ltr'>prohibet</span> <span class='ocrx_word' id='word_1_73' title='bbox 1300 1576 1535 1683; x_wconf 76' lang='lat' dir='ltr'>sabbaticnm,</span> <span class='ocrx_word' id='word_1_74' title='bbox 1557 1572 1621 1645; x_wconf 88' lang='lat' dir='ltr'>sed</span> 
     </span>
     <span class='ocr_line' id='line_1_10' title="bbox 398 1668 1622 1939; baseline -0.004 -95"><span class='ocrx_word' id='word_1_75' title='bbox 398 1670 761 1939; x_wconf 51' lang='lat' dir='ltr'>insistatis?</span> <span class='ocrx_word' id='word_1_76' title='bbox 774 1675 885 1845; x_wconf 59' lang='lat' dir='ltr'>llll.</span> <span class='ocrx_word' id='word_1_77' title='bbox 898 1674 1226 1868; x_wconf 52' lang='lat' dir='ltr'>lllrrllll.</span> <span class='ocrx_word' id='word_1_78' title='bbox 1246 1668 1428 1859; x_wconf 56' lang='lat' dir='ltr'>eills?</span> <span class='ocrx_word' id='word_1_79' title='bbox 1442 1672 1622 1863; x_wconf 58' lang='lat' dir='ltr'>‘¹5qu</span> 
     </span>
    </p>
   </div>
   <div class='ocr_carea' id='block_1_4' title="bbox 380 1858 1706 4360">
    <p class='ocr_par' dir='ltr' id='par_1_4' title="bbox 380 1858 1706 4360">
     <span class='ocr_line' id='line_1_11' title="bbox 413 1858 1623 1955; baseline -0.004 -16"><span class='ocrx_word' id='word_1_80' title='bbox 413 1864 479 1939; x_wconf 83' lang='lat' dir='ltr'>esti</span> <span class='ocrx_word' id='word_1_81' title='bbox 505 1864 802 1955; x_wconf 77' lang='lat' dir='ltr'>Christianorum,</span> <span class='ocrx_word' id='word_1_82' title='bbox 842 1867 974 1939; x_wconf 84' lang='lat' dir='ltr'>clarum</span> <span class='ocrx_word' id='word_1_83' title='bbox 999 1863 1110 1939; x_wconf 83' lang='lat' dir='ltr'>exstat</span> <span class='ocrx_word' id='word_1_84' title='bbox 1134 1865 1204 1941; x_wconf 87' lang='lat' dir='ltr'>hoc</span> <span class='ocrx_word' id='word_1_85' title='bbox 1235 1864 1303 1941; x_wconf 89' lang='lat' dir='ltr'>sec.</span> <span class='ocrx_word' id='word_1_86' title='bbox 1333 1862 1522 1941; x_wconf 86' lang='lat' dir='ltr'>indicium:</span> <span class='ocrx_word' id='word_1_87' title='bbox 1563 1858 1623 1935; x_wconf 85' lang='lat' dir='ltr'>sed</span> 
     </span>
     <span class='ocr_line' id='line_1_12' title="bbox 397 1956 1620 2059; baseline -0.002 -26"><span class='ocrx_word' id='word_1_88' title='bbox 397 1982 471 2035; x_wconf 86' lang='lat' dir='ltr'>non</span> <span class='ocrx_word' id='word_1_89' title='bbox 494 1959 638 2037; x_wconf 87' lang='lat' dir='ltr'>videtur</span> <span class='ocrx_word' id='word_1_90' title='bbox 659 1958 898 2055; x_wconf 81' lang='lat' dir='ltr'>inprobabile,</span> <span class='ocrx_word' id='word_1_91' title='bbox 925 1959 1138 2037; x_wconf 80' lang='lat' dir='ltr'>Christianos</span> <span class='ocrx_word' id='word_1_92' title='bbox 1168 1984 1213 2035; x_wconf 88' lang='lat' dir='ltr'>ex</span> <span class='ocrx_word' id='word_1_93' title='bbox 1237 1960 1379 2059; x_wconf 80' lang='lat' dir='ltr'>Judreis</span> <span class='ocrx_word' id='word_1_94' title='bbox 1402 1960 1499 2035; x_wconf 86' lang='lat' dir='ltr'>illurn</span> <span class='ocrx_word' id='word_1_95' title='bbox 1522 1956 1620 2032; x_wconf 88' lang='lat' dir='ltr'>diern</span> 
     </span>
     <span class='ocr_line' id='line_1_13' title="bbox 397 2052 1619 2155; baseline -0.002 -26"><span class='ocrx_word' id='word_1_96' title='bbox 397 2052 437 2129; x_wconf 88' lang='lat' dir='ltr'>in</span> <span class='ocrx_word' id='word_1_97' title='bbox 454 2053 605 2130; x_wconf 86' lang='lat' dir='ltr'>Oriente</span> <span class='ocrx_word' id='word_1_98' title='bbox 627 2053 790 2151; x_wconf 83' lang='lat' dir='ltr'>religiose</span> <span class='ocrx_word' id='word_1_99' title='bbox 806 2055 970 2143; x_wconf 76' lang='lat' dir='ltr'>coluisse,</span> <span class='ocrx_word' id='word_1_100' title='bbox 996 2056 1089 2153; x_wconf 90' lang='lat' dir='ltr'>quod</span> <span class='ocrx_word' id='word_1_101' title='bbox 1104 2056 1149 2132; x_wconf 91' lang='lat' dir='ltr'>de</span> <span class='ocrx_word' id='word_1_102' title='bbox 1164 2054 1342 2149; x_wconf 86' lang='lat' dir='ltr'>Ebionitis</span> <span class='ocrx_word' id='word_1_103' title='bbox 1355 2054 1619 2155; x_wconf 86' lang='lat' dir='ltr'>Judaizantibns</span> 
     </span>
     <span class='ocr_line' id='line_1_14' title="bbox 398 2146 1621 2248; baseline -0.001 -24"><span class='ocrx_word' id='word_1_104' title='bbox 398 2148 512 2226; x_wconf 87' lang='lat' dir='ltr'>refert</span> <span class='ocrx_word' id='word_1_105' title='bbox 533 2150 613 2226; x_wconf 85' lang='lat' dir='ltr'>Eos.</span> <span class='ocrx_word' id='word_1_106' title='bbox 653 2152 704 2225; x_wconf 88' lang='grc' dir='ltr'>Η.</span> <span class='ocrx_word' id='word_1_107' title='bbox 738 2152 804 2227; x_wconf 87' lang='lat' dir='ltr'>lll:</span> <span class='ocrx_word' id='word_1_108' title='bbox 839 2173 897 2245; x_wconf 81' lang='lat'>27.</span> <span class='ocrx_word' id='word_1_109' title='bbox 958 2152 1063 2248; x_wconf 89' lang='lat' dir='ltr'>Quod</span> <span class='ocrx_word' id='word_1_110' title='bbox 1094 2151 1215 2248; x_wconf 85' lang='lat' dir='ltr'>postea</span> <span class='ocrx_word' id='word_1_111' title='bbox 1248 2152 1389 2227; x_wconf 89' lang='lat' dir='ltr'>videtur</span> <span class='ocrx_word' id='word_1_112' title='bbox 1420 2152 1546 2228; x_wconf 84' lang='lat' dir='ltr'>senfim</span> <span class='ocrx_word' id='word_1_113' title='bbox 1575 2146 1621 2223; x_wconf 79' lang='lat' dir='ltr'>ad</span> 
     </span>
     <span class='ocr_line' id='line_1_15' title="bbox 396 2242 1614 2345; baseline -0.002 -23"><span class='ocrx_word' id='word_1_114' title='bbox 396 2248 482 2323; x_wconf 84' lang='lat' dir='ltr'>alior</span> <span class='ocrx_word' id='word_1_115' title='bbox 506 2265 757 2345; x_wconf 81' lang='lat' dir='ltr'>propagatum,</span> <span class='ocrx_word' id='word_1_116' title='bbox 790 2246 987 2345; x_wconf 78' lang='lat' dir='ltr'>primumn</span> <span class='ocrx_word' id='word_1_117' title='bbox 1016 2246 1155 2344; x_wconf 86' lang='lat' dir='ltr'>jejunio</span> <span class='ocrx_word' id='word_1_118' title='bbox 1177 2242 1403 2339; x_wconf 85' lang='lat' dir='ltr'>abstinendo,</span> <span class='ocrx_word' id='word_1_119' title='bbox 1446 2248 1531 2324; x_wconf 89' lang='lat' dir='ltr'>dein</span> <span class='ocrx_word' id='word_1_120' title='bbox 1572 2264 1614 2319; x_wconf 91' lang='lat' dir='ltr'>ut</span> 
     </span>
     <span class='ocr_line' id='line_1_16' title="bbox 395 2338 1615 2435; baseline -0.001 -20"><span class='ocrx_word' id='word_1_121' title='bbox 395 2342 488 2417; x_wconf 83' lang='lat' dir='ltr'>diem</span> <span class='ocrx_word' id='word_1_122' title='bbox 512 2340 638 2417; x_wconf 80' lang='lat' dir='ltr'>seslorn</span> <span class='ocrx_word' id='word_1_123' title='bbox 664 2341 893 2429; x_wconf 82' lang='lat' dir='ltr'>celebrando3</span> <span class='ocrx_word' id='word_1_124' title='bbox 921 2340 971 2429; x_wconf 81' lang='lat' dir='ltr'>uti</span> <span class='ocrx_word' id='word_1_125' title='bbox 987 2344 1055 2418; x_wconf 86' lang='lat' dir='ltr'>sec.</span> <span class='ocrx_word' id='word_1_126' title='bbox 1081 2345 1150 2419; x_wconf 89' lang='lat' dir='ltr'>IV.</span> <span class='ocrx_word' id='word_1_127' title='bbox 1178 2342 1354 2435; x_wconf 88' lang='lat' dir='ltr'>obtinuit,</span> <span class='ocrx_word' id='word_1_128' title='bbox 1377 2362 1416 2417; x_wconf 91' lang='lat' dir='ltr'>et</span> <span class='ocrx_word' id='word_1_129' title='bbox 1440 2344 1480 2419; x_wconf 93' lang='lat' dir='ltr'>in</span> <span class='ocrx_word' id='word_1_130' title='bbox 1495 2338 1615 2418; x_wconf 87' lang='lat' dir='ltr'>Const.</span> 
     </span>
     <span class='ocr_line' id='line_1_17' title="bbox 394 2436 1616 2537; baseline 0 -28"><span class='ocrx_word' id='word_1_131' title='bbox 394 2438 467 2511; x_wconf 78' lang='lat' dir='ltr'>A.</span> <span class='ocrx_word' id='word_1_132' title='bbox 501 2438 587 2509; x_wconf 87' lang='lat' dir='ltr'>Vll:</span> <span class='ocrx_word' id='word_1_133' title='bbox 624 2460 681 2527; x_wconf 79' lang='lat'>24.</span> <span class='ocrx_word' id='word_1_134' title='bbox 714 2436 942 2533; x_wconf 88' lang='lat' dir='ltr'>praecipitur.</span> <span class='ocrx_word' id='word_1_135' title='bbox 990 2438 1111 2516; x_wconf 83' lang='lat' dir='ltr'>Postea</span> <span class='ocrx_word' id='word_1_136' title='bbox 1141 2438 1212 2515; x_wconf 87' lang='lat' dir='ltr'>sec.</span> <span class='ocrx_word' id='word_1_137' title='bbox 1245 2441 1313 2515; x_wconf 91' lang='lat' dir='ltr'>IV.</span> <span class='ocrx_word' id='word_1_138' title='bbox 1345 2436 1426 2513; x_wconf 88' lang='lat' dir='ltr'>init.</span> <span class='ocrx_word' id='word_1_139' title='bbox 1447 2440 1616 2537; x_wconf 79' lang='lat' dir='ltr'>jejunium</span> 
     </span>
     <span class='ocr_line' id='line_1_18' title="bbox 394 2462 1614 2640; baseline 0 -35"><span class='ocrx_word' id='word_1_140' title='bbox 394 2462 536 2605; x_wconf 63' lang='lat' dir='ltr'>Safroni</span> <span class='ocrx_word' id='word_1_141' title='bbox 561 2529 942 2640; x_wconf 35' lang='lat' dir='ltr'>introdoxit·l2c·clesra</span> <span class='ocrx_word' id='word_1_142' title='bbox 967 2534 1093 2614; x_wconf 82' lang='lat' dir='ltr'>Latina</span> <span class='ocrx_word' id='word_1_143' title='bbox 1113 2536 1298 2626; x_wconf 82' lang='lat' dir='ltr'>Romano,</span> <span class='ocrx_word' id='word_1_144' title='bbox 1324 2534 1377 2609; x_wconf 90' lang='lat' dir='ltr'>uti</span> <span class='ocrx_word' id='word_1_145' title='bbox 1402 2535 1510 2610; x_wconf 80' lang='lat' dir='ltr'>habet</span> <span class='ocrx_word' id='word_1_146' title='bbox 1536 2554 1614 2606; x_wconf 84' lang='lat' dir='ltr'>can.</span> 
     </span>
     <span class='ocr_line' id='line_1_19' title="bbox 395 2626 1613 2725; baseline 0.003 -24"><span class='ocrx_word' id='word_1_147' title='bbox 395 2634 454 2702; x_wconf 85' lang='lat'>26.</span> <span class='ocrx_word' id='word_1_148' title='bbox 479 2626 624 2701; x_wconf 80' lang='lat' dir='ltr'>concilii</span> <span class='ocrx_word' id='word_1_149' title='bbox 647 2626 854 2703; x_wconf 78' lang='lat' dir='ltr'>Eliberrtanr</span> <span class='ocrx_word' id='word_1_150' title='bbox 879 2626 916 2700; x_wconf 92' lang='lat' dir='ltr'>in</span> <span class='ocrx_word' id='word_1_151' title='bbox 935 2628 1124 2725; x_wconf 83' lang='lat' dir='ltr'>Hispania,</span> <span class='ocrx_word' id='word_1_152' title='bbox 1147 2628 1203 2705; x_wconf 89' lang='lat' dir='ltr'>his</span> <span class='ocrx_word' id='word_1_153' title='bbox 1230 2631 1364 2707; x_wconf 80' lang='lat' dir='ltr'>verbis:</span> <span class='ocrx_word' id='word_1_154' title='bbox 1387 2654 1525 2707; x_wconf 76' lang='lat' dir='ltr'>errorem</span> <span class='ocrx_word' id='word_1_155' title='bbox 1538 2628 1613 2721; x_wconf 76' lang='lat' dir='ltr'>pla·</span> 
     </span>
     <span class='ocr_line' id='line_1_20' title="bbox 393 2721 1613 2826; baseline -0.002 -26"><span class='ocrx_word' id='word_1_156' title='bbox 393 2726 461 2800; x_wconf 79' lang='lat' dir='ltr'>tuit</span> <span class='ocrx_word' id='word_1_157' title='bbox 487 2725 624 2818; x_wconf 81' lang='lat' dir='ltr'>corrigi,</span> <span class='ocrx_word' id='word_1_158' title='bbox 649 2737 686 2796; x_wconf 80' lang='lat' dir='ltr'>nt</span> <span class='ocrx_word' id='word_1_159' title='bbox 701 2726 786 2798; x_wconf 73' lang='lat' dir='ltr'>moni</span> <span class='ocrx_word' id='word_1_160' title='bbox 808 2726 859 2798; x_wconf 84' lang='lat' dir='ltr'>die</span> <span class='ocrx_word' id='word_1_161' title='bbox 874 2724 1016 2798; x_wconf 81' lang='lat' dir='ltr'>Sabboti</span> <span class='ocrx_word' id='word_1_162' title='bbox 1031 2723 1299 2822; x_wconf 81' lang='lat' dir='ltr'>superpostriorres</span> <span class='ocrx_word' id='word_1_163' title='bbox 1323 2726 1531 2826; x_wconf 85' lang='lat' dir='ltr'>(jejunando</span> <span class='ocrx_word' id='word_1_164' title='bbox 1547 2721 1613 2798; x_wconf 90' lang='lat' dir='ltr'>sci·</span> 
     </span>
     <span class='ocr_line' id='line_1_21' title="bbox 390 2816 1614 2920; baseline 0 -26"><span class='ocrx_word' id='word_1_165' title='bbox 390 2816 495 2920; x_wconf 88' lang='lat' dir='ltr'>licet)</span> <span class='ocrx_word' id='word_1_166' title='bbox 520 2821 724 2896; x_wconf 78' lang='lat' dir='ltr'>celebremur.</span> <span class='ocrx_word' id='word_1_167' title='bbox 751 2822 888 2918; x_wconf 86' lang='lat' dir='ltr'>Socrat.</span> <span class='ocrx_word' id='word_1_168' title='bbox 916 2820 966 2894; x_wconf 90' lang='lat' dir='ltr'>H.</span> <span class='ocrx_word' id='word_1_169' title='bbox 992 2822 1041 2896; x_wconf 87' lang='lat' dir='ltr'>V:</span> <span class='ocrx_word' id='word_1_170' title='bbox 1069 2844 1125 2898; x_wconf 84' lang='lat'>22.</span> <span class='ocrx_word' id='word_1_171' title='bbox 1150 2847 1220 2918; x_wconf 91' lang='lat' dir='ltr'>quo</span> <span class='ocrx_word' id='word_1_172' title='bbox 1245 2847 1289 2898; x_wconf 90' lang='lat' dir='ltr'>ue</span> <span class='ocrx_word' id='word_1_173' title='bbox 1305 2824 1436 2916; x_wconf 89' lang='lat' dir='ltr'>refert,</span> <span class='ocrx_word' id='word_1_174' title='bbox 1462 2824 1614 2897; x_wconf 80' lang='lat' dir='ltr'>Alexan·</span> 
     </span>
     <span class='ocr_line' id='line_1_22' title="bbox 391 2913 1616 3018; baseline -0.002 -25"><span class='ocrx_word' id='word_1_175' title='bbox 391 2915 513 2994; x_wconf 85' lang='lat' dir='ltr'>drinor</span> <span class='ocrx_word' id='word_1_176' title='bbox 536 2935 575 2992; x_wconf 92' lang='lat' dir='ltr'>et</span> <span class='ocrx_word' id='word_1_177' title='bbox 598 2919 778 2992; x_wconf 81' lang='lat' dir='ltr'>Romanos</span> <span class='ocrx_word' id='word_1_178' title='bbox 810 2913 1006 3003; x_wconf 71' lang='lat' dir='ltr'>detreslare</span> <span class='ocrx_word' id='word_1_179' title='bbox 1030 2915 1089 2992; x_wconf 87' lang='lat' dir='ltr'>die</span> <span class='ocrx_word' id='word_1_180' title='bbox 1113 2919 1243 2994; x_wconf 84' lang='lat' dir='ltr'>sabbati</span> <span class='ocrx_word' id='word_1_181' title='bbox 1268 2917 1359 2994; x_wconf 85' lang='lat' dir='ltr'>sacra</span> <span class='ocrx_word' id='word_1_182' title='bbox 1381 2917 1545 3018; x_wconf 80' lang='lat' dir='ltr'>mysteria</span> <span class='ocrx_word' id='word_1_183' title='bbox 1560 2937 1616 2992; x_wconf 90' lang='lat' dir='ltr'>ce·</span> 
     </span>
     <span class='ocr_line' id='line_1_23' title="bbox 391 3011 1615 3112; baseline 0 -26"><span class='ocrx_word' id='word_1_184' title='bbox 391 3013 546 3101; x_wconf 71' lang='lat' dir='ltr'>leonte,</span> <span class='ocrx_word' id='word_1_185' title='bbox 572 3013 762 3086; x_wconf 86' lang='lat' dir='ltr'>secundum</span> <span class='ocrx_word' id='word_1_186' title='bbox 781 3013 956 3109; x_wconf 79' lang='lat' dir='ltr'>antiquam</span> <span class='ocrx_word' id='word_1_187' title='bbox 980 3012 1229 3103; x_wconf 66' lang='lat' dir='ltr'>traditionem</span> <span class='ocrx_word' id='word_1_188' title='bbox 1262 3015 1410 3112; x_wconf 84' lang='lat' dir='ltr'>reliquas</span> <span class='ocrx_word' id='word_1_189' title='bbox 1434 3039 1521 3090; x_wconf 91' lang='lat' dir='ltr'>vero</span> <span class='ocrx_word' id='word_1_190' title='bbox 1545 3011 1615 3086; x_wconf 85' lang='lat' dir='ltr'>Ec·&#39;</span> 
     </span>
     <span class='ocr_line' id='line_1_24' title="bbox 389 3105 1611 3209; baseline 0.003 -31"><span class='ocrx_word' id='word_1_191' title='bbox 389 3105 508 3179; x_wconf 77' lang='lat' dir='ltr'>elesino</span> <span class='ocrx_word' id='word_1_192' title='bbox 532 3131 654 3180; x_wconf 80' lang='lat' dir='ltr'>omnes</span> <span class='ocrx_word' id='word_1_193' title='bbox 681 3109 858 3182; x_wconf 81' lang='lat' dir='ltr'>sabbatum</span> <span class='ocrx_word' id='word_1_194' title='bbox 881 3108 1011 3182; x_wconf 80' lang='lat' dir='ltr'>habere</span> <span class='ocrx_word' id='word_1_195' title='bbox 1033 3109 1115 3182; x_wconf 79' lang='lat' dir='ltr'>diem</span> <span class='ocrx_word' id='word_1_196' title='bbox 1136 3105 1276 3206; x_wconf 74' lang='lat' dir='ltr'>sellum.</span> <span class='ocrx_word' id='word_1_197' title='bbox 1328 3115 1452 3185; x_wconf 87' lang='lat' dir='ltr'>Canon</span> <span class='ocrx_word' id='word_1_198' title='bbox 1473 3133 1611 3209; x_wconf 85' lang='lat' dir='ltr'>qnoque</span> 
     </span>
     <span class='ocr_line' id='line_1_25' title="bbox 391 3201 1606 3303; baseline 0.003 -32"><span class='ocrx_word' id='word_1_199' title='bbox 391 3201 763 3286; x_wconf 69' lang='lat' dir='ltr'>Laodicenusnoms,</span> <span class='ocrx_word' id='word_1_200' title='bbox 797 3201 951 3296; x_wconf 86' lang='lat' dir='ltr'>ejusdem</span> <span class='ocrx_word' id='word_1_201' title='bbox 981 3203 1107 3295; x_wconf 86' lang='lat' dir='ltr'>seculi,</span> <span class='ocrx_word' id='word_1_202' title='bbox 1141 3207 1426 3303; x_wconf 73' lang='lat' dir='ltr'>euangeliorum,</span> <span class='ocrx_word' id='word_1_203' title='bbox 1466 3226 1502 3278; x_wconf 91' lang='lat' dir='ltr'>et</span> <span class='ocrx_word' id='word_1_204' title='bbox 1525 3203 1606 3276; x_wconf 85' lang='lat' dir='ltr'>reli·</span> 
     </span>
     <span class='ocr_line' id='line_1_26' title="bbox 416 3293 1609 3392; baseline 0.007 -26"><span class='ocrx_word' id='word_1_205' title='bbox 416 3317 537 3368; x_wconf 82' lang='lat' dir='ltr'>uarum</span> <span class='ocrx_word' id='word_1_206' title='bbox 565 3295 843 3392; x_wconf 86' lang='lat' dir='ltr'>Scripturarurn,</span> <span class='ocrx_word' id='word_1_207' title='bbox 875 3293 1066 3374; x_wconf 69' lang='lat' dir='ltr'>leetionem</span> <span class='ocrx_word' id='word_1_208' title='bbox 1097 3298 1219 3376; x_wconf 84' lang='lat' dir='ltr'>diebus</span> <span class='ocrx_word' id='word_1_209' title='bbox 1250 3301 1393 3378; x_wconf 82' lang='lat' dir='ltr'>Sabbati</span> <span class='ocrx_word' id='word_1_210' title='bbox 1429 3299 1609 3375; x_wconf 84' lang='lat' dir='ltr'>instituen-</span> 
     </span>
     <span class='ocr_line' id='line_1_27' title="bbox 386 3317 1610 3588; baseline 0.003 -28"><span class='ocrx_word' id='word_1_211' title='bbox 386 3317 966 3560; x_wconf 56' lang='lat' dir='ltr'>fllffltlltl‘ltll.</span> <span class='ocrx_word' id='word_1_212' title='bbox 980 3393 1436 3568; x_wconf 59' lang='lat' dir='ltr'>‘zil‘vl{.l{³ll⁰”“ll</span> <span class='ocrx_word' id='word_1_213' title='bbox 1454 3393 1610 3588; x_wconf 66' lang='lat' dir='ltr'>,tei</span> 
     </span>
     <span class='ocr_line' id='line_1_28' title="bbox 388 3517 1706 3676; baseline 0.006 -21"><span class='ocrx_word' id='word_1_214' title='bbox 388 3599 461 3670; x_wconf 88' lang='lat' dir='ltr'>tet,</span> <span class='ocrx_word' id='word_1_215' title='bbox 502 3580 600 3654; x_wconf 84' lang='lat' dir='ltr'>inter</span> <span class='ocrx_word' id='word_1_216' title='bbox 631 3605 693 3656; x_wconf 79' lang='lat' dir='ltr'>eoo</span> <span class='ocrx_word' id='word_1_217' title='bbox 714 3580 789 3655; x_wconf 85' lang='lat' dir='ltr'>dier</span> <span class='ocrx_word' id='word_1_218' title='bbox 811 3582 926 3655; x_wconf 87' lang='lat' dir='ltr'>adhuc</span> <span class='ocrx_word' id='word_1_219' title='bbox 975 3584 1134 3658; x_wconf 85' lang='lat' dir='ltr'>iscrimen</span> <span class='ocrx_word' id='word_1_220' title='bbox 1164 3587 1287 3676; x_wconf 83' lang='lat' dir='ltr'>soille,</span> <span class='ocrx_word' id='word_1_221' title='bbox 1322 3612 1389 3663; x_wconf 82' lang='lat' dir='ltr'>nec</span> <span class='ocrx_word' id='word_1_222' title='bbox 1420 3517 1609 3662; x_wconf 67' lang='lat' dir='ltr'>Sabbatifm</span> <span class='ocrx_word' id='word_1_223' title='bbox 1705 3597 1706 3620; x_wconf 67' lang='lat'>³</span> 
     </span>
     <span class='ocr_line' id='line_1_29' title="bbox 386 3673 1607 3780; baseline 0.009 -35"><span class='ocrx_word' id='word_1_224' title='bbox 386 3699 454 3780; x_wconf 72' lang='lat' dir='ltr'>pro</span> <span class='ocrx_word' id='word_1_225' title='bbox 487 3673 598 3764; x_wconf 81' lang='lat' dir='ltr'>sesto,</span> <span class='ocrx_word' id='word_1_226' title='bbox 642 3677 787 3772; x_wconf 79' lang='lat' dir='ltr'>proprie</span> <span class='ocrx_word' id='word_1_227' title='bbox 814 3676 860 3752; x_wconf 84' lang='lat' dir='ltr'>stc</span> <span class='ocrx_word' id='word_1_228' title='bbox 895 3675 1011 3768; x_wconf 75' lang='lat' dir='ltr'>disto,</span> <span class='ocrx_word' id='word_1_229' title='bbox 1050 3679 1219 3758; x_wconf 80' lang='lat' dir='ltr'>habitum.</span> <span class='ocrx_word' id='word_1_230' title='bbox 1268 3687 1333 3758; x_wconf 90' lang='lat' dir='ltr'>Cui</span> <span class='ocrx_word' id='word_1_231' title='bbox 1368 3707 1441 3758; x_wconf 89' lang='lat' dir='ltr'>non</span> <span class='ocrx_word' id='word_1_232' title='bbox 1472 3682 1607 3774; x_wconf 78' lang='lat' dir='ltr'>obstat,</span> 
     </span>
     <span class='ocr_line' id='line_1_30' title="bbox 385 3768 1606 3876; baseline 0.005 -34"><span class='ocrx_word' id='word_1_233' title='bbox 385 3768 479 3868; x_wconf 89' lang='lat' dir='ltr'>quod</span> <span class='ocrx_word' id='word_1_234' title='bbox 516 3769 692 3846; x_wconf 80' lang='lat' dir='ltr'>Constant.</span> <span class='ocrx_word' id='word_1_235' title='bbox 726 3773 781 3848; x_wconf 86' lang='lat' dir='ltr'>M.</span> <span class='ocrx_word' id='word_1_236' title='bbox 807 3773 897 3867; x_wconf 87' lang='lat' dir='ltr'>apud</span> <span class='ocrx_word' id='word_1_237' title='bbox 921 3773 999 3846; x_wconf 84' lang='lat' dir='ltr'>Eus.</span> <span class='ocrx_word' id='word_1_238' title='bbox 1037 3774 1102 3849; x_wconf 91' lang='lat' dir='ltr'>vit.</span> <span class='ocrx_word' id='word_1_239' title='bbox 1129 3777 1342 3854; x_wconf 77' lang='lat' dir='ltr'>const.1v.·</span> <span class='ocrx_word' id='word_1_240' title='bbox 1371 3788 1426 3858; x_wconf 89' lang='lat'>18.</span> <span class='ocrx_word' id='word_1_241' title='bbox 1464 3801 1606 3876; x_wconf 89' lang='lat' dir='ltr'>praece·</span> 
     </span>
     <span class='ocr_line' id='line_1_31' title="bbox 384 3863 1605 3973; baseline 0.007 -35"><span class='ocrx_word' id='word_1_242' title='bbox 384 3863 472 3962; x_wconf 78' lang='lat' dir='ltr'>pisse</span> <span class='ocrx_word' id='word_1_243' title='bbox 497 3863 670 3973; x_wconf 60' lang='lat' dir='ltr'>traglatur,</span> <span class='ocrx_word' id='word_1_244' title='bbox 693 3870 745 3938; x_wconf 84' lang='lat' dir='ltr'>die</span> <span class='ocrx_word' id='word_1_245' title='bbox 763 3869 915 3940; x_wconf 83' lang='lat' dir='ltr'>dominico</span> <span class='ocrx_word' id='word_1_246' title='bbox 922 3867 1053 3962; x_wconf 83' lang='lat' dir='ltr'>feriori</span> <span class='ocrx_word' id='word_1_247' title='bbox 1059 3925 1070 3957; x_wconf 91' lang='lat'>,</span> <span class='ocrx_word' id='word_1_248' title='bbox 1086 3869 1243 3962; x_wconf 83' lang='lat' dir='ltr'>stmiliter</span> <span class='ocrx_word' id='word_1_249' title='bbox 1260 3880 1360 3950; x_wconf 82' lang='lat' dir='ltr'>etiom</span> <span class='ocrx_word' id='word_1_250' title='bbox 1391 3877 1448 3952; x_wconf 74' lang='lat' dir='ltr'>uir</span> <span class='ocrx_word' id='word_1_251' title='bbox 1472 3877 1605 3950; x_wconf 65' lang='grc' dir='ltr'>τϊιιέ·</span> 
     </span>
     <span class='ocr_line' id='line_1_32' title="bbox 384 3961 1609 4068; baseline 0.007 -31"><span class='ocrx_word' id='word_1_252' title='bbox 384 3961 465 4038; x_wconf 65' lang='lat' dir='ltr'>seire</span> <span class='ocrx_word' id='word_1_253' title='bbox 489 3985 580 4054; x_wconf 71' lang='lat' dir='ltr'>rapa·</span> <span class='ocrx_word' id='word_1_254' title='bbox 594 3961 662 4034; x_wconf 82' lang='lat' dir='ltr'>dies</span> <span class='ocrx_word' id='word_1_255' title='bbox 685 3963 826 4034; x_wconf 71' lang='lat' dir='ltr'>Sublati</span> <span class='ocrx_word' id='word_1_256' title='bbox 846 3963 1016 4049; x_wconf 79' lang='lat' dir='ltr'>honorare,</span> <span class='ocrx_word' id='word_1_257' title='bbox 1041 3987 1122 4040; x_wconf 83' lang='lat' dir='ltr'>curn</span> <span class='ocrx_word' id='word_1_258' title='bbox 1145 3968 1216 4064; x_wconf 89' lang='lat' dir='ltr'>legi</span> <span class='ocrx_word' id='word_1_259' title='bbox 1239 3969 1390 4058; x_wconf 84' lang='lat' dir='ltr'>debeat,</span> <span class='ocrx_word' id='word_1_260' title='bbox 1417 3972 1512 4068; x_wconf 88' lang='lat' dir='ltr'>quod</span> <span class='ocrx_word' id='word_1_261' title='bbox 1533 3972 1609 4068; x_wconf 84' lang='lat' dir='ltr'>jam</span> 
     </span>
     <span class='ocr_line' id='line_1_33' title="bbox 383 4054 1611 4173; baseline 0.003 -37"><span class='ocrx_word' id='word_1_262' title='bbox 383 4057 477 4137; x_wconf 84' lang='lat' dir='ltr'>vidit</span> <span class='ocrx_word' id='word_1_263' title='bbox 503 4054 679 4144; x_wconf 77' lang='lat' dir='ltr'>Valesius,</span> <span class='ocrx_word' id='word_1_264' title='bbox 718 4058 768 4140; x_wconf 73' lang='lat' dir='ltr'>oli</span> <span class='ocrx_word' id='word_1_265' title='bbox 790 4056 848 4153; x_wconf 71' lang='grc' dir='ltr'>ηδ</span> <span class='ocrx_word' id='word_1_266' title='bbox 868 4055 907 4133; x_wconf 74' lang='lat' dir='ltr'>ri</span> <span class='ocrx_word' id='word_1_267' title='bbox 928 4055 1074 4173; x_wconf 57' lang='lat' dir='ltr'>cassin</span> <span class='ocrx_word' id='word_1_268' title='bbox 1107 4085 1179 4138; x_wconf 77' lang='lat' dir='ltr'>eoin</span> <span class='ocrx_word' id='word_1_269' title='bbox 1216 4082 1294 4138; x_wconf 82' lang='lat' dir='ltr'>onte</span> <span class='ocrx_word' id='word_1_270' title='bbox 1319 4067 1528 4156; x_wconf 71' lang='lat' dir='ltr'>Sabbatum,</span> <span class='ocrx_word' id='word_1_271' title='bbox 1568 4085 1611 4140; x_wconf 86' lang='lat' dir='ltr'>ut</span> 
     </span>
     <span class='ocr_line' id='line_1_34' title="bbox 381 4151 1600 4257; baseline 0.006 -31"><span class='ocrx_word' id='word_1_272' title='bbox 381 4155 490 4226; x_wconf 75' lang='lat' dir='ltr'>habet</span> <span class='ocrx_word' id='word_1_273' title='bbox 511 4153 649 4226; x_wconf 78' lang='lat' dir='ltr'>sozom.</span> <span class='ocrx_word' id='word_1_274' title='bbox 680 4151 732 4230; x_wconf 88' lang='lat' dir='ltr'>H.</span> <span class='ocrx_word' id='word_1_275' title='bbox 756 4154 785 4226; x_wconf 87' lang='lat'>1:</span> <span class='ocrx_word' id='word_1_276' title='bbox 811 4175 846 4246; x_wconf 80' lang='lat'>7.</span> <span class='ocrx_word' id='word_1_277' title='bbox 883 4177 921 4235; x_wconf 88' lang='lat' dir='ltr'>et</span> <span class='ocrx_word' id='word_1_278' title='bbox 946 4157 1021 4236; x_wconf 76' lang='lat' dir='ltr'>dies</span> <span class='ocrx_word' id='word_1_279' title='bbox 1053 4157 1191 4236; x_wconf 80' lang='lat' dir='ltr'>Veneris</span> <span class='ocrx_word' id='word_1_280' title='bbox 1215 4159 1391 4257; x_wconf 83' lang='lat' dir='ltr'>intelligi,</span> <span class='ocrx_word' id='word_1_281' title='bbox 1439 4161 1600 4254; x_wconf 86' lang='lat' dir='ltr'>dequo,</span> 
     </span>
     <span class='ocr_line' id='line_1_35' title="bbox 380 4245 1615 4360; baseline 0.014 -41"><span class='ocrx_word' id='word_1_282' title='bbox 380 4261 544 4342; x_wconf 72' lang='lat' dir='ltr'>tanquam</span> <span class='ocrx_word' id='word_1_283' title='bbox 564 4247 681 4341; x_wconf 78' lang='lat' dir='ltr'>sacro,</span> <span class='ocrx_word' id='word_1_284' title='bbox 704 4245 804 4346; x_wconf 82' lang='lat' dir='ltr'>supra</span> <span class='ocrx_word' id='word_1_285' title='bbox 827 4250 898 4348; x_wconf 81' lang='lat' dir='ltr'>egi</span> <span class='ocrx_word' id='word_1_286' title='bbox 1349 4253 1382 4360; x_wconf 58' lang='lat' dir='ltr'>s.</span> <span class='ocrx_word' id='word_1_287' title='bbox 1409 4255 1615 4336; x_wconf 73' lang='lat' dir='ltr'><strong>cmm.</strong></span> 
     </span>
    </p>
   </div>
   <div class='ocr_carea' id='block_1_5' title="bbox 0 0 1810 5500">
    <p class='ocr_par' dir='ltr' id='par_1_5' title="bbox 0 0 1810 5500">
     <span class='ocr_line' id='line_1_36' title="bbox 0 0 1810 5500; baseline 0 9"><span class='ocrx_word' id='word_1_288' title='bbox 0 0 1810 5500; x_wconf 95' lang='lat' dir='ltr'> </span> 
     </span>
    </p>
   </div>
  </div>
 </body>
</html>
