3609 5500
340 673 412 779 484
750 684 1053 792 ΙῦβοήὰἙίιῙψ
1078 684 1195 789 Christi

345 867 519 942 cebaturo
545 886 617 941 eum
632 868 727 966 quod
756 868 797 943 in
813 874 936 945 eornrb
953 889 990 945 et
1009 893 1200 967 pauperum
1216 862 1499 943 sustentationem
1513 875 1582 945 cei

345 962 500 1057 debant,
533 983 601 1037 tum
626 966 721 1061 quod
747 990 793 1041 ex
816 968 884 1039 IIIis
907 968 1152 1041 eucharistiam
1174 964 1349 1039 debebant
1381 966 1576 1038 confitere.

343 1060 405 1132 De
430 1084 504 1169 quo
524 1060 717 1157 conspectu
740 1084 821 1135 curn
837 1062 936 1169 supra
955 1062 1196 1169 exposuerint,
1220 1060 1279 1133 ubi
1298 1060 1344 1169 de
1363 1059 1498 1133 adibus
1514 1084 1579 1133 eu·

348 1154 531 1231 cbarrstrae
536 1158 803 1265 procreatoribus
820 1181 902 1254 egr,
921 1158 982 1231 hic
998 1157 1169 1231 monurffe
1185 1154 1374 1229 suffecerit
1419 1178 1451 1265 αἱ.
1478 1154 1583 1227 Post·

346 1272 645 1445 ditabat
668 1250 1587 1459 {iiidiibfimiiidiffiisifsiio‘oiimaissffit

348 1462 632 1617 tereto.
654 1446 868 1636 teter.
885 1442 1093 1613 teter
1107 1442 1579 1647 tertrametro

350 1634 436 1711 faeti
462 1638 499 1709 in
514 1656 631 1709 cruce.
679 1635 740 1707 Sic
757 1636 863 1709 Tert.
886 1633 931 1708 de
946 1639 1059 1709 anima
1075 1659 1107 1709 e.
1136 1656 1193 1725 17.
1228 1632 1392 1726 Christus,
1435 1637 1580 1732 Inquit,

351 1736 462 1809 uinum
478 1729 695 1827 insangumir
709 1730 770 1825 sui
792 1731 975 1805 memoriam
1002 1728 1210 1827 consecrarit.
1253 1728 1338 1826 Just.
1364 1729 1422 1802 M.
1445 1753 1583 1807 contra

354 1828 496 1925 Tryph.
520 1851 556 1923 p.
583 1834 664 1899 260.
690 1824 813 1900 offerri
837 1824 965 1899 diserte
987 1827 1078 1899 dicit
1095 1837 1135 1905 roc
1158 1833 1323 1919 torporem
1349 1834 1386 1898 ee
1409 1825 1519 1905 editoe
1544 1832 1580 1902 ire
1640 1876 1650 1895 .

352 1923 601 1997 reeordatimem
621 1916 790 2015 paffioroir.
841 1918 928 1996 vid.
962 1940 1000 1993 et
1025 1945 1061 2017 p.
1088 1945 1170 2017 345.
1218 1928 1256 2010 β.
1280 1924 1405 1995 Preces
1435 1942 1475 1995 et
1498 1948 1582 2020 gra·

354 2018 482 2097 riarum
507 2013 665 2089 adioner
685 2016 769 2089 Deo
799 2015 838 2089 in
863 2013 1075 2091 eucharistia·
1095 2018 1289 2111 offerrent,
1322 2016 1452 2113 partim
1479 2020 1585 2114 qnod·

355 2136 484 2211 eorpus
508 2106 639 2186 Christi
666 2108 705 2185 in
735 2110 976 2185 remiffionem
1000 2132 1229 2209 peccatorum
1253 2112 1413 2198 dederit,
1445 2116 1584 2209 partim

355 2230 397 2287 ut
422 2211 497 2305 ejue
553 2207 676 2281 tatiano
700 2205 939 2305 impetrarent,
975 2230 1077 2303 quarn
1100 2208 1274 2283 rationem
1297 2207 1383 2303 Just.
1411 2211 1467 2283 M.
1493 2214 1517 2287 1.
1544 2234 1582 2303 c.

358 2308 452 2379 clare
471 2230 588 2378 tradit.
622 2304 725 2376 Tert.
749 2304 795 2377 de
819 2304 919 2412 Orat.
945 2324 978 2379 c.
1005 2325 1061 2393 14.
1076 2301 1319 2399 sacrr'ficr'ooum
1333 2306 1494 2378 orationes
1517 2306 1581 2381 n'd·

356 2401 473 2497 pellat.
521 2396 678 2470 Inatiuo
709 2398 747 2472 in
768 2396 916 2472 historeo
951 2400 1113 2495 martyriI
1147 2399 1223 2473 e'ur
1244 2420 1362 2474 coram
1385 2400 1578 2495 Inperato·

357 2520 398 2571 re
420 2491 526 2567 conse
557 2515 595 2565 ur
617 2488 689 2581 est,
705 2489 748 2589 se
770 2490 830 2586 effe
845 2489 1048 2585 sacerdotem
1074 2423 1210 2590 Chresti,
1244 2512 1278 2567 et
1301 2496 1332 2565 er'
1355 2498 1495 2589 quotidie
1511 2496 1589 2596 sag

358 2589 508 2685 trificare
523 2586 727 2684 sacrificium
749 2589 868 2662 [aradis.
920 2586 1133 2685 Quaedam
1157 2590 1333 2687 pertinet,
1365 2591 1458 2685 qnod
1483 2596 1585 2672 tren.
1707 2654 1708 2679 .

293 2775 299 2784 ,
358 2688 430 2764 IV:
459 2693 514 2766 18.
538 2684 645 2757 altare
671 2686 706 2756 r'eo
730 2684 826 2758 coelis
851 2678 913 2779 effe
942 2681 1058 2772 ditat,
1098 2689 1143 2760 ad
1165 2689 1246 2780 quad
1265 2706 1397 2783 precer,
1432 2708 1465 2763 et
1490 2687 1581 2764 obte-
1707 2682 1708 2714 *

359 2789 461 2860 tiones
483 2782 677 2878 diriguntur.
727 2779 867 2878 Infigne
885 2801 1031 2875 quoque
1063 2779 1115 2856 est
1139 2782 1392 2878 Athenagorae
1417 2783 1583 2858 testimo·
1706 2865 1707 2868 Ἴ

361 2881 482 2970 niuno,
514 2877 551 2952 in
576 2879 680 2986 legat.
704 2875 736 2976 5
765 2899 821 2950 12.
847 2897 916 2972 qun
940 2874 1069 2948 nullum
1100 2875 1193 2950 aliud
1226 2877 1435 2952 sacrificinm
1459 2879 1582 2954 Chris·
1611 2979 1618 2986 .

361 2975 470 3052 tianis
494 2973 563 3048 effe
587 2973 699 3061 dreit,
745 2995 847 3068 quarn
871 2977 1056 3068 dompetra
1076 2974 1308 3065 incruentum:
1338 2973 1436 3071 quod
1468 2976 1585 3054 tradit

209 3146 213 3152 .
360 3071 431 3144 effe
455 3072 576 3142 cultum
598 3069 800 3140 rationalem.

408 3163 439 3262 5.
464 3163 627 3236 CXXIII.
670 3185 705 3254 3.
739 3160 807 3234 Sed
841 3161 924 3257 quid
956 3160 1117 3238 utilitatis
1157 3165 1368 3240 sacramenta
1415 3165 1580 3242 adferunt
1705 3159 1706 3175 '

362 3255 544 3346 fidelibus,
578 3255 622 3329 iis
646 3255 767 3328 debite
793 3257 999 3331 utentibus?
1031 3279 1070 3332 et
1093 3258 1171 3356 quis
1191 3285 1296 3336 verus
1318 3261 1370 3334 est
1393 3260 1462 3336 bac
1477 3283 1581 3358 parte

363 3375 507 3441 eorum,
524 3369 570 3424 ex
587 3367 707 3423 mente
718 3351 913 3440 Veterum,
931 3353 1164 3448 conspeetust
1186 3357 1396 3430 Habuerunt
1411 3380 1487 3431 non
1501 3376 1578 3431 tan·

365 3471 464 3540 enm,
483 3463 522 3522 nt
538 3462 701 3543 putatur,
719 3467 785 3540 pro
796 3443 895 3541 figno
909 3446 983 3520 acsr
1010 3449 1093 3539 illo,
1111 3450 1245 3546 sedpro
1262 3451 1411 3542 mediis,
1428 3475 1475 3526 ex
1491 3476 1582 3550 ope-

132 3573 136 3580 ·
216 3601 223 3622 .
365 3541 632 3642 reoperando,
666 3540 814 3638 gratiam
846 3473 1057 3618 invinbiiem
1083 3545 1368 3622 conferentibus:
1397 3569 1445 3620 ex
1469 3571 1584 3644 opere

365 3669 389 3718 o
416 3639 561 3726 errotis,
586 3634 685 3729 dixi,
707 3655 746 3710 et
761 3657 832 3710 non
849 3659 981 3732 opere,
999 3657 1040 3714 ut
1055 3638 1206 3728 dicitur,
1223 3661 1392 3738 operato,
1414 3641 1582 3740 qu‘nnon

364 3737 430 3816 rufi
455 3759 533 3810 cum
557 3732 735 3820 fidelibus,
760 3730 819 3827 qui
849 3732 968 3808 animo
990 3757 1082 3830 puro
1108 3736 1301 3826 accedunt,
1326 3761 1403 3813 eam
1429 3738 1579 3834 gratiam

364 3827 616 3911 communicari
647 3827 861 3909 statuerunt:
893 3827 944 3902 ita
966 3827 1097 3918 etiam,
1127 3849 1166 3902 ut
1189 3829 1249 3940 qui
1271 3831 1344 3906 alio
1356 3835 1577 3908 sacramentis

365 3945 512 4006 utuntur
534 3922 673 4011 animo,
690 3921 863 4017 judicium
888 3922 951 3998 fibi
977 3925 1082 3998 edant
1106 3944 1144 3998 et
1169 3928 1301 4002 bibant.
1348 3931 1406 4002 De
1437 3953 1509 4026 quo
1526 3929 1580 4004 in·

365 4022 470 4123 figaria
492 4016 602 4096 exstat
626 4016 773 4114 Origen.
799 4017 897 4091 Iactor
918 4019 957 4094 In
981 4041 1108 4097 comm.
1134 4021 1177 4096 ad
1203 4023 1311 4098 Matr.
1336 4049 1371 4120 p.
1403 4047 1490 4115 411.
1523 4025 1576 4096 sn·

358 4143 425 4220 prr
447 4137 585 4217 quoque
601 4113 751 4199 citatus:
779 4113 841 4192 ubi
868 4132 981 4192 moun
1005 4115 1077 4194 hoc
1093 4113 1279 4216 negotium
1292 4119 1438 4220 egregie
1464 4141 1570 4225 erpo·

360 4267 369 4304 2
1430 4233 1436 4240 ·
1465 4232 1577 4290 notor.
