3609 5500
836 509 946 581 Setuci.
974 510 1024 583 ll.
1463 525 1535 602 447

291 711 453 793 quoque
479 685 714 780 adlocutiones,
740 708 911 785 quatenus
933 687 1162 763 familiaribus
1183 686 1317 788 magis,
1341 690 1445 787 quant
1469 695 1532 761 'ar-

298 812 350 865 te
377 799 417 861 et
445 784 559 860 studio
582 784 804 884 compositis,
839 786 1054 861 sermonibus
1084 785 1352 881 respondebant.
1520 853 1522 857 .

355 882 530 982 excit.
563 886 635 958 Sub
657 888 756 973 hott,
788 886 921 972 intona,
948 881 995 954 stc
1022 883 1141 979 pergit
1182 880 1333 969 ustinus,
1354 880 1532 977 'consurgi-

293 1005 387 1058 mus
415 982 622 1052 communitor
647 1004 773 1069 onnes,
813 997 845 1053 tt
865 982 1065 1073 precationes
1086 999 1145 1074 pto
1165 981 1333 1049 tundimus:
1376 978 1532 1076 Quarum

296 1079 510 1161 materiam,
544 1093 583 1146 ut
605 1077 647 1148 ab
671 1098 711 1148 ea
736 1073 966 1171 incipiamus,
1007 1075 1109 1148 Tert.
1134 1074 1189 1145 luis
1217 1075 1336 1147 verbis
1361 1074 1529 1146 exbibett
1561 1096 1563 1099 ·

288 1192 447 1247 eramus
466 1173 570 1242 etiam
589 1191 646 1264 pm
670 1172 934 1265 inperatoribus,
955 1188 1012 1263 pto
1036 1170 1225 1262 ministeriis
1247 1190 1372 1261 eornm,
1394 1187 1452 1261 pro
1472 1190 1534 1265 po·

283 1268 489 1364 &elintibus
503 1265 633 1359 seculi,
661 1286 719 1360 pto
746 1288 854 1341 retunt
878 1271 997 1364 quiete,
1030 1285 1088 1359 pro
1103 1290 1206 1339 ntnra
1222 1267 1317 1362 finit.
1369 1264 1444 1339 Ubi
1468 1287 1532 1338 nn·

292 1368 462 1440 tandum
487 1361 556 1450 est,
581 1388 615 1437 a.
639 1384 681 1435 ea
706 1381 843 1436 tantum
868 1363 1063 1451 recenseri,
1087 1386 1175 1456 quae
1197 1366 1240 1435 ad
1263 1362 1441 1459 publicum
1466 1360 1532 1436 stat

303 1480 395 1534 tum
422 1455 596 1553 speiiant,
617 1459 702 1551 quia
716 1459 928 1555 Apologiam
951 1460 993 1530 ad
1011 1460 1245 1552 imperatores
1271 1458 1471 1547 scribebat,
1492 1476 1532 1533 ut

342 1557 492 1628 ‘etatem
521 1553 802 1628 Christianorum
834 1577 870 1627 rn
903 1557 1008 1628 Rom
1049 1554 1230 1649 inperium
1265 1552 1533 1630 demonstraret.

300 1580 405 1727 ilio
433 1667 471 1721 et
491 1670 570 1743 cap.
598 1673 655 1744 go
706 1653 739 1725 b.
762 1653 834 1723 Eos
857 1673 924 1745 pro
946 1674 1034 1723 mora
1052 1651 1136 1745 finis
1157 1649 1288 1740 oralle,
1313 1654 1413 1746 quia,
1437 1649 1534 1725 dien

298 1748 483 1823 adtitnum
505 1744 598 1816 baud
628 1744 735 1841 longe
759 1744 892 1834 abeile,
925 1745 1121 1819 communis
1154 1764 1229 1820 erat
1252 1745 1397 1842 opinio:
1430 1769 1536 1843 quem

261 1852 265 1856 ’
308 1865 403 1918 cum
428 1838 538 1913 multa
568 1840 656 1913 maia
689 1841 971 1938 praecederent,
1012 1843 1086 1938 ejus
1120 1842 1327 1916 dilationem
1357 1844 1535 1938 inplorare

313 1938 491 2014 solebat„
541 1935 601 2008 Sic
626 1958 682 2009 en.
695 1960 757 2033 gr.
781 1936 1017 2031 Antichristnm
1041 1933 1182 2031 instate,
1215 1938 1332 2032 inquit
1361 1939 1463 2012 Tert.
1489 1939 1536 2011 dt

315 2033 410 2129 fuga
435 2029 473 2105 in
498 2030 589 2106 Pers.
623 2053 656 2104 c.
685 2054 742 2107 12.
790 2035 883 2104 Cum
906 2033 1024 2105 Gothi
1055 2034 1124 2107 sec.
1149 2033 1225 2104 111.·
1252 2035 1451 2106 Romanum
1480 2035 1535 2109 im

300 2130 493 2208 vaderent
516 2127 533 2198 l
584 2126 715 2216 etium,
740 2129 822 2201 diem
837 2128 971 2202 Domini
992 2125 1137 2223 instare,
1160 2127 1262 2200 multi
1287 2128 1535 2220 crediderunt,

301 2223 414 2302 teste
438 2151 584 2319 Augai
607 2223 673 2317 Ep.
697 2232 746 2303 80
779 2222 821 2296 ad
847 2223 1078 2321 Hesychium.
1128 2221 1191 2296 Est
1219 2245 1359 2321 quoque
1384 2246 1430 2304 ex
1457 2252 1534 2300 cnt-

291 2321 465 2401 coitibus
484 2319 600 2415 Sibyll.
622 2339 680 2390 res
706 2315 939 2410 testatisiima,
965 2343 1021 2394 ex.
1046 2344 1098 2416 gr.
1122 2320 1144 2394 i
1170 2322 1205 2392 li
1229 2340 1266 2393 et
1290 2321 1394 2396 Vlll.
1446 2321 1535 2406 Vid.

287 2438 465 2520 quoque
486 2414 662 2488 Dodwell.
688 2412 774 2487 Diff.
801 2417 965 2512 Cyprian.
991 2417 1074 2490 ΧΠ.
1123 2417 1192 2489 Sed
1208 2417 1420 2511 inceperunt
1446 2442 1535 2514 quo·

291 2527 412 2615 que,
438 2510 524 2584 saec.
539 2510 581 2584 ad
598 2510 705 2582 finem
721 2531 915 2605 vergente,
938 2532 994 2606 pro
1013 2510 1170 2607 defundis
1189 2534 1308 2596 orare;
1333 2513 1431 2606 cujus
1447 2512 1537 2586 ritus

333 2610 454 2684 timui
484 2605 647 2679 meminit
671 2606 814 2678 Tertull.
850 2607 894 2679 de
920 2603 1350 2701 Monogam.c.10.ubi‚
1384 2609 1536 2698 viduam,

279 2704 430 2794 edicit,
471 2724 526 2798 pto
551 2706 662 2777 anima
685 2706 798 2774 mariti
821 2701 961 2798 defundi
981 2724 1096 2789 -otnre,
1137 2717 1170 2773 tt
1192 2700 1398 2794 infrigentem
1421 2705 1451 2773 n·
1473 2703 1533 2774 nd·

287 2798 506 2903 :postulatu
532 2803 622 2871 etin
646 2801 754 2892 prima
774 2799 996 2896 resurreiiionn
1024 2794 1234 2892 consortium,
1275 2810 1307 2866 et
1333 2793 1449 2892 offerre
1474 2822 1535 2871 nn·

305 2901 400 2977 uruit
423 2898 536 2970 diebus
558 2898 752 2968 domuitionis
769 2900 867 2990 ejus:
892 2895 989 2986 cuius
1011 2893 1120 2966 moris
1143 2890 1263 2989 postea
1287 2890 1385 2986 plura
1411 2893 1533 2989 profe·

293 3018 395 3072 tam
427 2990 642 3065 testimonia.
688 2990 877 3065 Observari
911 3010 1084 3080 meretur,
1125 3013 1197 3062 non
1228 3007 1339 3082 preces
1373 3007 1533 3083 tantum,

293 3090 381 3168 sed
403 3104 444 3161 et
466 3090 664 3176 oblationes,
688 3109 755 3181 pro
782 3087 958 3162 defundiis
985 3112 1005 3161 a
1031 3087 1180 3160 Tertull.
1205 3086 1412 3176 memorari,
1446 3086 1536 3163 ficut
1674 3080 1677 3091 '

296 3207 364 3263 vet
385 3183 433 3259 de
456 3182 592 3257 exhort.
624 3180 737 3255 castit.
771 3206 802 3257 c
831 3206 888 3258 11.
915 3203 973 3278 pto
1005 3185 1101 3278 cnjus
1125 3184 1249 3277 Spiritu
1274 3181 1440 3278 postulas,
1476 3202 1536 3276 pro

312 3304 389 3378 ,φο
408 3280 584 3352 ablationes
607 3301 736 3351 otmunt
763 3282 867 3352 reddis
892 3300 962 3354 etc.
1013 3303 1058 3351 uo
1090 3277 1235 3350 nomine
1258 3279 1448 3352 veniebant
1463 3302 1534 3349 rnu-

320 3398 410 3451 trttu
429 3393 461 3448 tt
486 3379 640 3464 donorio,
666 3397 754 3470 quae
779 3374 922 3448 nomine
948 3375 994 3447 de
1033 3372 1192 3447 ustorum
1220 3371 1357 3446 suorum
1388 3372 1534 3467 Episco-

324 3495 379 3571 po
399 3469 441 3559 in
464 3471 617 3545 Ecclesia
643 3471 861 3558 offerebant,
886 3489 924 3541 et
948 3470 1094 3556 dabant,
1118 3470 1160 3541 ad
1186 3466 1427 3542 eucharistiam
1451 3468 1537 3542 inde

312 3566 611 3655 conficiendam,
654 3590 741 3665 quae
774 3588 957 3638 munorum
992 3564 1142 3638 adeam
1173 3563 1395 3638 consecratio
1429 3564 1539 3639 etium

312 3666 448 3739 -ublntio
462 3663 674 3751 dicebatur,
711 3660 767 3733 uti
791 3659 910 3757 postea
934 3660 1091 3756 patebit3
1132 3660 1284 3756 denique
1308 3684 1389 3733 cum
1413 3658 1450 3731 in
1473 3684 1536 3732 eu·

322 3756 512 3837 charistiae
536 3760 617 3847 usu,
657 3756 733 3831 nixi
759 3757 932 3831 sacrificio
959 3755 1110 3847 Christi,
1149 3758 1249 3852 cujus
1274 3756 1310 3829 in
1332 3780 1378 3829 ea
1403 3754 1538 3849 signum

326 3878 365 3931 et
389 3855 518 3951 pignus
542 3872 636 3941 erat,
678 3874 741 3948 pre
765 3878 801 3926 es
822 3877 888 3951 pro
913 3851 1088 3927 defuniiis
1110 3852 1328 3939 fundebant,
1360 3852 1537 3922 oblationis

326 3976 465 4052 quoque
496 3948 722 4049 conspectum
744 3875 978 4121 itabebaffik
995 3952 1192 4043 Ceterum,
1235 3947 1454 4024 declarabant
1485 3944 1546 4023 hid

999 4067 1024 4140 4
1388 4037 1539 4118 oblatio
1639 4126 1650 4153 ,Ι
