3609 5500
279 971 334 1076 §6
678 971 826 1074 &floria
847 972 976 1086 Ecclefi
1003 967 1121 1077 Clerifli

285 1155 392 1232 etiam
417 1154 543 1230 duabus
566 1154 726 1248 vicibus,
768 1179 877 1254 aeqne
902 1181 942 1232 ac
971 1154 1250 1247 Hierosolymis,
1290 1152 1501 1254 praestitit}
1530 1190 1536 1198 ·

284 1278 349 1327 una
367 1253 547 1325 occasrone
564 1252 767 1349 piscationis
786 1254 1058 1350 Apostolorum,
1083 1257 1191 1327 altera
1206 1255 1243 1327 in
1260 1274 1405 1342 monte3
1435 1277 1496 1326 cu·

281 1352 466 1447 jusprioris
491 1350 654 1422 meminit
677 1349 779 1446 Joh.,
805 1369 842 1422 et
859 1349 1063 1445 posterioris
1087 1352 1196 1425 Matt.
1221 1370 1258 1423 et
1275 1350 1391 1424 Marc.
1440 1350 1499 1422 De

283 1446 410 1520 ordine
443 1445 614 1541 temporis
645 1445 766 1520 harum
799 1445 945 1519 duarum
977 1446 1232 1520 revelationum
1264 1444 1350 1518 licet
1382 1444 1500 1539 dispu-

283 1541 351 1616 tari
377 1542 499 1639 poffit,
526 1543 617 1615 illam
633 1540 676 1614 ad
702 1565 797 1616 mare
817 1541 1019 1615 Tiberiadis
1068 1541 1239 1615 utaverim
1257 1539 1496 1637 praecellilse,

283 1660 357 1713 non
377 1657 535 1727 tantum,
562 1637 655 1734 quod
672 1635 753 1734 post
769 1638 1003 1712 solenniorem
1029 1566 1120 1711 iiiam
1137 1636 1176 1710 in
1201 1656 1325 1711 monte
1343 1634 1498 1733 Aposto-

283 1735 309 1807 li
343 1757 415 1807 non
448 1732 639 1807 videantur
672 1735 710 1805 in
742 1733 894 1809 Galilaea
926 1732 962 1805 se
995 1731 1202 1823 detInuilse,
1240 1733 1351 1805 multo
1381 1733 1497 1804 minut

281 1829 432 1929 piscatui
455 1828 491 1903 se
517 1828 713 1918 tradidisse,
754 1827 798 1901 de
825 1852 896 1924 quo
922 1851 1028 1919 mox,
1068 1827 1127 1908 sed
1156 1828 1368 1924 praecipue,
1401 1825 1495 1923 quod

283 1932 383 1999 tertia
406 1923 535 1999 diserte
560 1925 754 2022 adpelletur
780 1924 862 2020 Joh.
887 1926 984 1998 XXI:
1016 1946 1072 2014 14.
1106 1924 1260 2013 scilicet,
1299 1923 1506 2013 solennior,

281 2042 321 2095 et
340 2019 616 2118 Apostolorum,
642 2020 680 2094 in
700 2042 807 2094 unum
824 2039 1139 2118 congregatorum,
1164 2019 1307 2106 coetui,
1333 2017 1498 2113 reliquis,

280 2117 368 2192 huic
392 2136 451 2190 aut
484 2116 534 2190 illi
560 2116 681 2204 fadis,
723 2136 794 2188 non
830 2116 1031 2190 numeratls.
1080 2115 1208 2215 Quales
1238 2134 1321 2188 ante
1353 2111 1498 2187 hancfi

281 2218 366 2288 duae
393 2230 529 2286 tantum
554 2212 707 2299 suerInt,
733 2229 878 2308 oportet
899 2211 1017 2287 illaad
1041 2234 1135 2284 mare
1152 2209 1392 2305 intelligatur,¹
1415 2231 1499 2282 cum

280 2306 511 2403 ceteroquin,
553 2308 642 2383 sriu
665 2325 787 2379 monte
808 2308 881 2403 jam
916 2306 1140 2405 contigisset,
1182 2328 1254 2379 non
1282 2308 1401 2393 tertia,
1434 2302 1512 2378 sed.

280 2423 402 2503 quarta
426 2402 566 2492 fuisset5
581 2423 632 2476 -ut
657 2401 761 2475 facile
785 2401 1012 2499 intelligitur:
1039 2403 1182 2475 duarum
1205 2401 1299 2474 eninr
1323 2397 1497 2474 Hieroso·

279 2506 294 2579 I
320 2501 384 2573 mis
407 2499 622 2589 solennium,
648 2517 686 2571 et
704 2494 954 2593 Apostolorum
977 2497 1128 2594 collegio
1154 2496 1342 2584 saetarum,
1366 2494 1496 2574 diserta

312 2615 326 2668 t
350 2593 498 2669 mentio.
546 2599 731 2681 Ceterum,
782 2592 850 2667 uod
874 2616 946 2667 non
968 2596 1027 2667 abs
1054 2591 1220 2667 tefuerit
1244 2591 1399 2683 notasse,
1423 2613 1496 2666 mt-

279 2689 545 2780 nisestationes,
579 2687 729 2787 quaein
755 2616 887 2784 iudaea
917 2709 954 2764 et
981 2687 1238 2786 Hierosolymis
1266 2686 1498 2781 aeciderunt,

278 2784 550 2862 considerandae
576 2789 673 2874 sunt,
699 2804 862 2881 tanquam
886 2785 1166 2882 praeparatoriae
1189 2786 1231 2859 ad
1254 2784 1326 2858 illas
1353 2783 1391 2858 in
1417 2782 1490 2857 Ga·

277 2885 400 2969 lilaea,
440 2902 485 2951 eo
517 2880 740 2976 speslantes,
782 2899 821 2954 ut
855 2899 938 2953 ante
973 2880 1018 2953 de
1047 2880 1200 2954 veritate
1231 2876 1499 2955 resurreetionir

278 2977 580 3053 convincerentur
605 2974 779 3070 Discipuli
798 2972 946 3064 Christi,
971 2999 1073 3071 quam
1098 2975 1251 3051 Christus
1275 2975 1347 3050 sese
1371 2973 1407 3048 in
1425 2973 1496 3048 Ga·

279 3075 381 3151 lilaea
405 3071 637 3146 revelaverit:
662 3070 750 3144 sicut
773 3089 810 3143 et
839 3069 914 3166 ipse
938 3089 1020 3147 ante
1040 3090 1189 3143 mortem
1217 3072 1324 3144 Matt.
1351 3069 1491 3153 XXVI:

312 3194 343 3245 a.
376 3189 415 3242 et
440 3167 613 3262 Angelus,
652 3192 694 3241 ae
728 3166 802 3262 ipse
834 3190 920 3240 mox
950 3165 1030 3264 post
1060 3164 1372 3255 resurrectionem,
1403 3163 1494 3243 ibid.

320 3266 457 3342 XVIII.
482 3262 706 3359 promiserat,
731 3283 957 3425 argumento,
975 3263 1025 3336 ibi
1043 3261 1206 3350 demum,
1230 3260 1357 3335 nonin
1376 3262 1495 3335 occul·

279 3381 345 3448 tn,
370 3377 410 3431 ut
427 3358 702 3452 Hierosolymis,
727 3358 760 3427 se
802 3358 934 3449 palam,
959 3375 996 3427 et
1011 3358 1174 3449 publice,
1200 3354 1236 3427 id
1253 3355 1418 3436 ¹futurum
1442 3356 1497 3430 es-

280 3454 340 3542 se,
366 3475 411 3524 eo
439 3449 569 3543 scopo,
595 3469 653 3538 ut,
677 3451 760 3546 jam·
777 3449 935 3522 convisti
962 3449 1005 3522 de
1033 3449 1172 3524 Christo
1197 3450 1423 3542 resuscitato,
1453 3450 1496 3527 in

279 3545 492 3644 Apostolatu
513 3545 822 3633 confirmarentur,
847 3564 884 3618 et
910 3546 1048 3620 uberius
1072 3548 1145 3645 ejus
1172 3566 1315 3623 naturae
1340 3567 1378 3621 et
1394 3547 1510 3646 scopi

172 3720 175 3725 ,
279 3641 414 3723 notitia
432 3639 678 3714 inbueremur:
705 3663 791 3736 quae
807 3640 899 3715 ratio
914 3640 984 3732 est,
1008 3666 1107 3735 cum,
1125 3668 1249 3741 quare,
1274 3645 1363 3717 nulla
1379 3644 1497 3718 incre·

281 3735 456 3826 dulitatis,
495 3755 555 3809 aut
579 3736 667 3833 ligni
698 3734 858 3809 veritatis
879 3734 1141 3812 resurreslionis
1172 3739 1263 3814 fassa
1287 3738 1498 3831 mentione,

282 3832 441 3914 Christus
471 3830 514 3904 de
540 3833 642 3904 rebus
678 3832 780 3929 regni
805 3831 854 3905 sui
886 3850 1020 3907 tantum
1055 3857 1134 3907 cum
1157 3835 1200 3908 iis
1222 3855 1322 3933 agat,
1364 3835 1418 3909 uti
1446 3859 1495 3911 ex

199 3992 203 3999 .
280 3927 483 4027 Euangeliis
498 3926 654 4017 constat,
678 3946 716 4000 et
732 3926 812 4003 Ad.
830 3930 858 4002 1:
886 3951 918 4023 3.
945 3929 1103 4027 expresse
1120 3930 1270 4017 dicitur;
1297 3950 1392 4021 tum,
1422 3931 1496 4007 Ga·

281 4029 382 4106 lilaea
414 4026 455 4098 ad
489 4022 525 4096 id
550 4023 658 4096 suerit
691 4023 821 4114 elesla,
863 4025 943 4122 quia
975 4027 1026 4101 ibi
1049 4026 1202 4101 maxime
1237 4028 1393 4102 versatus
1418 4046 1505 4103 erat·

279 4119 457 4209 Christus,
482 4136 519 4191 et
543 4121 640 4193 locus
664 4119 775 4194 tutior
799 4139 884 4196 erat.
1434 4178 1461 4205 ,.

299 4221 362 4323 .§.
389 4218 499 4291 XCII.
530 4217 625 4289 Prior
652 4212 769 4312 itaque
793 4215 829 4289 in
858 4216 1010 4293 Galilaea
1033 4217 1288 4310 manifestum,
1313 4224 1422 4297 relate
1449 4218 1497 4295 ad

194 4318 197 4325 ’
308 4315 543 4408 ualescumque
568 4309 785 4408 superiores,
817 4314 860 4386 ab
885 4313 1115 4410 Euangelistis
1138 4316 1338 4405 adnotatas,
1361 4317 1491 4410 sexta,

280 4343 342 4507 ded
364 4412 406 4493 ad
429 4407 659 4502 solenniotes,
683 4405 992 4504 inApostolorurn
1016 4431 1143 4511 coetu,
1167 4414 1290 4509 tertia,
1315 4412 1494 4581 contpgit,

856 4554 868 4591 .·
1294 4528 1493 4586 occasune
