3609 5500
277 939 345 1029 456
390 993 391 997 ,
685 932 832 1033 lastaria
854 933 984 1034 Eccles.
1009 929 1125 1036 Christ.¹

285 1113 391 1205 cuit,
422 1106 493 1187 sese
525 1109 629 1187 lucem
660 1114 767 1186 mundi
797 1115 1007 1215 adpellavit,
1040 1116 1155 1190 lucem
1188 1109 1305 1188 salutis
1332 1108 1513 1188 credenti·
1563 1165 1567 1173 -

292 1213 356 1285 bus
380 1207 616 1282 adferentem:
642 1209 733 1283 unde
759 1208 821 1284 lite
848 1238 928 1285 cum
955 1211 1148 1286 Pharisaeis
1169 1230 1272 1298 nata,
1297 1231 1420 1280 eorum
1446 1212 1511 1298 ob,-

287 1304 471 1403 fjeiliones
492 1303 636 1386 fortiter
658 1305 810 1398 refellat,
842 1306 1047 1405 hypocrism
1075 1327 1112 1381 et
1138 1306 1306 1380 malitiam
1332 1305 1369 1376 in
1393 1307 1511 1378 lucem

286 1400 451 1490 -rofert,
480 1400 632 1498 ¹seseque
664 1425 790 1498 uerum
816 1402 885 1477 elle
917 1430 937 1477 a
963 1406 1045 1478 Deo
1076 1398 1214 1477 mill'um
1245 1397 1443 1476 Dotamen
1471 1421 1510 1477 et

284 1426 402 1574 ilium
427 1495 499 1569 Dei
519 1499 715 1581 luculenter
739 1499 974 1593 demonstrat,
1011 1498 1092 1595 Joh.
1118 1500 1223 1575 Vlll.
1276 1495 1386 1588 Omisr
1412 1498 1508 1593 peri·

284 1614 420 1688 ‚copam
444 1591 489 1665 de
515 1592 662 1666 muliere
690 1594 862 1686 adultera,
888 1621 924 1670 v.
950 1613 1086 1690 3-11,
1111 1594 1193 1691 quia
1216 1617 1292 1667 eam
1319 1616 1400 1666 cum
1416 1595 1509 1670 Beza

281 1707 329 1777 ct
355 1681 431 1778 aliis
454 1710 521 1783 pro
547 1686 662 1785 spuria
684 1688 811 1767 habeo.
860 1694 918 1764 De
942 1716 1013 1787 quo
1038 1692 1098 1766 hic
1123 1714 1195 1763 non
1227 1687 1278 1762 est
1301 1687 1429 1785 agendi
1454 1692 1509 1764 lo·

286 1805 361 1856 cus.
385 1857 390 1868 ,
412 1784 566 1879 Templo
594 1783 768 1881 egressus,
811 1806 849 1860 et
882 1787 1063 1878 hostium,
1105 1785 1164 1883 qui
1196 1784 1309 1881 ipsum
1342 1783 1511 1872 occidere

282 1878 476 1982 polebant,
500 1878 659 1953 manibus
685 1881 889 1978 subduilus,
922 1885 1018 1964 novo
1046 1881 1214 1958 miractdo
1245 1882 1332 1955 coeci
1358 1885 1430 1952 nara·
1457 1879 1507 1970 sass-

282 1977 391 2067 3nati,
418 1999 504 2143 per,
519 1978 630 2050 lutum
656 1998 676 2048 e
696 1977 798 2074 sputo
822 1978 884 2052 suo
911 1981 1022 2072 oculis
1044 1978 1191 2067 illitum,
1233 1994 1270 2050 ct
1291 1975 1509 2052 ablutionem

284 2074 385 2168 aquis
435 2071 529 2156 ontis
553 2073 704 2163 Siloam,
737 2067 890 2147 Sabbato
907 2075 1033 2168 'satim
1072 2073 1272 2148 Pharisaeos
1303 2072 1346 2143 ad
1377 2070 1508 2152 incitas

282 2168 465 2257 redailos,
489 2169 527 2240 e't
551 2167 693 2263 pudore·
711 2169 895 2261 confusos,
928 2174 1040 2270 magis
1067 2169 1181 2244 adhuc
1202 2165 1381 2257 irritavit,
1414 2167 1508 2258 adeo

258 2269 328 2337 “ut
354 2287 503 2339 coecum
531 2263 627 2337 illum
651 2285 673 2335 e
707 2263 788 2361 syna
814 2288 880 2360 oga
906 2266 1097 2362 ejecerint,
1131 2263 1192 2361 qui
1222 2260 1397 2336 Christum
1418 2287 1507 2341 mox

284 2380 372 2435 vera
395 2359 466 2457 fide
492 2359 658 2457 agnovit,
684 2360 766 2456 Joh.
789 2289 855 2435 ill.
906 2362 1080 2436 Pharisaei
1104 2383 1192 2432 vero
1217 2357 1330 2432 rursus
1357 2358 1506 2454 offensa,

284 2456 382 2555 quod
410 2480 479 2552 pro
513 2460 616 2530 coecis
645 2455 791 2529 ducibus
824 2457 1056 2554 haberentur,
1096 2475 1238 2528 etcum
1264 2451 1404 2527 Christo
1440 2479 1504 2531 ex·

283 2552 516 2651 postulantes,
549 2551 665 2625 denuo
702 2573 799 2627 novo
833 2551 992 2636 sermone
1029 2557 1071 2626 ab
1106 2573 1150 2623 eo
1182 2546 1364 2646 prostituti
1399 2550 1503 2646 sunt,

284 2671 356 2744 quo
381 2646 416 2719 se
440 2666 604 2744 tanquam
629 2671 752 2721 verum
777 2647 949 2743 pastorem
975 2650 1118 2737 ovium,
1151 2670 1213 2719 eos
1237 2646 1338 2741 lupos
1363 2665 1400 2719 et
1423 2670 1505 2748 rap·

286 2762 404 2832 tores,
431 2741 613 2911 depiupit:
646 2743 728 2839 Joh.
748 2745 799 2818 ·X.
1377 2751 1381 2758 '

334 2840 365 2938 h.
391 2839 490 2913 LIV.
561 2837 637 2913 esto
660 2839 941 2927 Encaeniorum,
974 2841 1072 2914 cu'us
1095 2842 1178 2912 mox
1204 2837 1423 2914 mentionem
1449 2837 1504 2913 fe·

283 2935 337 3013 cit
369 2933 450 3030 Joh.
477 2934 522 3009 X:
551 2958 608 3009 22.
644 2932 760 3007 denuo
796 2935 866 3007 lese
895 2933 986 3008 stitit
1015 2867 1290 3031 ilierosolymis‚
1326 2932 1382 3009 sed
1407 2934 1504 3031 post·

282 3056 386 3130 quam
411 3031 449 3103 in
476 3029 662 3104 Galilaeam
696 3031 871 3116 reversus,
916 3030 998 3105 inde
1033 3031 1153 3103 ultima
1186 3031 1267 3104 vice
1293 3030 1500 3128 Hierosoly·

280 3152 374 3204 mam
404 3126 570 3217 tendens,
607 3124 703 3201 varia
728 3125 766 3199 in
803 3125 934 3199 itinere
965 3127 1127 3203 habuerit
1152 3124 1243 3215 sata,
1285 3143 1322 3197 et
1348 3125 1503 3202 ediderit

280 3223 467 3312 miracuh3
491 3249 510 3297 a
536 3223 678 3319 reliquis
705 3220 935 3319 Euangelillis
964 3243 1121 3308 narrata3
1148 3241 1185 3293 ct
1211 3244 1299 3317 quae
1324 3218 1418 3293 inter
1434 3222 1500 3297 du·

278 3325 363 3418 plcx
395 3319 478 3389 illud
512 3318 638 3391 festum
667 3320 987 3388 Tabernaculorum
1023 3341 1062 3390 ac
1092 3320 1350 3388 Encaeniornm
1379 3317 1497 3391 couti·

307 3431 429 3500 erunt,
461 3411 619 3507 adeoque
649 3408 797 3482 duorum
830 3410 997 3484 mensium
1023 3432 1060 3483 ct
1094 3411 1337 3484 nonnullorum
1362 3411 1502 3490 dierum

278 3440 405 3604 ipatio
453 3504 714 3579 Encaeniorum
750 3507 863 3593 cnim,
906 3527 945 3578 ut
970 3528 1093 3580 notum
1121 3505 1191 3596 est,
1231 3506 1311 3602 post
1342 3509 1500 3585 medium

278 3600 489 3681 Decembris
516 3600 661 3689 incidit,
688 3599 773 3673 sicut
794 3602 1116 3676 Tabernaculorum
1140 3601 1178 3674 in
1204 3601 1321 3676 Mens.
1347 3603 1498 3682 Oclobr.

279 3696 416 3792 Incipit
445 3693 536 3769 hanc
569 3696 806 3769 narrationem
838 3699 946 3771 Mart.
972 3701 1069 3774 XIX:
1099 3725 1130 3773 1.
1169 3717 1205 3771 et
1228 3699 1315 3773 Luc.
1342 3701 1405 3774 IX.
1431 3724 1495 3789 51.

278 3792 474 3879 Christum,
500 3791 619 3865 officio
642 3791 679 3863 in
699 3792 851 3866 Galilaea
876 3793 1119 3889 perfinitum,
1145 3794 1206 3868 ubi
1226 3795 1423 3868 diuturnam
1441 3796 1498 3869 fc·

277 3892 331 3967 cit
357 3909 490 3962 moram
528 3887 662 3983 septem
703 3890 760 3962 vel
794 3887 876 3962 oc‘lo
911 3888 1008 3963 tertii
1043 3892 1145 3988 hujus
1187 3889 1268 3964 anni
1302 3890 1493 3984 mensium,

277 3984 379 4065 brevi
402 3980 547 4055 excursu
565 3981 864 4082 Hierosolymam,
891 3985 981 4058 fello
1000 3988 1340 4076 Tabernaculorum,
1365 4010 1499 4084 excep·

277 4104 339 4172 ιο,
372 4097 413 4151 ut
437 4101 481 4150 ex
508 4079 592 4174 Joh.
620 4098 736 4174 patet,
775 4082 940 4176 Judaeum
973 4082 1158 4177 repetendi
1193 4083 1305 4155 sumto
1338 4082 1499 4179 propost-

276 4201 339 4268 to,
372 4197 416 4246 co
448 4174 629 4247 tetendisse
661 4199 727 4269 per
761 4176 910 4250 trailum
939 4178 1338 4272 Trans-Jordanensem,
1373 4178 1411 4248 in
1434 4204 1498 4271 ge·

275 4296 361 4352 nere
387 4268 492 4343 tradit
517 4271 676 4355 Mardi,
709 4271 768 4344 sed
791 4275 879 4347 Luc.
907 4273 1041 4347 causam
1065 4272 1303 4370 migrationis,
1340 4274 1495 4347 occasio·

274 4394 360 4448 nem
386 4364 543 4446 transitus
565 4391 635 4467 per
669 4365 766 4442 illum
794 4368 962 4465 arastum,
1005 4390 1042 4446 et
1068 4371 1229 4448 nonnulla
1252 4366 1349 4467 gesta
1378 4369 1416 4443 in
1439 4370 1502 4444 iti·

1396 4488 1527 4567 nere„
