3609 5500
257 721 284 746 ρ
678 701 683 710 ’
1253 707 1255 711 .

675 917 691 972 .·
781 881 891 972 Sero
914 883 991 976 ΙΙΙ.
1046 931 1093 948 ---
1434 893 1525 1022 lta]

283 1094 447 1188 nequeo,
471 1089 517 1147 eo
540 1066 671 1168 magia,
695 1065 791 1164 quod
815 1066 992 1144 Christum
1018 1087 1086 1166 pro
1108 1086 1198 1143 vero
1219 1066 1346 1144 homine
1369 1009 1520 1168 habaet¹

284 1194 372 1250 rrnt.

297 1309 307 1321 -
336 1270 368 1369 ς.
384 1266 508 1339 .CVll.
551 1263 611 1336 De
634 1258 776 1333 alterins
798 1258 940 1356 generis
964 1257 1117 1350 haeret,
1159 1257 1417 1358 Manichaeisml
1443 1261 1522 1330 no·'

289 1372 387 1442 mine
415 1379 522 1448 nota,
548 1379 635 1450 quae
662 1356 735 1428 hoc
766 1355 886 1430 seculo
912 1374 993 1445 nata
1016 1355 1087 1446 est,
1110 1357 1270 1454 sed'per.
1287 1357 1436 1454 plurima
1456 1352 1522 1424 se·'

290 1458 437 1559 quentia
462 1457 626 1549 ingentes
646 1450 745 1526 dedit
769 1454 907 1540 turbas,
948 1472 1133 1549 antequam
1158 1449 1356 1550 exponam,
1391 1445 1521 1541 scrip-²

289 1578 432 1640 torum,
456 1575 502 1624 ex
526 1549 669 1643 quibus,
703 1567 866 1644 tanquam
884 1547 1064 1638 sonubus,
1090 1547 1222 1624 notitia
1256 1550 1331 1645 ejus
1355 1546 1521 1644 petendo

291 1651 364 1737 est,
391 1647 598 1743 praemilill'e
623 1645 840 1735 curatorum,
867 1666 940 1717 non
959 1646 1019 1717 abs
1044 1669 1083 1718 re
1101 1645 1221 1721 fuerit.
1258 1638 1518 1721 llaeresrarcha'

291 1748 368 1845 ipse
387 1743 560 1840 primum,
584 1760 622 1813 et
638 1679 792 1814 adseche
817 1742 891 1836 ejus
900 1739 1119 1833 secundum,
1151 1763 1371 1816 mererentur
1395 1740 1515 1814 locum

291 1845 334 1920 in
356 1838 499 1914 historia
523 1839 590 1910 hac
614 1836 801 1925 tradenda,
843 1856 882 1910 ut
915 1835 1019 1908 facile
1054 1836 1092 1910 in
1120 1839 1240 1911 oculos
1274 1833 1445 1923 incurrit,
1485 1829 1513 1908 fi

292 1939 422 2034 scripta
444 1956 569 2006 eorum
594 1929 818 2027 supereffent.
870 1931 938 2005 Sed
962 1931 1058 2005 hisce
1074 1931 1229 2006 subsidiis
1254 1929 1329 2009 fere
1353 1929 1522 2013 omnibus.

292 2057 471 2118 caremus,
489 2037 576 2102 'cum
598 2027 679 2101 libri
692 2050 823 2110 eorum
835 2024 972 2122 partim
999 2028 1216 2125 negligentia
1234 2049 1272 2102 et
1296 2029 1433 2104 incuria
1449 2027 1522 2108 hoi

295 2130 432 2205 minum
450 2122 643 2222 perierint,
665 2123 794 2220 partim
812 2124 962 2197 flammis
979 2124 1112 2198 fuerint
1130 2123 1273 2215 traditi,
1297 2124 1390 2223 juffu
1407 2127 1520 2221 Papa·¹

292 2249 372 2301 rum
387 2226 650 2308 Romanorum,
677 2219 825 2310 Gelani,
850 2220 1077 2317 Symmachi,
1112 2241 1150 2295 et
1169 2219 1400 2313 Hormisdae,
1424 2220 1522 2302 teste}

293 2318 497 2406 Anallafio;
541 2314 648 2388 tradit
681 2337 820 2424 quoque
847 2314 1063 2411 Augustinus
1090 2332 1203 2390 contra
1232 2318 1370 2394 Felicem
1395 2318 1520 2394 Mani·

294 2418 467 2500 chaeum,
507 2410 580 2504 ejus
603 2413 724 2484 codices
736 2413 805 2508 sub
826 2409 940 2506 figillo
962 2413 1087 2507 publico
1115 2412 1286 2507 custodiri,
1317 2412 1452 2488 scilicet
1477 2433 1519 2492 ut

295 2511 558 2587 comburantur.
607 2505 715 2582 Nihil
739 2510 857 2602 itaque
880 2504 1007 2597 restat,
1034 2527 1177 2603 praeter
1194 2507 1393 2607 fragmenta
1410 2534 1520 2608 quae<

295 2611 376 2684 dam
401 2605 444 2678 ab
467 2602 672 2676 adversariis
703 2602 830 2676 inserta
857 2601 994 2697 scriptis
1016 2601 1084 2676 sois
1101 2624 1226 2679 contra
1249 2628 1331 2696 eos,
1365 2607 1424 2680 sed
1440 2605 1522 2705 pas·¹
1558 2683 1560 2688 Α

295 2704 359 2783 fim
389 2699 489 2777 valde
523 2698 655 2773 mutila.
706 2697 871 2792 Epr'jlolae
893 2698 1127 2792 fundamenti,
1167 2724 1188 2777 a
1221 2701 1438 2779 Manichaeo
1472 2702 1519 2779 ad

294 2800 449 2876 amicum
483 2791 654 2886 scriptae,
697 2816 785 2889 quae
816 2798 936 2868 omnia
969 2795 1045 2891 ejus
1085 2796 1295 2873 continebat
1329 2800 1520 2900 dogmata,

297 2897 498 2993 fragmenta
529 2888 753 2982 reperiuntur
784 2886 877 2984 apud
908 2888 1094 3000 Augustin.
1134 2890 1171 2966 in
1208 2892 1369 2991 singulari
1402 2895 1517 2987 libro,

292 3017 366 3091 quo
381 3010 457 3063 eam
473 2983 660 3074 refutavit,
685 2985 765 3074 sed,
794 2987 855 3060 ubi
888 3009 1040 3067 max1me
1064 3009 1153 3082 opus
1179 2987 1293 3079 foret,
1329 2990 1517 3067 deficiunt.

296 3094 514 3182 comparent
538 3103 676 3247 quogue
706 3080 798 3177 apud
814 3080 1044 3188 ‘eundemin
1073 3099 1162 3175 opere
1191 3083 1364 3192 inperfecto
1392 3107 1519 3173 contra

297 3182 469 3284 Julianum
493 3178 661 3255 nonnula
685 3199 731 3249 ex
757 3175 911 3271 Epistola
966 3178 1089 3253 uadam
1116 3178 1338 3254 Manichaei.
1390 3181 1517 3259 Exstat

299 3295 481 3377 praeterea
501 3269 657 3364 Epistola
671 3271 880 3348 Manichaei
897 3272 941 3349 ad
1004 3272 1167 3348 arcellum
1194 3272 1334 3351 in'Ao·
1377 3278 1519 3357 Arthe-

295 3375 361 3464 lai,
391 3372 482 3469 apud
511 3367 686 3464 Epiphan.
712 3368 808 3455 haer.
834 3376 893 3445 66.
946 3368 974 3442 F
1074 3388 1155 3444 enta
1180 3394 1318 3470 quoque
1374 3374 1517 3472 pillula-¹

298 3496 376 3548 rum
408 3461 632 3541 conservavit
663 3464 845 3539 Fabricius
875 3464 964 3540 Bibl.
1028 3490 1054 3541 r.
1086 3462 1146 3541 lib.
1173 3463 1222 3544 V.
1271 3470 1438 3571 Denique
1467 3490 1520 3555 ex

294 3562 503 3644 Manichaei
529 3557 671 3633 adseclis
694 3560 776 3634 nulli
802 3561 900 3652 sunt,
951 3585 1076 3636 uorum
1093 3561 1220 3661 scripta
1244 3584 1397 3645 aetatem
1426 3574 1516 3647 tule-

296 3684 399 3748 runt,
426 3658 451 3731 st
477 3654 659 3745 aFausto,
685 3655 901 3732 Milevitano
923 3587 1033 3746 hiso,
1067 3657 1145 3732 viro
1171 3659 1321 3750 diserto,
1355 3666 1517 3742 disceffe·

293 3760 364 3844 ris,
391 3753 488 3844 cujus
509 3752 634 3823 librum
661 3752 830 3827 refutavit
856 3752 1167 3849 August.,.verbis
1191 3755 1295 3851 ipfius
1319 3757 1513 3853 exhibitis,

295 3874 365 3926 nec
393 3866 509 3918 tamen
535 3864 648 3917 totum
674 3844 819 3940 systema
841 3844 904 3920 hic
927 3847 1096 3935 traditur,
1121 3873 1200 3923 cum
1227 3853 1411 3927 nonnullae
1436 3875 1513 3939 tan·

295 3969 372 4023 tum
396 3938 589 4015 tradlentur
603 3938 841 4036 quaestiones,
866 3966 934 4017 nec
956 3944 1034 4018 illae
1056 3962 1127 4019 tam
1143 3943 1385 4043 explicentur,
1409 3968 1514 4050 quam

294 4039 545 4124 vindicentur,
569 4060 611 4109 ac
636 4036 846 4134 molliantur.
1138 4047 1141 4052 '
1511 4098 1513 4103 .

367 4135 535 4211 ‚chll
577 4133 772 4227 Scriptores
795 4156 884 4208 vero
911 4135 1163 4226 Eccleliastici,
1198 4134 1270 4213 five
1301 4137 1367 4212 lint
1389 4142 1516 4224 Histoi

296 4232 384 4317 rici,
415 4230 488 4303 srve
512 4229 826 4305 Manichaeilmum
850 4230 1056 4325 refutarint,
1089 4233 1151 4306 hic
1178 4233 1367 4330 praecipue
1392 4245 1517 4321 consu·
1658 4252 1660 4256 ’

297 4327 415 4414 lendi,
440 4325 476 4407 ia
487 4323 641 4411 ‚censum
666 4348 732 4424 per
743 4324 932 4427 ¹loquentia
949 4329 1061 4431 aliqua
1076 4328 1190 4413 secuta
1206 4329 1357 4413 veniunt
1371 4332 1518 4436 sequeu-

299 4486 306 4503 .
351 4419 540 4506 ΜΨ.
593 4426 599 4437 “
811 4410 820 4437 ’
865 4420 997 4502 Xxxx
1047 4440 1054 4453 '
1453 4450 1521 4533 ter,
