3609 5500
75 828 100 844 ω

273 908 345 1002 31⁶
465 954 468 959 -
661 885 809 989 ffistoria
832 878 966 981 Eccles·
990 882 1162 985 Christ,
1293 953 1296 960 ,

274 1076 357 1155 delli
385 1074 423 1149 in
451 1065 598 1170 praelat.
630 1068 828 1163 apologetici
859 1063 934 1160 ejus
960 1086 1027 1163 pro
1049 1060 1220 1162 sententia
1251 1059 1497 1161 Hieronymi,

273 1198 313 1250 et
340 1173 506 1258 aliorum,
539 1161 684 1260 opinio,
716 1165 1001 1257 presbyterorum
1026 1160 1219 1256 praesidem
1243 1161 1379 1259 semper
1402 1160 1488 1237 fuis-

250 1261 331 1361 'se,
356 1289 394 1343 et
410 1264 478 1339 effe
496 1257 673 1347 debuisse,
696 1255 892 1344 seniorem,
916 1253 1013 1351 prius
1035 1276 1226 1331 vocatum:
1249 1254 1299 1330 illi
1317 1256 1506 1333 deceden·.

277 1368 327 1456 ti,
351 1366 430 1461 jure
449 1377 487 1432 et
504 1352 714 1441 necessario,
739 1349 928 1427 succellilse
938 1348 1117 1447 secundum
1132 1350 1325 1448 vocatione
1340 1354 1389 1428 ad
1411 1375 1500 1441 muz

278 1486 363 1553 nus,
404 1475 442 1531 et
475 1452 527 1528 ita
559 1449 738 1546 deinceps.
783 1450 899 1520 Locus
925 1446 1020 1519 enim
1046 1449 1177 1538 Clem,
1215 1448 1323 1522 modo
1347 1451 1504 1544 citatus,

276 1580 408 1632 novam
433 1569 470 1624 et
496 1549 636 1622 liberam
662 1547 753 1618 clare
780 1566 817 1615 re
844 1541 927 1615 uirit
958 1540 1191 1617 eleetionem:
1232 1542 1296 1617 nisi
1320 1542 1400 1640 quis
1429 1569 1494 1621 ve·

278 1654 342 1742 lit,
368 1654 405 1725 in
427 1644 501 1720 aliis
523 1639 696 1715 nonnullis
711 1566 875 1748 Eccledis
897 1635 934 1711 id
949 1637 1158 1729 obtinurll'e,
1179 1638 1276 1747 quod
1295 1642 1373 1713 vult
1390 1642 1500 1717 Blon·

151 1818 157 1827 .
277 1751 403 1823 dellus:
428 1745 472 1814 de
499 1762 568 1834 quo
596 1756 713 1810 tamen
741 1735 828 1808 nihil
852 1729 998 1807 constat.
1044 1737 1103 1809 De
1125 1734 1292 1830 reliquis,
1315 1735 1363 1810 ad
1386 1737 1490 1812 Duc·

280 1865 377 1917 tores
402 1858 439 1911 et
463 1830 636 1913 ministros
659 1829 888 1905 Ecclefiarum
918 1827 1199 1924 pertinentibus,
1231 1853 1312 1903 cum
1335 1829 1499 1914 nostrum

279 1934 500 2015 intervallum
529 1927 615 2002 nihil
649 1924 850 2024 suppeditet
876 1922 1065 2019 fingulare3
1102 1923 1280 2000 advitam
1311 1944 1349 1999 et
1380 1950 1510 2004 mores

280 2031 576 2115 Christianorum,
616 2021 676 2097 seu
708 2038 858 2119 quartam
881 2018 1054 2096 Ecclesiae
1087 2040 1226 2118 partem
1257 2018 1505 2116 essentialem,

107 2123 109 2132 ⁸
243 2129 245 2133 ’
281 2151 409 2228 pergo.

686 2308 817 2386 VITA
839 2308 909 2385 ET
932 2309 1111 2387 MORES

328 2504 553 2610 §.CCLXK
592 2500 744 2578 Lumina
772 2497 856 2608 licet
885 2497 955 2573 hac
979 2516 1083 2594 parte
1115 2498 1153 2573 in
1169 2498 1321 2577 Ecclesia
1337 2522 1411 2579 non
1440 2503 1509 2581 de·

283 2606 456 2691 fecerint,
488 2599 542 2674 uti
564 2598 635 2671 viri
661 2592 857 2766 Apostolicr
882 2592 1043 2684 fuerunt,
1068 2613 1106 2669 et
1120 2619 1248 2693 magno
1265 2622 1414 2698 quoque·
1424 2622 1504 2678 nu.

284 2725 384 2789 mero
403 2692 638 2794 superfuerint
661 2692 686 2766 fi
710 2692 801 2783 eles,
826 2688 885 2788 qui
904 2688 1011 2779 fidem
1035 2708 1073 2764 et
1089 2691 1259 2789 pietatem
1275 2696 1422 2793 egregie
1439 2698 1507 2773 de.

284 2794 543 2880 monstrarunt3
565 2789 686 2886 negari
704 2806 817 2861 tamen
898 2785 967 2876 uit,
983 2784 1111 2861 faciem
1127 2788 1301 2864 Ecclesiae
1311 2791 1348 2864 in
1367 2814 1506 2887 genere·

286 2893 388 2970 suiffe
416 2887 629 2975 tristiorem,
651 2903 688 2958 et
715 2885 829 2956 minus
851 2882 887 2978 sp
924 2879 1083 2973 ndidarn,
1108 2907 1211 2981 quarn
1232 2885 1501 2983 periodoprae·

286 2991 455 3073 cedente,
480 2982 594 3056 stadia
608 2977 881 3054 Christianorum
899 2978 1017 3073 paffim
1035 2977 1176 3053 fuerunt
1190 2981 1401 3072 remissiora,
1421 2983 1508 3078 pie-

288 3088 371 3163 tatis
399 3081 517 3157 officia
545 3077 775 3176 anguidiora,
812 3074 912 3148 muui
938 3073 1080 3148 suerum
1120 3076 1349 3172 hypocritae,
1396 3078 1503 3151 multi

289 3173 585 3275 concupiscentiis
608 3173 714 3247 seculi
742 3170 876 3261 dediti,
899 3168 999 3244 multi
1025 3171 1206 3258 socordes,
1238 3174 1335 3260 multi
1360 3171 1400 3246 in
1425 3173 1501 3248 fide

289 3279 517 3360 vacillabant,
540 3288 577 3343 et
592 3271 635 3344 ad
650 3267 909 3355 defectionem,
933 3285 1031 3338 metu
1045 3269 1348 3360 persecutionum,
1367 3268 1502 3366 proni,

287 3375 461 3464 variaque·
479 3365 589 3451 vitia,
614 3363 698 3434 fidei
724 3380 763 3433 et
786 3358 948 3433 charitati
972 3360 1165 3454 contraria,
1191 3365 1249 3437 hic
1275 3364 1345 3438 illic
1371 3365 1502 3462 grassan-

288 3470 427 3542 bantur.
473 3462 529 3533 De
555 3481 621 3553 qua
654 3455 888 3529 contaminata·
926 3471 965 3527 et
998 3454 1175 3532 obscurata
1200 3460 1373 3533 Ecclesiae
1405 3459 1506 3534 facie·

289 3571 537 3641 monumenta,
562 3549 657 3625 circa
671 3550 764 3622 hanc
780 3548 985 3646 periodum,
1009 3552 1066 3623 vel
1082 3551 1120 3625 in
1137 3580 1195 3643 ea,
1221 3557 1382 3642 condita,
1404 3556 1499 3631 haud

294 3650 439 3730 obscure
458 3647 638 3722 testantur.
688 3645 865 3718 Proferam
892 3644 1080 3740 quaedam,
1111 3650 1153 3721 ad
1176 3651 1266 3724 hanc
1283 3651 1503 3748 hypothesin

212 3797 215 3803 ·
291 3742 609 3831 demonstrandam,
649 3739 780 3814 indicia
804 3763 872 3836 per
917 3759 1018 3816 artes.
1073 3766 1103 3819 1.
1130 3748 1283 3828 Scienria
1311 3747 1507 3821 veritatum·

293 3838 595 3951 euangelicarum,
625 3857 662 3909 et
678 3836 814 3911 viarum
830 3838 924 3926 Der,
950 3835 986 3909 in
1005 3841 1121 3913 multis
1136 3842 1203 3916 fuit
1224 3843 1359 3939 exigua.
1416 3845 1502 3918 Uti·

292 3965 359 4040 que
387 3938 452 4010 rllis
475 3934 689 4028 inquirendis
715 3956 858 4030 operam·
883 3933 1002 4008 minus
1022 3935 1170 4011 sedulam
1197 3940 1315 4027 multi,
1345 3962 1427 4032 prae
1446 3941 1504 4014 so·

290 4033 428 4118 cordia,
449 4033 638 4118 navabant,
664 4031 758 4104 Heb.
780 4032 828 4122 V:
858 4054 916 4121 rr,
938 4053 994 4103 ra.
1013 4037 1303 4131 congregationes
1323 4035 1503 4126 fidelium,
1524 4106 1528 4111 .

267 4134 333 4219 ad
360 4146 512 4200 mutuam
530 4123 792 4198 instruelionem
815 4149 857 4197 ac
880 4124 1153 4204 consolationem
1170 4130 1384 4226 spedlanteS,
1411 4131 1510 4208 haud

180 4296 186 4304 ,
291 4223 393 4325 pauci
421 4219 662 4316 negligebant,
702 4223 795 4293 Heb.
824 4222 871 4292 X:
900 4245 956 4311 25.
1009 4223 1138 4312 Multi,
1166 4251 1210 4299 ex
1234 4227 1374 4321 Judaeis
1398 4251 1503 4321 prae·

292 4321 421 4422 cipue,
454 4316 515 4392 sed
535 4335 572 4409 et
597 4315 703 4411 aliqui
729 4339 774 4392 ea
801 4317 1000 4409 Gentibus,
1030 4320 1072 4393 ad
1097 4321 1184 4396 ritus
1209 4340 1246 4396 ct
1270 4321 1512 4398 caerimonias

1378 4419 1507 4516 legales
