3609 5500
500 937 580 1030 σφι
882 924 1032 1028 fflflorin
1054 922 1185 1027 Eccles.
1199 922 1335 1027 :Christi

511 1069 662 1196 obscureg
680 1109 858 1200 irruunt,
881 1110 1022 1201 Paulum
1048 1106 1148 1183 fuisse
1171 1108 1381 1204 discipulum
1400 1104 1639 1199 Artemonis,
1677 1108 1734 1187 val

510 1213 586 1312 ejus
602 1207 779 1297 haerena,
796 1223 876 1281 curn
898 1207 965 1292 'ana
980 1203 1156 1302 exspirare
1166 1207 1368 1296 videretur,
1385 1204 1587 1282 renovaiie.
1618 1229 1652 1280 2.
1670 1208 1734 1281 du·

510 1327 569 1390 tor
587 1306 750 1404 antiquus
774 1307 865 1400 apub
892 1232 973 1378 ius.
1000 1305 1021 1376 1.
1046 1323 1100 1390 c.‚
1132 1322 1378 1402 praeterquam
1400 1304 1502 1473 pund
1531 1296 1734 1392 Artemonis

510 1424 585 1486 non
616 1401 840 1491 meminerit,
882 1399 1111 1474 Theodotum
1144 1398 1270 1474 diserte
1308 1400 1399 1499 adpe
1424 1419 1461 1474 at
1488 1416 1666 1494 parentem
1705 1418 1734 1473 er

512 1516 659 1578 aurorem
695 1499 787 1573 iilius
812 1523 834 1570 o
861 1496 1011 1583 imonis,
1050 1518 1137 1591 quae
1163 1493 1338 1570 Christum
1370 1516 1479 1593 negat
1507 1494 1657 1573 Deum:
1687 1493 1734 1571 cui

513 1596 676 1675 concinit
706 1597 814 1668 Timo
858 1618 919 1666 eus
936 1592 1141 1689 Presbyter,
1168 1592 1384 1668 aCotelerio
1400 1595 1534 1667 editus.

585 1751 592 1768 .
620 1694 728 1768 xclr.
765 1689 992 1772 Theodotus,
1017 1710 1055 1760 ut
1073 1688 1147 1784 ejus
1172 1688 1318 1785 systema
1333 1711 1533 1784 exponam,
1561 1686 1734 1765 Christum

515 1789 657 1888 quidem
692 1783 782 1860 dixit
815 1785 902 1876 dedu
927 1784 1080 1884 erigenda
1114 1787 1230 1857 nudum
1265 1785 1438 1877 hominem,
1479 1784 1542 1859 sed
1574 1809 1653 1861 non
1679 1813 1734 1882 eo³

514 1909 586 1984 quo
611 1904 692 1960 ante
718 1882 829 1978 ipsum
857 1886 1011 1972 nonnulli
1042 1880 1232 1967 haeretici,
1264 1880 1382 1972 sensu,
1414 1878 1483 1955 acfi
1510 1906 1560 1957 ex
1585 1880 1734 1981 Josephr

514 2001 554 2074 et
578 1977 715 2068 Maria,
743 1977 849 2054 instar
875 1978 1087 2075 reliquorum
1114 1976 1319 2068 hominum,
1335 1977 1432 2053 veffet
1453 1996 1581 2070 natus,
1609 2000 1650 2052 et
1670 2004 1734 2056 non

517 2099 564 2156 ex
590 2076 763 2184 Virgine:
806 2078 904 2150 secus
937 2099 977 2150 ac
1009 2075 1185 2171 Epiphan.
1217 2074 1311 2148 haer.
1337 2074 1437 2149 LIV.
1465 2074 1588 2149 tradit.
1636 2076 1734 2164 Anti

516 2198 604 2271 quur
626 2195 722 2244 enrnr
756 2192 858 2244 autor
883 2172 975 2265 apud
1002 2171 1081 2245 Eus.
1107 2173 1156 2245 H.
1185 2171 1233 2244 V:
1261 2178 1318 2250 28.
1345 2169 1428 2245 illud
1455 2171 1684 2263 nonhabet,
1709 2194 1734 2249 et

518 2288 620 2343 autor
640 2267 824 2360 adpendicis
842 2267 918 2339 libr.
947 2267 1098 2340 Tertull.
1123 2267 1167 2338 de
1186 2265 1392 2363 Praesctipt.
1417 2267 1579 2359 haeret,
1606 2292 1651 2343 ex
1677 2276 1734 2344 vir·

534 2368 592 2438 ine
617 2385 696 2436 eurn
720 2360 872 2438 statuiffe
891 2360 1066 2437 Christum
1093 2385 1233 2451 natum,
1258 2364 1387 2437 diserte
1413 2362 1545 2440 tradit:
1572 2389 1642 2440 nec
1661 2370 1734 2442 Pau·

512 2388 570 2537 fus
593 2456 783 2545 samosat,
808 2460 906 2557 cnjus
923 2460 1071 2534 haeresis
1089 2482 1108 2532 a
1127 2459 1323 2533 Theodoto
1339 2459 1539 2557 repetitur,
1561 2461 1734 2539 Christum

516 2557 665 2652 negavit
682 2579 702 2626 e
721 2554 874 2648 virgine.
910 2555 977 2627 Sed
1020 2580 1065 2626 no
1090 2551 1187 2628 sensu
1212 2555 1372 2651 antiquus
1395 2552 1484 2645 iste,
1510 2576 1552 2629 et
1570 2580 1734 2653 coaevus¹

516 2671 621 2728 autor
645 2650 736 2745 apud
770 2651 851 2725 Eos.
877 2652 898 2723 Ι.
925 2673 956 2723 c.
995 2580 1233 2723 qsheodntunr
1265 2652 1442 2746 adpellare
1475 2651 1588 2745 poffit
1621 2658 1734 2758 Mt

512 2752 613 2846 mir
632 2762 684 2822 aad
707 2755 828 2846 naviga
852 2747 961 2829 τᾶυτις
985 2759 1034 2832 tin
1059 2753 1217 2846 ἑςνησιθέκ
1240 2755 1404 2828 exacutae
1426 2751 1544 2823 ducem
1569 2769 1604 2823 et
1627 2774 1734 2849 paren·

514 2865 579 2921 rent
606 2848 694 2918 iliius
719 2846 825 2919 Deum
849 2850 1043 2935 abnegantis
1067 2845 1275 2941 defectionis,
1309 2869 1347 2921 et
1374 2846 1518 2944 quidem
1543 2847 1663 2946 σςῖποι
1676 2856 1734 2951 pri·

514 2967 600 3019 nrum
633 2941 778 3032 dixisse,
822 2939 891 3013 effe
918 2942 1093 3014 Christum
1134 2945 1249 3016 nudum
1281 2945 1483 3033 hominem,
1530 2949 1734 3026 difficultate

515 3064 590 3119 non
618 3060 736 3130 caret,
770 3064 850 3113 cunr
868 3094 880 3129 ,
899 3037 1119 3130 Ebionaeos‚
1144 3038 1410 3125 Cerinthianos‚
1436 3059 1473 3111 et
1494 3044 1732 3138 Carpocratia·

514 3162 582 3219 nos
623 3137 716 3211 idem
743 3136 886 3217 dixisse,
931 3133 1076 3210 constat.
1127 3138 1199 3210 Suo
1224 3136 1304 3209 loco
1332 3137 1483 3226 remiis,
1531 3142 1670 3240 quippe
1696 3144 1734 3216 ab

512 3231 613 3309 omni
655 3234 829 3328 probabili
865 3231 1007 3320 alienis,
1049 3255 1137 3329 quae
1168 3233 1226 3306 alii
1259 3235 1503 3330 protulerunt,
1549 3238 1624 3312 duo
1650 3235 1734 3313 mihi

511 3316 734 3421 suppetunt,
785 3328 910 3425 quibus
951 3329 1040 3401 haec
1071 3326 1255 3404 difficultas
1295 3330 1432 3424 optime
1465 3328 1616 3407 videtur
1652 3332 1734 3410 tolli.

514 3425 624 3497 Unum
656 3423 727 3511 est,
769 3423 862 3518 quod
891 3423 1121 3512 Theodotus,
1154 3449 1226 3498 non
1250 3428 1423 3514 absolute,
1459 3424 1520 3501 sed
1549 3430 1734 3520 restriste‚

510 3516 702 3610 adpellarur
727 3537 829 3588 autor
856 3516 952 3590 istius
977 3519 1168 3608 haeresint,
1194 3523 1301 3596 relate
1324 3523 1489 3596 nimirum
1517 3525 1560 3597 ad
1579 3527 1734 3603 haeresrn

511 3599 609 3690 Pauli
636 3610 875 3696 Samosateni‚
916 3612 960 3683 de
987 3637 1052 3706 qua
1088 3617 1139 3688 ibi
1162 3617 1292 3711 agitur.
1341 3618 1447 3693 Licet
1481 3622 1581 3693 eninr
1609 3625 1679 3700 sec.
1704 3626 1730 3697 Ι.

512 3712 600 3800 fin,
626 3729 665 3783 et
690 3707 803 3783 initiis
828 3709 918 3795 lidi,
942 3705 1114 3802 ejusmodi
1137 3735 1277 3808 quoque
1302 3713 1507 3789 exstiterint
1536 3717 1732 3807 haeretici;

508 3809 614 3897 iflnd,
640 3808 826 3904 quominus
854 3806 1064 3881 Theodotus
1086 3833 1164 3906 pro
1177 3827 1303 3883 autore
1330 3811 1525 3897 haeresros,
1552 3839 1645 3910 qnae
1674 3838 1734 3914 per

437 3959 441 3965 ·
506 3907 650 3984 Paulum
680 3926 795 3979 tantos
826 3903 927 3977 dedit
950 3924 1087 3996 motus,
1129 3907 1319 3996 habeatur,
1364 3931 1435 3981 non
1470 3907 1626 4003 inpedit.
1680 3916 1734 3988 Sic

506 4002 630 4089 Paulus
657 4024 733 4072 eam
759 3998 915 4073 haeresrn
941 4003 1002 4070 suo
1038 4022 1197 4097 tempore
1224 4002 1405 4078 renovasse
1436 4005 1571 4079 dicitur
1599 4011 1644 4083 ab
1667 4012 1731 4083 Eu·

505 4099 578 4175 seb.
605 4092 643 4166 in
670 4095 750 4166 init.
776 4119 849 4186 cap.
883 4113 921 4166 et
949 4095 1124 4170 Artemon
1147 4099 1193 4170 ib.
1222 4098 1308 4171 VH:
1338 4124 1396 4193 30.
1430 4103 1466 4174 in
1495 4102 1648 4199 epistola
1676 4106 1727 4200 sy·

504 4188 633 4269 nodica
656 4188 875 4261 Antiochen.
911 4187 1038 4258 diserte
1066 4193 1140 4277 ejus
1165 4194 1268 4263 Pater
1298 4195 1501 4289 adpellatur.
1558 4201 1726 4276 Theodo-

502 4304 560 4361 tus
584 4285 702 4380 itaque
737 4307 879 4374 eornm,
922 4281 981 4390 qui
1008 4282 1126 4363 postea
1165 4311 1240 4360 earn
1278 4291 1434 4365 haeresin
1470 4316 1728 4395 propagarunt,

491 4388 622 4481 prinus
647 4380 720 4473 did
741 4379 861 4480 potest
892 4375 1068 4461 crustum
1090 4405 1159 4483 pro
1183 4388 1264 4467 nudo
1286 4387 1447 4479 habuiffe
1467 4393 1613 4475 ὂοηιὶηι.
1663 4393 1730 4468 sed

509 4532 569 4572 -„„.
1052 4562 1056 4571 ,
1139 4564 1146 4576 ,
1596 4495 1734 4577 anctum
