3609 5500
697 919 700 925 ·
815 874 924 962 Seios.
948 877 1024 959 ΙΙΙ.1
1116 879 1123 889 ’
1452 887 1529 981 545

312 1089 316 1096 ’
353 1049 385 1160 5.
411 1049 541 1138 XLIII.
576 1059 672 1138 idem
697 1060 836 1138 obtinet
859 1061 897 1134 in
924 1059 1021 1157 ligno
1047 1054 1153 1135 crucis
1178 1061 1397 1153 transitorio,
1422 1064 1532 1159 quod·-

303 1149 394 1230 srcut
418 1180 541 1248 antea,
566 1162 618 1232 uti
643 1160 704 1232 suo
731 1160 810 1231 loco
835 1157 1006 1245 vidimus,
1031 1158 1081 1230 ita
1109 1177 1147 1229 et
1173 1179 1267 1230 nunc
1292 1158 1445 1234 maxime
1460 1163 1517 1232 in·

301 1254 424 1327 valuit.
473 1259 601 1336 Cruces
617 1255 832 1328 Christianos
849 1276 909 1323 non
929 1253 1058 1337 colere,
1080 1250 1232 1324 declarat
1249 1254 1391 1348 quidem
1407 1254 1514 1330 Obba·

303 1350 384 1421 vius
407 1350 498 1445 apud
523 1352 619 1423 Min.
648 1352 742 1438 Feb,
768 1348 825 1422 sed
848 1348 945 1442 figno
967 1348 1081 1421 crucis
1108 1349 1144 1419 in
1170 1350 1331 1421 omnibus
1353 1348 1429 1423 lere
1453 1374 1512 1424 ac·

300 1440 458 1517 tionibus
482 1469 523 1519 ac
548 1446 677 1520 casabus
697 1444 845 1540 frontem
871 1459 991 1531 terere,
1033 1466 1120 1536 quae
1151 1443 1186 1513 T
1188 1463 1251 1519 ert.
1285 1443 1415 1538 phrasis
1440 1444 1516 1537 est,

299 1530 469 1613 solebant.
522 1544 684 1637 Cypri-an.
707 1538 869 1634 de'Lops.
895 1541 973 1612 init.
995 1539 1095 1632 frons
1120 1562 1190 1611 cnm
1218 1536 1315 1631 stgno
1339 1540 1411 1613 Dei
1427 1558 1517 1635 puro

300 1634 438 1709 Diaboli
461 1660 604 1711 coronam
618 1636 714 1732 ferre
734 1660 794 1708 non
814 1638 933 1731 potuit.
968 1636 1029 1708 Sic
1052 1633 1096 1706 de
1124 1637 1217 1708 Unit.
1244 1634 1369 1734 Eccles.
1406 1636 1516 1716 Uzzie

301 1748 357 1822 as,
382 1733 476 1828 lepra
496 1733 684 1829 perczeffies,
709 1757 747 1805 eo
762 1748 857 1833 porte
880 1734 1017 1824 corporis
1042 1728 1173 1804 dicitur
1198 1747 1351 1821 notatos,
1375 1732 1514 1827 ubiſsg·

299 1846 442 1918 nentur,
481 1835 535 1923 qni
560 1831 732 1902 Dominum
760 1844 990 1925 promerentur.
1037 1826 1203 1922 Denique
1238 1827 1385 1903 Testim.
1416 1829 1439 1902 l.
1464 1830 1513 1908 Is,

291 1930 333 2017 fc.
361 1946 417 1998 22.
441 1926 588 2017 probat,
633 1928 666 1995 io
683 1922 781 2017 ſsgno
808 1927 914 1998 crucis
940 1923 1075 1994 Domini
1097 1920 1242 2015 salntem
1263 1921 1324 2018 ff
1349 1926 1516 2015 aeonibus,

320 2024 354 2091 nl
382 2023 414 2091 in
435 2017 607 2111 fientibus
642 2036 801 2093 notentur.
850 2019 973 2117 Quae,
1013 2016 1158 2090 nimiam
1192 2018 1362 2092 virtutem
1394 2021 1511 2094 crucis
1633 2067 1635 2072 ·

298 2042 399 2214 signo
424 2112 461 2187 in
488 2114 606 2188 fronte
632 2112 732 2187 fuisse
755 2116 827 2211 jam
851 2113 1080 2210 adscriptam,
1120 2111 1212 2187 haud
1235 2112 1383 2188 obscure
1407 2113 1512 2210 figni-

298 2210 419 2286 ficant.
474 2210 555 2308 Quo
585 2210 691 2283 etiam
722 2210 899 2305 pertinet,
940 2208 1032 2306 quod
1064 2208 1101 2280 in
1128 2210 1295 2304 periculis
1320 2211 1362 2307 se
1389 2215 1512 2285 munire

296 2305 433 2384 suerint
457 2303 550 2379 soliti
567 2304 663 2400 signo
689 2306 821 2396 crucis,
847 2326 886 2379 ut
903 2327 949 2379 ex
968 2304 1161 2401 Hippolyti
1187 2306 1387 2399 fragmento
1413 2329 1512 2402 oper.

298 2423 338 2501 p.
367 2410 447 2491 284.
477 2401 532 2475 ed.
550 2402 707 2492 Fabric,
733 2400 816 2474 slfit
832 2400 1045 2497 genuinum,
1070 2417 1180 2494 patet.
1227 2400 1286 2471 De
1310 2400 1409 2497 siguo
1432 2424 1512 2479 cru÷

298 2497 353 2571 cis
375 2500 468 2571 inter
491 2496 577 2569 ritus
601 2499 818 2593 baptismales
865 2494 968 2571 ostea.
1016 2495 1187 2567 Attamen
1218 2496 1307 2568 nulla
1331 2495 1446 2569 adhuc
1462 2496 1510 2577 le,

299 2598 430 2691 'guntur
445 2590 626 2686 stmulocro
659 2593 772 2668 crucis
798 2522 906 2668 fasta:
941 2590 992 2666 uti
1015 2587 1136 2687 postea
1159 2591 1225 2665 sec.
1250 2592 1319 2668 IV.
1353 2612 1391 2665 et
1411 2590 1510 2667 dein·

299 2695 385 2786 'ceps
409 2688 575 2763 obtinuit.

299 2808 304 2818 ’
347 2784 379 2884 s.
405 2784 538 2861 XLIV.
573 2787 693 2860 Portet
716 2787 828 2860 cultus
851 2781 1005 2882 publici,
1040 2786 1111 2860 five
1133 2788 1258 2875 reales,
1289 2811 1378 2884 quae
1403 2789 1510 2861 leslio·

296 2890 373 2956 brem
409 2882 536 2979 Script.
571 2885 628 2971 S.,
669 2883 810 2979 ejusque
843 2882 1196 2977 interpretationem,
1235 2883 1294 2955 seu
1326 2885 1509 2972 homilias,

295 2977 624 3073 comprehendunt,
649 2998 686 3052 et
711 3000 835 3074 preces
859 2997 901 3050 ac
926 2977 1095 3073 hymnos,
1120 2975 1192 3050 sive
1218 2980 1375 3064 rituales,
1400 2979 1509 3051 sacra·

297 3093 416 3147 menta
438 3073 573 3147 scilicet
588 3092 624 3145 et
646 3072 802 3169 jejunia,
834 3090 1019 3167 antequam
1036 3094 1216 3160 enarrem,
1256 3075 1329 3142 duo
1352 3071 1509 3144 traslabo

296 3170 445 3266 quaesita
470 3168 663 3268 generalia,
690 3168 732 3241 ad
755 3168 931 3263 linguam,
955 3185 993 3238 et
1018 3163 1201 3254 formulas,
1229 3165 1276 3240 fic
1302 3164 1431 3254 ditias,
1463 3166 1507 3240 li·

295 3264 467 3363 turgicas,
492 3263 718 3363 pertinentia.
769 3265 869 3336 Prius
894 3261 965 3351 est,
991 3285 1074 3335 num
1093 3262 1211 3357 lingua
1228 3263 1413 3335 vernacula
1432 3259 1509 3334 fue·

295 3361 371 3436 tint
402 3363 496 3436 sacra
521 3359 679 3457 perusta,
721 3381 763 3433 an
791 3361 931 3454 ignota,
974 3359 1026 3432 uti
1053 3357 1113 3431 diu
1135 3356 1215 3453 post
1235 3357 1373 3429 demum
1408 3356 1540 3432 iuva-¹

293 3457 390 3533 luit?
420 3458 520 3550 Prius
546 3455 734 3530 obtinuisse
759 3455 771 3529 i
800 3456 837 3529 sa'
855 3452 907 3527 rei
932 3471 1074 3543 natura,
1107 3471 1145 3524 et
1180 3451 1267 3526 sacri
1294 3453 1407 3526 cultus
1432 3453 1508 3527 sco·

291 3560 382 3652 pus,
414 3575 486 3628 non
512 3570 668 3641 tantum,
703 3571 742 3625 ut
762 3480 865 3625 sicile
889 3549 1067 3638 cernitur,
1108 3546 1132 3621 sl
1164 3568 1259 3623 certa
1285 3547 1510 3639 testimonia,

287 3651 384 3746 'quae
408 3651 499 3722 nulla
522 3651 621 3737 sunt,
647 3647 862 3723 contrarium
889 3667 961 3719 non
987 3649 1157 3732 doceant,
1183 3642 1339 3731 evincit,
1372 3645 1430 3716 sed
1455 3643 1509 3717 di·

290 3747 387 3820 serta
412 3743 489 3835 loca
513 3763 611 3817 extra
641 3745 785 3817 dubium
809 3745 995 3816 collocant.
1047 3739 1194 3832 origen.
1220 3757 1343 3810 contra
1370 3739 1457 3812 Cels.
1482 3739 1507 3815 l.

287 3837 404 3914 ·v111.
433 3862 467 3932 p.
492 3858 576 3926 402.
603 3836 751 3930 ſsogusos
774 3837 918 3909 testatur
942 3838 1047 3907 Deum
1068 3835 1198 3925 propria
1222 3834 1337 3923 lingon
1357 3842 1507 3924 precari,

286 3937 438 4012 'Graecos
456 3932 605 4020 Graeco,
638 3947 669 4003 et
694 3932 834 4004 Latinos
848 3932 985 4004 Meiere.
1035 3927 1188 4016 Pueros,
1224 3946 1261 4000 et
1277 3925 1428 4021 quoscun
1460 3952 1505 4002 ue

286 4033 384 4108 'alios
411 4029 612 4113 illiteratos,
647 4028 836 4124 scripturae
860 4023 1131 4124 praelesiionem
1159 4020 1254 4097 reste
1279 3953 1507 4114 intellexiile,

285 4125 497 4204 'constanter
520 4124 660 4198 tradunt
686 4124 850 4199 Veteres.
897 4120 1064 4218 Cypriam.
1096 4144 1151 4218 ep.
1179 4143 1236 4217 34.
1268 4118 1312 4192 de
1338 4119 1505 4191 Celerina

287 4219 448 4296 'Leblore
474 4220 658 4309 ordinato,
691 4223 774 4294 nillil
794 4218 874 4318 effe,
909 4217 1042 4313 inquit,
1085 4220 1120 4288 io
1145 4241 1201 4310 quo
1225 4220 1332 4309 magis
1358 4214 1512 4307 confeffler

282 4317 458 4423 fratribus
479 4312 602 4418 profit,
641 4341 736 4412 quom
768 4334 824 4408 ot,
865 4317 938 4387 dum
962 4317 1151 4407 euangelica
1183 4314 1272 4385 sellio
1294 4313 1332 4383 de
1358 4332 1409 4415 ore
1435 4314 1509 4403 ejus

279 4444 295 4466 ι
354 4458 357 4462 -
831 4411 1055 4505 Mmrnm3
1359 4406 1513 4498 auditor,
