3609 5500
299 957 351 1034 54
382 915 385 920 ¹
678 932 828 1034 {fistoria
851 933 979 1036 Eccles,
995 932 1124 1037 ,Christ

282 1113 371 1194 'non
398 1112 538 1189 censum
564 1111 735 1189 Romanis
759 1116 983 1210 solvendum,
1018 1119 1112 1217 qood
1138 1118 1286 1193 Camero
1306 1118 1379 1217 jam
1397 1118 1524 1195 obser·.

299 1212 418 1302 vavit,
446 1230 482 1285 et
509 1211 558 1284 Cl.
585 1212 765 1286 Burmann.
790 1213 828 1286 in
852 1217 1022 1291 Harmon.
1050 1237 1073 1289 t.
1099 1217 1126 1289 1.
1151 1216 1194 1289 ad
1219 1218 1326 1292 Mart.
1353 1215 1457 1292 dodle
1476 1238 1517 1295 et

297 1310 416 1384 multis
442 1304 711 1398 demonstravit,
751 1310 915 1406 equidem
946 1336 1018 1386 non
1043 1312 1302 1402 dubitaverim,
1335 1337 1435 1404 cum,
1465 1337 1516 1406 ne

298 1406 365 1486 alia
390 1426 604 1491 memorem,
629 1408 745 1494 ratio,
775 1432 878 1503 quare
897 1408 1053 1481 Christus
1077 1409 1113 1480 id
1130 1432 1203 1480 non
1226 1405 1363 1482 necelie
1383 1410 1519 1496 habeat

296 1503 452 1590 solvere,
486 1498 687 1593 afiliotione
709 1503 783 1599 ejus
809 1503 942 1599 petita,
978 1527 1052 1576 non
1075 1504 1323 1595 concluderet,
1355 1505 1420 1579 nist
1446 1505 1513 1580 tri·

294 1600 418 1673 butum
445 1596 489 1669 ad
515 1595 712 1690 Jebovam‚
739 1598 838 1694 cnjus
853 1601 949 1696 filius
976 1618 1073 1690 erat,
1105 1598 1287 1696 spetlaret.
1338 1603 1518 1680 Attamen

294 1693 380 1767 binc
403 1715 469 1787 pro
493 1703 592 1766 certo
617 1692 783 1789 colligere
808 1717 881 1767 non
906 1692 1033 1785 ausim,
1059 1695 1173 1770 casum
1198 1696 1294 1769 hunc
1321 1695 1513 1794 contigiffe

294 1813 367 1862 uno
391 1786 509 1861 mense
543 1808 580 1860 er
607 1788 740 1884 aliquot
765 1790 887 1864 diebus
910 1811 992 1863 ante
1018 1791 1178 1866 ultimum
1204 1787 1335 1866 Christi
1360 1794 1510 1888 pascha,

291 1884 451 1981 adeoque
469 1883 608 1974 omnia,
631 1909 718 1980 quae
742 1905 812 1960 tres
829 1887 1018 1982 Euangel,
1038 1887 1193 1978 Matth.,
1212 1890 1326 1979 Marc.
1345 1908 1383 1961 et
1397 1892 1512 1991 Luc,

294 1999 436 2056 narrant
469 1981 513 2053 ab
547 2004 592 2053 eo
627 2000 790 2075 tempore
827 1980 1011 2072 accidiffe,
1052 1982 1241 2077 intratam
1265 1987 1374 2059 breve
1400 1985 1509 2081 spati·

291 2079 372 2165 tim,
406 2077 508 2150 unius
536 2095 594 2150 aot
626 2076 776 2151 duorum
803 2076 992 2168 mensium,
1035 2076 1127 2153 falla
1160 2079 1248 2153 elle:
1282 2099 1321 2153 ut
1346 2081 1402 2156 ct·
1420 2084 1510 2178 Bur-¹¹

290 2194 382 2247 man.
416 2173 624 2262 contendit,
664 2193 700 2245 et
728 2174 835 2248 ineo
868 2195 980 2256 totam
1009 2174 1100 2247 suam
1134 2171 1514 2280 fondatharmoniam

288 2269 386 2344 istius
407 2271 501 2343 anni.
552 2268 715 2343 Traditio
735 2270 962 2360 Talmudica,
988 2294 1075 2367 quae
1103 2269 1219 2345 Mensr
1239 2270 1354 2357 Adur,
1409 2271 1509 2346 roxi-

289 2390 350 2441 rno
378 2384 461 2438 anre
483 2363 616 2454 Nisan,
649 2363 686 2438 in
712 2391 816 2463 quem
843 2366 971 2444 Pascha
996 2365 1144 2455 incidit,
1178 2367 1299 2440 cenius
1322 2295 1510 2443 coliettio

286 2487 368 2539 nem
395 2460 499 2535 unice
523 2461 672 2559 adligat,
698 2462 817 2536 nescio
843 2486 947 2559 quarn
971 2485 1054 2537 vera
1077 2461 1137 2551 sit,
1165 2484 1381 2558 quantaeque
1403 2483 1510 2538 auto·

286 2557 421 2647 uitatis:
466 2555 544 2630 fieri
571 2557 711 2654 potuit,
752 2578 861 2632 uteo
897 2558 1016 2631 mense
1038 2558 1250 2633 Semi-siclus
1278 2558 1386 2633 fuerit
1412 2559 1508 2653 Hie·

286 2655 494 2750 tosolymam
527 2652 706 2729 transsatos
737 2678 758 2728 a
789 2653 1035 2729 colleuoribus
1069 2655 1236 2751 publicis,
1259 2654 1320 2728 :ad
1355 2655 1392 2728 id
1419 2678 1509 2736 cou-¹

286 2751 437 2841 stitutis‚
464 2774 543 2824 cum
561 2750 706 2846 pascha,
729 2752 883 2846 primum
902 2751 982 2825 anni
1007 2748 1153 2843 festum,
1179 2748 1342 2840 instaret,
1367 2752 1427 2846 sed
1440 2777 1507 2828 an·

265 2866 363 2937 tea,
388 2867 425 2920 et
452 2870 516 2943 per
536 2865 656 2919 totum
680 2869 832 2937 annum,
857 2846 964 2928 variis
989 2848 1128 2920 vicibus
1152 2872 1233 2921 euni
1252 2871 1324 2920 non
1349 2844 1506 2948 potuiffe

282 2944 428 3039 seponi,
460 2963 520 3015 aut
544 2943 684 3037 colligi,
721 2964 791 3015 non
820 2944 1149 3028 ausim-adfirmare,
1183 2943 1260 3028 sed,
1289 2941 1313 3016 fi
1339 2945 1395 3017 vel
1419 2967 1509 3021 vera

283 3040 379 3114 foret
405 3038 568 3125 traditio,
614 3036 770 3111 nondum
797 3039 927 3135 liquet,
971 3038 1145 3113 Christum
1171 3063 1215 3110 eo
1252 3040 1371 3112 mense
1393 3036 1503 3113 -fuiffe

283 3137 660 3222 deeoudmonitun13
694 3158 773 3208 cum
799 3136 905 3209 variis
930 3135 1024 3209 enim
1052 3135 1089 3207 in
1108 3134 1202 3208 locis
1226 3134 1394 3230 degeret,
1427 3135 1503 3208 col·

281 3233 456 3322 lectores,
473 3291 480 3319 ,
498 3258 579 3309 eum
603 3256 697 3305 nunc
726 3233 958 3328 capernaomi
993 3230 1243 3323 offendente-s,
1275 3239 1503 3330 quocunque

286 3329 566 3421 anni‘ltempore
591 3350 668 3399 eam
700 3327 940 3419 quaestionem
973 3326 1091 3397 facere
1121 3343 1305 3420 poterant3
1347 3324 1504 3411 maxime

281 3446 362 3495 curn
382 3445 466 3494 ‘non
499 3418 640 3494 directe·
664 3422 706 3492 ab
739 3444 785 3491 eo
817 3418 992 3516 exigant,
1032 3439 1194 3516 tanquam
1230 3440 1391 3519 tempore
1425 3414 1504 3497 fixo

282 3540 376 3593 nunc
407 3515 630 3603 soluendum,
668 3514 725 3588 sed
752 3534 881 3610 rogent
914 3517 951 3588 in
973 3539 1115 3613 ¹genere
1146 3540 1229 3589 num
1247 3543 1324 3609 ,non
1360 3516 1502 3602 soluat?

280 3614 479 3686 dubitantes
511 3611 655 3685 numid
689 3633 838 3706 unquam
872 3611 1011 3687 fecerit.
1059 3614 1252 3687 Potuerunt
1288 3616 1406 3712 itaque
1436 3637 1502 3686 ro·

327 3708 394 3794 lle,
436 3731 519 3780 num
552 3729 622 3780 non
658 3707 719 3780 suo
751 3723 913 3804 ternpore
937 3707 1120 3806 aliquando
1151 3708 1188 3783 id
1226 3708 1378 3784 fecerit?
1419 3707 1502 3812 Quas

278 3735 324 3882 qq
349 3828 386 3875 re
414 3802 579 3900 quicquid
608 3802 668 3892 stt,
686 3872 693 3885 ,,
708 3801 813 3879 nimis
839 3804 1075 3899 magnamibi
1100 3804 1242 3898 videtur
1266 3802 1431 3900 itiner-uin
1457 3802 1499 3882 ee

280 3901 483 3999 gestorum,
506 3903 549 3973 'rib
574 3897 832 3994 Euangelistis„-
866 3898 903 3972 in
931 3900 1060 4008 primis
1093 3901 1223 3988 Inuca,
1249 3900 1497 4003 narratorum,

277 3995 404 4090 eopia,
430 4004 532 4090 'quam
559 4010 601 4069 ut
626 3998 830 4075 tam-breve
857 3996 1006 4092 spat-rum
1030 3997 1074 4070 iis
1094 3997 1255 4091 *sufficiat
1284 4000 1498 4097 ¹Praeterea

277 4106 442 4188 oportet.
472 4093 543 4184 jam
568 4089 639 4178 bis,
665 4089 753 4164 festo
782 4093 1125 4181 Tabernacolorum,
1151 4114 1188 4165 et
1206 4086 1497 4191 -Encteniorum,

277 4210 318 4266 ut
352 4209 396 4260 ex
428 4187 509 4282 ζωὴ.
535 4205 653 4280 patet,
687 4206 768 4260 ante
794 4187 1022 4275 adscenderit
1050 4187 1216 4273 Hierofol
1242 4210 1354 4275 marn,
1389 4212 1495 4284 quam

278 4285 339 4362 hit·
363 4281 458 4356 casus
485 4282 714 4377 Capernaomi
741 4286 956 4379 contigerit:
991 4284 1189 4377 quodcum
1260 4283 1348 4356 atrb.
1368 4300 1413 4354 et
1436 4306 1494 4356 re·

275 4379 379 4487 liquit
401 4382 570 4477 tunger.
595 4377 660 4457 virt
684 4378 865 4484 eonciliuri
889 4379 1032 4481 potest,
1068 4380 1209 4482 quippe¹
1224 4378 1291 4482 qui
1312 4375 1497 4552 Christutq

275 4506 279 4513 '
337 4542 345 4555 .
904 4550 909 4560 ,
1452 4498 1471 4553 8
