3609 5500
401 748 479 839 to
529 736 594 819 -1
799 734 945 839 noma
967 736 1098 841 noos,
1124 736 1239 845 onya.
1311 780 1317 785 -

408 913 646 997 oblationibus
674 913 862 995 defunctos
891 918 929 995 in
960 921 1031 997 fide
1062 922 1258 1012 decernite,
1300 938 1340 997 et
1364 934 1430 1022 pro
1453 915 1593 997 menbrit

411 1012 610 1122 Ecclefiae,
634 1012 694 1087 sed
709 1017 982 1113 triumphantis,
1007 1020 1152 1111 haberi,
1177 1018 1266 1092 adeo
1282 1038 1457 1094 uteorum
1479 1040 1594 1114 quoque

409 1110 583 1200 nomine,
626 1128 789 1207 tanquam
812 1113 998 1203 vivorum,
1023 1138 1177 1188 'munera
1204 1114 1417 1205 obtulerint,
1459 1112 1596 1210 quemad·

408 1206 554 1283 modum
588 1206 773 1283 credentes
802 1210 846 1283 ad
878 1210 1122 1284 eucharistiam
1156 1213 1238 1284 dora
1268 1211 1504 1286 conferebant.
1551 1210 1598 1281 De

435 1326 482 1379 uo
504 1325 600 1376 mox.

459 1396 492 1499 l.
515 1398 645 1473 xcnt
687 1398 778 1475 Non
800 1424 846 1474 eo
871 1401 939 1475 hae
962 1422 1088 1497 preces
1118 1422 1156 1477 et
1179 1399 1380 1477 oblationes
1403 1398 1592 1487 tendebant,

415 1512 458 1567 ut
479 1495 618 1568 animae
641 1515 688 1567 ex
712 1498 920 1594 purgatorio
943 1498 1194 1589 liberarentur,
1237 1496 1333 1595 quod
1361 1518 1435 1570 non
1464 1494 1521 1567 nisa
1548 1494 1607 1566 diu·

410 1588 513 1685 post,
536 1590 705 1686 dogmate
727 1591 791 1665 illo
814 1591 1183 1683 introdufl0,'seculit
1207 1592 1449 1691 ignorantiae,
1475 1590 1593 1685 coepit,

410 1686 474 1760 sed
499 1708 532 1761 1.
563 1702 605 1758 ut
625 1688 914 1763 communionem
950 1686 1044 1761 luam
1076 1712 1156 1763 curn
1186 1688 1362 1763 defunctis
1394 1712 1466 1761 non
1497 1685 1592 1757 ccll'al·

408 1780 471 1875 se,
502 1781 669 1878 suumque
692 1805 848 1857 amorem
873 1806 958 1880 erga
988 1806 1050 1857 eos
1071 1783 1301 1875 continuare,
1337 1780 1592 1858 testificaremur.

408 1899 449 1953 a.
472 1878 608 1951 Eosin
633 1877 808 1953 Ecclellae
828 1878 900 1953 fide
920 1876 1006 1953 elle
1027 1899 1206 1968 mortuos,
1247 1880 1351 1961 ac-in
1377 1902 1463 1975 pace
1489 1880 1613 1963 viror,

407 1970 857 2079 declaratum-offerendo
883 1995 1027 2062 eorum,
1060 1994 1223 2071 tauquam
1244 1980 1438 2064 viventium,
1462 1973 1594 2045 nomine.

407 2090 447 2164 ,3.
472 2068 555 2141 Deo
571 2086 724 2165 gratias,
762 2090 830 2163 pm
853 2068 955 2143 curso
969 2070 1076 2149 ¹vitae
1100 2072 1239 2144 illorum
1264 2070 1424 2145 feliciter
1446 2067 1590 2166 peraeto,

357 2178 361 2183 ’
405 2180 651 2357 diffini
665 2162 1592 2356 *Quallllur‘dilttllalllztlr

405 2308 413 2319 .
661 2312 674 2347 ‚
1583 2308 1592 2330 ,

407 2380 445 2449 5.
470 2360 550 2429 Irno
564 2374 702 2449 partem
718 2355 756 2427 in
773 2357 887 2450 prima
905 2316 1182 2447 iesurredlione,
1205 2356 1242 2430 in
1261 2378 1375 2453 regno
1400 2354 1590 2438 millenario,

408 2450 599 2526 secundum
624 2450 775 2523 Tertull.
799 2452 822 2524 l.
840 2458 901 2539 ‘c.,
926 2451 970 2524 iis
994 2452 1186 2540 concedat,
1200 2461 1247 2528 .6.
1271 2454 1329 2525 Etr
1354 2450 1532 2526 universali
1552 2448 1591 2519 ul·

408 2544 490 2622 timi
509 2542 636 2639 judicii
659 2543 763 2638 igne,
801 2568 1055 2641 quemnmnes
1081 2546 1224 2621 tranlire
1247 2547 1402 2638 debent,
1433 2546 1508 2639 cito
1526 2543 1595 2617 libe·

406 2660 586 2728 mentua,
624 2636 813 2713 secundum
843 2642 953 2715 clem.
977 2642 1089 2717 Alex.
1123 2646 1252 2718 strom.-
1279 2644 1348 2717 Vl:
1379 2666 1457 2733 14.,
1488 2661 1523 2715 et
1542 2638 1591 2711 ali·

405 2767 451 2817 or
484 2738 573 2814 Vet.
634 2733 733 2813 Alias
767 2734 919 2812 rationes
963 2734 1054 2810 dabo
1094 2739 1131 2812 in
1164 2737 1234 2834 seq.
1276 2738 1338 2813 suo
1379 2738 1470 2813 loco.
1520 2731 1591 2809 Vid.

406 2853 549 2939 praeter
573 2831 667 2908 alios·
681 2830 912 2908 Hildebrand.
943 2833 988 2907 de
1013 2836 1088 2909 Vct.
1120 2837 1353 2921 oblationibus,
1395 2850 1429 2906 er
1450 2834 1594 2929 precibus,

405 2957 475 3108 iii
498 2927 698 3023 defunctis,
727 2947 765 3004 et
788 2927 1015 3006 Chemnicius
1036 2930 1198 3007 Examin.
1230 2929 1358 3006 concil.
1388 2929 1541 3004 Trident
1560 2949 1591 3022 p.

407 3075 423 3178 ι.
452 3126 485 3232 ᾗ
509 3121 644 3197 XCIV.
671 3117 731 3193 Ad
753 3139 937 3196 externam
960 3083 1105 3219 precum
1117 3123 1266 3218 formam
1291 3123 1450 3219 pertinet
1459 3111 1592 3215 r..qu⁰d

283 3290 286 3295 -
404 3243 480 3306 non
494 3216 668 3328 [⁶4⁶an
691 3211 774 3286 sed·
804 3215 1046 3312 enuflellentes,
1078 3221 1196 3316 paffim
1222 3217 1372 3310 omnint,
1413 3217 1471 3294 sed
1491 3213 1590 3288 diebus

250 3408 254 3414 ‘
404 3319 627 3396 Domrmcrs,
651 3309 751 3417 etaP
784 3312 938 3386 chatead
953 3315 1206 3405 Pentecosten,
1223 3314 1377 3412 stanter:
1393 3312 1505 3414 soffia,
1519 3327 1589 3380 tan·

403 3434 509 3513 quam
534 3404 665 3482 nimiae
689 3408 939 3504 urreverentiae
963 3411 1117 3510 signum,
1141 3411 1382 3486 communiter
1401 3414 1470 3486 fuit
1490 3405 1601 3500 inpro-

402 3515 505 3597 bata,
543 3501 632 3577 teste
657 3495 806 3577 Tertull.
832 3504 878 3578 de
911 3524 996 3582 orat.
1028 3532 1059 3583 c.
1089 3532 1145 3584 12.
1194 3505 1455 3603 Genofleuionem
1486 3504 1520 3576 in
1541 3495 1592 3572 usu

402 3599 616 3694 fuifl‘e,'.vel
639 3596 722 3671 inde
747 3596 880 3694 liquet,
913 3604 1005 3698 quod
1029 3605 1137 3678 certis
1159 3602 1281 3676 diebus
1305 3603 1454 3699 adligata
1477 3611 1595 3672 tantun

400 3693 660 3780 fuerit-statim
699 3709 740 3768 ut
769 3695 1004 3774 mordicum.
1055 3701 1116 3774 Sic
1129 3718 1180 3772 ..et
1204 3698 1282 3772 uus.
1310 3699 1358 3772 H.
1386 3699 1433 3771 V:
1459 3717 1492 3784 5.
1523 3709 1592 3763 cum

399 3792 530 3873 milites
551 3787 765 3864 Christianos
797 3791 835 3864 in
860 3793 1019 3868 exercitu
1045 3794 1164 3868 Marci
1189 3793 1324 3868 Aurelii
1351 3815 1460 3888 genna
1476 3781 1591 3898 flealfff

398 3894 439 3970 in
463 3885 628 3986 precibus
655 3885 837 3975 narrallet,
870 3888 999 3986 addit,
1017 3913 1134 3963 morem
1159 3888 1254 3963 illurn
1279 3888 1379 3962 fuille
1403 3883 1590 3961 Christianus

389 3991 544 4091 sumum:
587 4003 692 4077 quare
711 3990 895 4076 ymmo&
923 3984 1105 4082 genuflexio
1135 3982 1205 4057 fuit
1235 3985 1403 4080 adpellata
1437 3975 1589 4078 precatio.

396 4083 604 4162 Habebatnr
627 4101 695 4173 pro
711 4077 810 4174 figno
828 4079 1066 4175 profundiorlr
1088 4079 1367 4252 hungliationis,
1392 4079 1495 4150 etiarn
1510 4074 1585 4168 syn·

393 4183 477 4260 bolo
501 4173 611 4275 lapsus
642 4169 810 4275 nostrlin
840 4197 1010 4274 peccata,
1058 4174 1163 4253 secun
1191 4201 1251 4254 um
1272 4161 1588 4329 Pseudo-Just&
