3609 5500
235 424 1674 704 u

1190 745 1192 755 ι

393 776 432 787 ια,

1709 818 1719 826 a

773 893 896 999 dicul.
920 901 1023 996 nr..
1068 898 1132 971 *zl'
1437 917 1520 1034 lh?

285 1108 331 1203 ge
355 1078 544 1177 inferiores
564 1079 661 1175 illo
682 1115 719 1174 et
747 1097 882 1197 Spiritu
908 1100 966 1193 S.,
998 1119 1066 1176 nec
1089 1097 1199 1201 ipfatn'
1222 1089 1300 1181 Dei
1320 1091 1524 1190 alentiam.

285 1199 555 1299 participantes,
592 1219 659 1271 nec
684 1218 729 1271 ex
756 1217 798 1270 ea
824 1216 937 1285 ortas,
969 1219 1091 1270 verum
1118 1222 1139 1271 e
1164 1204 1311 1276 materia
1336 1207 1524 1299 coelelli,÷

312 1306 376 1370 uae
409 1293 592 1368 lithstantia
616 1294 687 1367 Dei
721 1291 929 1387 adpellatur,
973 1311 1143 1389 quatenus
1168 1296 1251 1391 ejus
1281 1299 1423 1395 inperio
1451 1303 1549 1389 elit-³¹

285 1322 453 1488 iirbjec'la·
500 1409 534 1480 5.
561 1389 868 1487 Hunc.Spiritum
903 1405 1029 1484 purum
1064 1411 1144 1463 cum
1176 1391 1366 1471 lubstantia-
1393 1418 1507 1476 mate<

285 1487 384 1577 riali,
410 1488 467 1561 seu
493 1485 704 1559 tuntilffima
729 1483 897 1559 materiae
920 1506 1040 1580 parte,
1065 1509 1152 1580 qnae
1171 1488 1278 1563 altera
1305 1491 1355 1565 est
1382 1494 1420 1568 in
1437 1495 1525 1567 ho¹-'¹

288 1584 386 1660 mine
412 1585 544 1670 anima,
578 1607 598 1656 a
622 1580 800 1677 spirituali
827 1577 1009 1670 distincta,
1042 1582 1263 1679 conjundlam
1289 1586 1527 1664 constituero·

288 1698 449 1756 mentem
470 1696 505 1752 et
531 1679 680 1752 animam
706 1675 743 1748 in
770 1675 937 1764 homine,
977 1700 1086 1789 quac,
1148 1700 1262 1754 raeter
1285 1683 1505 1761 intelleetum

290 1793 334 1851 et·
353 1776 591 1863 voluntatem,
628 1772 735 1849 hahet
759 1773 955 1869 adpetitum
980 1773 1118 1848 trascib'
1133 1798 1197 1848 em
1214 1797 1252 1850 et
1278 1780 1524 1877 concupi-teia·
1576 1798 1596 1812 ·’

289 1871 421 1959 bilem,
446 1868 504 1944 seu
520 1869 767 1943 inclinationes
782 1868 970 1960 naturales,
994 1869 1134 1943 homini
1152 1873 1321 1968 proprias.
1366 1884 1399 1951 ό.
1418 1880 1525 1954 Pet·-

289 1981 408 2044 catum
443 1965 614 2060 originale
647 1962 718 2039 elle
749 1965 906 2039 naturale
936 1982 974 2039 et
999 1963 1248 2058 necessarium,
1292 1972 1524 2069 consequen&

288 2060 476 2151 materiae,
500 2082 578 2134 cum
604 2059 738 2159 Spiritu
765 2060 904 2135 unitae:
937 2059 1009 2136 stne
1032 2083 1098 2231 oua
1123 2063 1256 2160 unione
1284 2088 1366 2141 curn
1396 2059 1527 2144 nonai

292 2171 366 2235 no'n
389 2155 449 2245 fit,
489 2175 675 2254 peccatum
707 2155 791 2232 inde
817 2154 1009 2248 necessario
1057 2153 1142 2231 uiffe.
1161 2177 1307 2235 ortum:
1324 2227 1328 2233 .
1348 2163 1507 2262 adeoque
1516 2182 1526 2244 ¹,

290 2254 452 2352 spiritum
478 2277 549 2327 non
571 2274 740 2353 peccare,
764 2250 828 2326 nist
852 2249 1023 2329 violentia
1046 2252 1538 2363 paffionum.c0mpulsum;·.;

292 2351 364 2427 effe
388 2369 506 2424 tamen
532 2350 697 2439 liberum,
724 2366 760 2421 et
784 2348 947 2423 libertate
970 2350 1089 2439 abuti,
1116 2350 1209 2446 quod
1235 2354 1343 2430 malae
1368 2355 1524 2433 animae·

293 2463 389 2535 non,
423 2443 476 2518 uti
501 2444 638 2544 potest,
671 2442 814 2519 resistat.
862 2465 896 2539 7.
921 2443 1073 2518 Salutem
1099 2444 1372 2543 itaquefrnentis
1400 2453 1438 2532 in
1462 2452 1518 2531 li..

294 2538 505 2630 beratione,
529 2563 575 2628 ,ae
598 2538 865 2640 purificatione,
897 2563 918 2615 a
940 2540 1086 2616 materia
1111 2540 1183 2618 elle
1207 2542 1325 2636 fitam,
1357 2566 1446 2645 quae
1469 2548 1528 2624 iu'·

292 2639 365 2713 hae
387 2633 461 2713 vita
487 2637 616 2735 incipit
640 2635 781 2725 inillis,
807 2636 866 2732 qui
890 2636 1025 2734 gratia,
1050 2636 1226 2714 aChristo
1248 2642 1385 2737 oblata,
1407 2642 1537 2729 recte»

293 2745 460 2827 mutatur,
499 2729 559 2808 sed
585 2730 837 2831 postmortem
906 2732 1071 2832 rgradut
1093 2733 1371 2828 consummatur,
1412 2735 1526 2837 prio-L

240 2910 241 2913 ,
292 2853 370 2908 rem
395 2830 435 2906 in
457 2827 577 2922 Luna,
599 2825 832 2928 posteriorem
857 2851 895 2903 rn
915 2831 1020 2918 Sole3
1046 2828 1127 2926 quia
1151 2829 1208 2907 illa
1231 2830 1283 2908 est
1313 2835 1524 2935 udesspu:

294 2926 405 3017 ritus,
443 2921 507 2998 hic
529 2945 618 3000 vero
644 2920 786 3000 Christi.
839 2931 872 3005 8.
897 2922 1071 2998 Christum
1098 2925 1193 3000 inter
1219 2948 1256 3002 et
1284 2930 1406 3098 ssehtm
1437 2931 1522 3007 effe·

295 3018 599 3119 distinguendum,
638 3021 730 3095 illam
753 3017 823 3094 elle
847 3018 1105 3096 emanationem
1137 3019 1259 3096 summi
1323 3024 1357 3099 ei
1383 3046 1421 3101 et
1446 3030 1522 3104 Pae

295 3119 382 3209 trit,
422 3119 505 3190 lanc
526 3139 616 3192 vero
638 3138 804 3206 aeonem,
843 3115 1024 3191 hominem
1057 3113 1210 3210 primum
1235 3138 1273 3193 et
1297 3121 1525 3212 coelestem,-

293 3216 409 3294 stlium
434 3211 554 3288 matris
575 3211 692 3302 vitae,
717 3212 777 3286 seu
801 3211 938 3286 animae
965 3210 1189 3305 universalis,
1220 3213 1300 3310 qui,
1334 3216 1406 3291 sese
1429 3216 1524 3294 mis-a

298 3309 415 3402 tendo
440 3309 625 3398 materiae,
649 3307 701 3385 ibi
725 3306 868 3405 reliquit
889 3325 1048 3404 partem,
1074 3311 1218 3384 animant
1241 3308 1390 3403 dictam,
1406 3320 1526 3414 ¹quaer.

299 3404 352 3484 est
374 3402 470 3504 Jelut
494 3399 666 3481 terrestris
690 3423 728 3479 et
755 3403 913 3502 patient,
951 3402 1013 3479 seu
1037 3401 1221 3501 substantia
1255 3405 1419 3484 coelestis
1444 3432 1522 3509 per.

298 3522 413 3580 totam
445 3525 560 3577 rerunt
591 3518 752 3576 naturam
774 3498 896 3595 sparsa.
944 3521 979 3591 9.
1005 3501 1153 3576 Carnem
1187 3524 1261 3576 non
1293 3501 1397 3581 fuille
1430 3523 1532 3597 cumr,
1566 3582 1569 3589 ,

299 3597 441 3676 Christo
474 3621 560 3675 vere
585 3597 738 3686 unitam,
781 3596 840 3670 sed
869 3595 1116 3691 specietenus
1149 3616 1306 3690 tanturn,
1347 3623 1385 3676 et
1407 3602 1444 3678 in
1469 3629 1521 3680 eo

299 3697 323 3774 l'
343 3695 420 3768 etie
452 3692 662 3771 crucifixum
691 3691 762 3769 effe
797 3690 986 3768 Christum.
1042 3716 1099 3766 10.
1132 3694 1219 3767 Eum
1252 3694 1321 3766 elle
1356 3716 1523 3788 autorem,

251 3850 255 3857 .
316 3788 436 3879 alutis,
467 3807 639 3884 quatenus
661 3813 782 3865 veram
805 3787 906 3865 dedit
929 3786 1001 3861 Dei
1026 3785 1212 3880 notitiam,
1242 3787 1337 3861 viam
1362 3792 1404 3864 ad
1430 3815 1517 3888 per«

301 3882 495 3962 lectionem
516 3882 661 3974 docuit,
701 3904 740 3958 et
764 3882 919 3957 suavita
943 3879 1169 3970 monstravit,
1205 3884 1360 3994 exempli
1392 3885 1518 3963 innan

301 3977 566 4060 Perfelilionem
596 3998 685 4052 vero
718 4000 783 4076 per
806 3975 1045 4053 omnimodam
1075 3977 1191 4052 carnis
1222 3979 1525 4078 crucifixionem,.f

301 4079 441 4156 animae
464 4076 593 4165 malae,
619 4072 822 4163 sentientis,
846 4091 884 4147 et
907 4067 1207 4170 concupiscentis,
1241 4078 1489 4175 repreffionem
1499 4115 1522 4171 ,1

301 4173 459 4273 acquiri;
484 4172 641 4266 adeoque
655 4171 700 4244 ab
715 4170 813 4246 omni
828 4191 954 4260 carne,
978 4166 1088 4259 vino,
1114 4187 1152 4242 et
1167 4196 1320 4262 venere,
1339 4190 1376 4248 et
1397 4175 1525 4251 simili-t

302 4275 366 4349 bus
390 4268 630 4345 abstinendum
662 4265 753 4345 elle:
793 4265 852 4340 sed
878 4264 972 4362 quod
995 4264 1042 4338 ’in
1076 4267 1199 4343 Elellt's
1223 4269 1524 4350 Manichaeorum:
1558 4314 1561 4320 ,

302 4370 377 4536 lese
402 4366 535 4466 magis,
568 4385 671 4467 quatu
692 4362 738 4449 iu*
755 4364 967 4560 nulgaYrt‘ylngty,
987 4357 1143 4554 densent.
1192 4386 1251 4446 at.
1274 4367 1529 4563 Motum&
