3609 5500
682 935 727 1005 ·'·'
760 929 1003 1022 ''sicut-1.
1047 923 1050 930 ’
1424 909 1513 1024 lif

286 1145 346 1222 qne
366 1145 495 1200 nomeu
521 1123 707 1214 dederint3
744 1117 843 1199 libris
867 1139 1005 1222 quoque
1033 1119 1121 1215 suis,
1154 1119 1213 1221 qui
1239 1119 1386 1224 ingente
1411 1079 1491 1225 pre·

288 1225 334 1294 tio
355 1224 478 1297 venire
506 1223 684 1310 solebant,
708 1220 908 1295 combustis.
957 1220 1063 1322 Quod
1089 1221 1224 1294 nemini
1243 1244 1370 1295 mrrurn
1397 1227 1498 1298 acci··

286 1318 353 1407 dat,
376 1329 456 1391 curn
471 1319 629 1415 Ephesus
644 1319 712 1392 hac
728 1338 827 1414 parte
846 1315 955 1390 fuerit
978 1317 1128 1407 limosa,
1154 1317 1211 1389 vel
1227 1319 1365 1391 Litteris
1383 1320 1490 1416 Epire·

280 1413 350 1506 siis,
371 1412 465 1508 apud
488 1415 677 1511 scriptores
700 1411 904 1502 celebratis,
947 1410 1101 1486 testibus.
1150 1412 1273 1486 Crevit
1310 1413 1425 1510 itaque
1452 1436 1491 1491 et

306 1509 469 1584 uenaluit
496 1511 548 1584 ibi
571 1510 672 1585 valde
684 1508 795 1603 sermo
818 1509 973 1596 Domini,
1013 1506 1094 1582 Au.
1121 1508 1220 1582 xlx:
1248 1530 1305 1582 20.
1329 1510 1386 1584 sed
1413 1509 1490 1585 ido-

286 1535 410 1679 ihtras
431 1603 529 1679 srmul
552 1606 641 1678 adeo
666 1606 840 1692 irritavit,
881 1622 919 1677 ut
949 1603 1074 1700 ingens
1105 1603 1213 1676 fuerit
1239 1623 1316 1677 orta
1338 1603 1488 1699 seditio,

287 1699 465 1776 Demetrio
482 1702 632 1797 quodam
650 1700 849 1795 argentario
866 1699 1084 1773 occasionem
1101 1701 1305 1794 praebente.
1347 1702 1380 1774 ls
1395 1701 1491 1775 euim

290 1819 377 1886 curn,
402 1796 542 1886 Diana,
566 1798 646 1868 Dea
661 1794 915 1891 Ephesiorum,
940 1794 1038 1890 cujus
1062 1798 1194 1869 aedituo
1219 1815 1293 1868 erat
1316 1797 1493 1893 Ephesus,

291 1914 446 1989 qurrentrs
469 1892 521 1986 ibi
554 1891 777 1986 peculiariter
808 1892 1006 1979 colebatur,
1047 1907 1085 1963 et
1117 1893 1217 1964 coelo
1249 1891 1423 1989 delapsum
1448 1894 1489 1968 st·

293 1990 468 2064 mulacrum
494 1986 758 2077 adservabatur,
799 2009 841 2058 uo
862 1986 935 2059 ludi
966 1985 1003 2059 in
1030 1983 1202 2060 honorem
1220 1988 1320 2060 Deae
1338 1991 1491 2065 celebra·

295 2086 424 2174 buntur,
449 2081 489 2156 in
504 2100 713 2156 contentum
731 2079 896 2163 adduota,
922 2081 978 2155 uti
995 2104 1060 2179 per
1083 2082 1176 2156 Pauli
1195 2081 1386 2157 conciones
1411 2085 1491 2160 lieri

295 2177 1371 2370 lulli²‘tls‘ffl‘tulli?ltpillllolltlssr
1385 2182 1492 2350 ill·

888 2321 900 2358 9
1197 2329 1206 2360 s
1478 2319 1492 2335 ·

300 2372 354 2444 cari
373 2330 504 2458 solic’is,
546 2321 731 2464 perderet,
767 2370 970 2465 operarios,
1017 2368 1100 2441 inde
1136 2368 1269 2443 vicium
1302 2370 1362 2442 libi
1396 2389 1491 2445 conr·

295 2485 438 2562 pnrunoes
465 2463 584 2550 suum,
617 2466 812 2555 excitavit3
845 2484 883 2539 et
907 2488 972 2559 per
1007 2487 1068 2538 eos
1090 2482 1199 2537 rotant
1226 2467 1347 2540 urbem
1372 2464 1410 2540 in
1438 2487 1493 2542 tu·

293 2565 424 2638 multum
456 2560 635 2654 conjecit,
670 2560 721 2633 ita
745 2580 785 2633 ut
810 2560 847 2633 in
868 2560 964 2633 Pauli
998 2558 1111 2633 socios
1144 2559 1416 2653 insurrexerint,
1458 2582 1498 2640 et

291 2656 446 2734 seditiosis
482 2656 690 2729 clamoribus
730 2677 851 2752 magna
885 2653 1094 2753 Eplttſstrum
1125 2656 1259 2731 Diana!
1308 2659 1427 2734 omnia
1451 2659 1492 2737 in

292 2752 443 2831 summam
478 2752 701 2847 conjecerint
730 2752 990 2827 confufiouem:
1031 2754 1158 2843 Paulo,
1206 2778 1226 2828 a
1261 2755 1493 2832 credentibus

295 2867 535 2937 uunsnntttm,
567 2849 626 2922 sed
654 2867 691 2920 et
718 2847 799 2943 ipsis
825 2847 1019 2937 Auarcnis,
1060 2849 1118 2921 seu
1145 2850 1286 2924 summis
1311 2851 1497 2928 sacerdoti·

296 2944 362 3039 bus,
384 2967 536 3043 quorum
561 2966 648 3017 unus
675 2966 819 3018 munere
844 2944 1076 3040 fungebatur,
1103 2945 1165 3018 alii·
1179 2970 1224 3019 eo
1240 2945 1352 3020 functi
1373 2969 1495 3039 eraut,

296 3040 411 3141 lequo
440 3061 589 3113 munere
606 3041 775 3135 legendus
792 3039 862 3129 est,
888 3056 1032 3136 praeter
1046 3041 1150 3128 alios,
1180 3040 1242 3114 ΕΖ.
1266 3041 1499 3137 spanhemius

294 3134 393 3213 Nutu.
419 3134 508 3211 Diu.
535 3134 638 3223 Xll.,
682 3132 745 3230 ipss
771 3133 989 3224 faventrbus,
1022 3134 1208 3230 inpedito,
1241 3134 1368 3225 nese,
1401 3137 1497 3233 quod

297 3234 443 3321 talebot,
459 3231 578 3400 populo
601 3233 716 3318 darer,
754 3252 841 3324 quae
854 3226 1047 3303 -Ciceronis
1069 3227 1199 3327 phralis
1220 3229 1292 3320 est,
1323 3230 1387 3306 hic
1408 3232 1499 3309 dici·

295 3342 344 3403 tur
361 3330 436 3405 dare
474 3330 555 3399 ein
582 3327 755 3400 tirrannum.

291 3466 294 3471 ·
327 3422 361 3537 ς.
384 3422 568 3499 CCXXV.
604 3422 686 3523 Quo
713 3422 883 3513 tumultu,
914 3420 975 3518 qui
998 3423 1188 3497 zelotarurn
1215 3421 1418 3535 religionis,
1459 3448 1498 3508 et

291 3518 564 3619 puncipiorum,
602 3518 727 3613 quibus
750 3539 920 3613 aguntur,
962 3518 1079 3592 vivam
1104 3522 1251 3615 praebet
1282 3527 1495 3623 rmaginem,

294 3616 533 3715 perscribam,
573 3637 642 3724 quo
669 3612 814 3687 nornine
839 3612 931 3711 apud
955 3616 1109 3689 Graecos
1134 3614 1195 3688 inst
1224 3618 1277 3690 nis
1311 3618 1497 3718 dignitatis

293 3730 325 3787 et
343 3710 500 3787 muneris
523 3705 591 3781 virt
616 3708 786 3799 veniunt,
810 3709 884 3783 vid.
909 3710 970 3784 Et.
997 3640 1435 3807 Spanhem.irum.·tom.
1462 3744 1495 3813 r.

289 3808 476 3907 prudenter
499 3803 640 3890 sedato,
672 3806 812 3893 Paulus,
844 3803 1022 3902 postquam
1055 3830 1183 3882 novern
1215 3806 1329 3883 adhuc
1362 3814 1497 3890 menies

286 3898 469 4079 ffigeffi
491 3899 696 4070 perMAsragu
719 3898 1137 4070 insiliaitiri‘ussemiiqid‘,
1154 3901 1381 4079 'inpetrldssiei
1412 3910 1494 3991 Ait,

285 4021 509 4173 staffili
534 4020 789 4187 12,ac1e3.⁰nEx
813 4021 1301 4169 Macedorii2¹in'uraiiiani
1326 4031 1497 4198 disgglist:

286 4193 419 4288 tresque
446 4184 582 4261 meuses
606 4208 760 4261 moratus
785 4184 858 4273 est,
900 4187 982 4262 Act.
1015 4190 1095 4263 XX:
1133 4213 1219 4263 1.-
1258 4196 1395 4288 quando
1455 4220 1496 4269 er

286 4285 559 4370 Macedoniarn,
583 4304 730 4391 propter
753 4282 890 4356 infidias
906 4283 1135 4377 Judaeorum,
1161 4284 1244 4361 ibid.
1272 4313 1304 4382 3.
1329 4289 1366 4361 in
1381 4220 1498 4368 Aliisne

285 4382 324 4485 le
341 4381 516 4477 contult,
542 4378 714 4478 Philippu
730 4379 986 4549 [οΙνεΠΙεζ-ζεηίῑ
1002 4381 1204 4475 Troadem,
1227 4383 1276 4460 ib.
1300 4404 1335 4476 5,
1362 4393 1394 4461 ό.
1415 4386 1497 4482 pau'.

357 4526 364 4545 ·
930 4497 954 4592 3
1443 4506 1506 4566 cor
