3609 5500
276 973 351 1059 see
403 985 410 1001 ·
661 963 809 1067 influe
840 965 974 1067 necue
995 965 1110 1070 cnut.

276 1147 345 1320 ppt
370 1142 537 1240 populum
569 1144 754 1242 placaret,
796 1150 974 1247 Ignatium
1007 1146 1151 1224 tradidit
1174 1144 1398 1246 puniendum
1428 1153 1495 1245 pui

316 1265 381 1320 tce.

328 1338 359 1439 ἦ.
385 1336 508 1411 CCIX.
541 1335 625 1409 Nec
646 1337 737 1412 aliud
761 1338 946 1416 serendum
969 1339 1022 1416 est
1049 1338 1223 1437 judicium
1250 1342 1297 1416 de
1332 1336 1495 1417 Tiberia*

279 1434 339 1527 ni,
378 1432 586 1508 Palaestinae
618 1433 753 1528 primae
785 1438 989 1531 praefesti,
1015 1436 1045 1510 E
1073 1435 1172 1511 istola
1201 1437 1245 1513 ad
1279 1438 1492 1534 Trajnnuur.

278 1558 299 1609 u
350 1530 550 1606 dMulalam
575 1531 595 1602 l.
619 1550 672 1618 c.,
700 1531 736 1601 in
754 1556 840 1627 qua,
865 1534 899 1638 se
918 1533 1023 1615 caede
1041 1463 1297 1625 galilaeorum,
1316 1532 1491 1629 secundm

312 1630 425 1726 rajenr'
440 1628 597 1699 inundate
614 1623 808 1721 occisorum,
828 1628 1059 1726 delutigetum
1078 1628 1147 1701 effe
1164 1630 1282 1705 tradit.
1332 1628 1489 1727 Spurium

278 1727 374 1802 enim
399 1721 468 1796 effe
492 1719 671 1819 epistolam
697 1723 786 1795 adeo
808 1723 964 1814 constat,
990 1741 1096 1797 utne
1121 1725 1285 1800 Ruinart.
1315 1725 1352 1798 ei
1385 1724 1484 1798 fidere

278 1821 388 1898 suerit
403 1816 512 1893 ausus.
539 1816 624 1891 Vid.
642 1818 803 1894 Dodwel.
823 1820 841 1893 l.
863 1845 894 1897 c.
917 1820 949 1920 d.
963 1841 1029 1913 223.
1064 1819 1133 1892 Sed
1147 1821 1230 1915 quid
1247 1820 1294 1895 de
1310 1817 1482 1917 Bithyuit,¹

277 1921 340 1995 sub
362 1912 465 1991 Plinii
485 1911 636 2023 iunioris
658 1915 926 2024 Proconsulatu‚
950 1915 1134 1989 dicemus?
1158 1916 1251 2026 quod
1267 1917 1483 2025 certislirnuu

182 2160 186 2168 .
277 2009 1484 2214 tltrt„tisilllrtrsttllgllttillirilliniri

280 2202 610 2290 monuissemus,
634 2222 751 2273 uanos
773 2224 934 2301 quoque,
958 2203 1000 2278 ud
1018 2199 1193 2278 Praesides
1217 2202 1376 2295 delatos,
1397 2221 1480 2276 mot·

279 2321 318 2378 te
341 2299 462 2373 aliisve
484 2296 609 2394 poenis
633 2294 832 2388 mulctator,
857 2320 929 2372 non
956 2300 1181 2393 negaverim,
1206 2298 1478 2410 persecutionem

305 2396 475 2483 oblicum,
500 2390 617 2466 minue
639 2414 660 2465 a
684 2391 839 2490 Trajano
862 2394 1100 2484 concitatam,
1123 2393 1276 2493 viguisse
1292 2394 1479 2492 neutiquam

276 2420 498 2575 intuendum
522 2486 585 2564 est.
639 2509 670 2562 r.
694 2487 824 2562 Plinius
847 2491 964 2580 euim,
1006 2488 1088 2585 quid
1121 2490 1295 2588 agendum
1320 2489 1363 2564 fit
1384 2485 1481 2564 nesti·

278 2613 340 2677 ut,
380 2585 557 2659 consuluit
580 2584 791 2679 Trajanum3
831 2585 948 2682 quod,
987 2583 1012 2657 li
1069 2585 1186 2660 ublico
1211 2585 1332 2661 editio
1355 2586 1479 2660 deum

277 2681 397 2763 suillet
418 2676 636 2778 persecutio,
668 2676 806 2753 necesse
830 2703 903 2755 non
928 2608 1111 2756 habuiiiet
1160 2703 1195 2757 u.
1219 2681 1361 2759 Nullius
1385 2675 1479 2757 euti

278 2798 405 2858 contra
430 2774 644 2851 Christianos
667 2774 832 2872 publicati
855 2777 991 2852 mentio
1016 2776 1077 2866 fit,
1110 2795 1244 2852 tautum
1271 2774 1479 2876 specialitil·

278 2878 372 2962 lius,
412 2896 482 2970 quo
508 2872 670 2960 lteterr'ee,
712 2874 951 2964 conventicula,
991 2871 1169 2969 prohibita
1192 2894 1304 2950 erant.
1358 2898 1390 2970 3.
1413 2868 1480 2967 lpse

281 2973 456 3065 Trajanus
482 2987 587 3065 negat
622 2971 864 3065 conquirendos,
905 2970 943 3044 in
975 2968 1141 3063 responso
1175 2970 1257 3062 suo,
1300 2993 1368 3046 nec
1394 2970 1479 3044 ullius

219 3071 222 3075 ’
281 3068 391 3145 edisti
423 3085 549 3141 contra
579 3089 641 3138 eos
673 3067 855 3141 meminit:
896 3064 1053 3162 permisit
1089 3088 1226 3161 quoque
1262 3084 1398 3142 tantum
1428 3084 1481 3139 eot

280 3165 420 3266 puniri,
453 3163 476 3236 st
505 3165 757 3250 retinerentur,
788 3182 933 3260 propter
958 3160 1167 3236 seditionem
1196 3161 1332 3236 scilicet
1357 3160 1479 3262 plebis,

281 3282 322 3339 ut
356 3261 463 3334 modo
497 3260 647 3347 notavi,
688 3262 769 3331 alias
803 3258 996 3331 oriundam.
1045 3257 1129 3329 Nec
1161 3259 1291 3331 multos
1322 3282 1359 3350 4.
1393 3255 1480 3331 fuine

282 3357 418 3430 occisos
436 3353 518 3425 inde
543 3352 669 3445 liquet,
695 3352 785 3445 quod
806 3356 1085 3442 periclitantium,
1111 3374 1181 3425 non
1207 3377 1295 3426 vero
1320 3352 1482 3451 occisorum

282 3472 432 3522 numero
461 3445 737 3519 seabsterritum
765 3445 859 3518 dicat
883 3450 1022 3522 Plinius.
1075 3450 1239 3521 Ceterum
1272 3450 1369 3524 dicta
1402 3451 1482 3525 sorte

280 3539 439 3619 illustrari
462 3558 635 3634 poterunt
660 3562 704 3611 ex
729 3537 828 3612 simili
854 3545 951 3630 casu,
992 3542 1050 3640 qui
1079 3545 1115 3617 in
1140 3545 1220 3618 Ana
1244 3546 1408 3621 Procons.
1432 3568 1484 3618 eo·

281 3639 363 3715 dem
386 3634 480 3707 forte
509 3654 669 3728 tempore
686 3633 857 3730 contigit,
882 3637 990 3733 digno
1015 3638 1157 3735 utique,
1182 3638 1238 3736 qui
1265 3661 1485 3716 memoretur.

281 3738 340 3815 De
365 3728 471 3807 Arrio
498 3729 701 3820 Antonino,
727 3753 795 3803 avo
823 3753 980 3805 materno
998 3734 1172 3808 Antonini
1190 3735 1264 3826 Pii,
1291 3736 1394 3813 Anae
1414 3740 1486 3811 Pro

194 3890 199 3900 .
281 3830 397 3915 cons,
423 3824 458 3897 in
475 3825 563 3901 haec
580 3829 688 3901 verba
706 3827 859 3925 loquitur
878 3830 980 3903 Tert.
1001 3827 1046 3900 ud
1072 3832 1206 3924 Scapul.
1233 3855 1263 3905 c.
1290 3855 1324 3921 5.
1376 3837 1491 3909 Arrius

281 3929 462 4005 Antoninus
486 3929 517 3994 in
543 3923 719 4017 Astacum
739 3924 977 4022 persequeretur
1000 3924 1177 4022 instanter,
1218 3951 1321 4000 omues
1347 3931 1437 4003 illius
1451 3934 1493 4003 ti·

280 4024 398 4101 trituris
425 4019 601 4111 Clrrr'flieni
633 4041 710 4094 ente
737 4027 916 4096 tribunalia
949 4028 1025 4118 ejur
1046 4023 1088 4114 se
1120 4046 1217 4095 manu
1236 4022 1340 4118 salla
1377 4026 1490 4113 obtule·

280 4134 375 4196 runt:
400 4117 562 4199 rumille,
584 4121 700 4209 paucis
720 4121 794 4190 duci
804 4117 923 4216 juffls,
947 4120 1078 4211 reliquis
1098 4121 1166 4200 eir,
1193 4119 1210 4191 d
1229 4118 1366 4214 miseri!
1384 4121 1420 4216 st
1435 4144 1494 4195 rno-

281 4221 313 4294 rt'
345 4211 474 4294 uelitis,
518 4213 641 4284 laberis
672 4219 870 4307 praecipitia
903 4231 936 4287 er
965 4217 1104 4310 laqueos.
1155 4216 1213 4287 De
1247 4217 1497 4309 persecutione

280 4308 431 4402 denique
448 4306 507 4379 sub
526 4307 673 4394 Attico,
696 4309 852 4383 Praesrde
866 4309 1007 4407 Syriae,
1030 4309 1208 4384 concitata
1224 4310 1340 4384 dicam
1358 4313 1497 4387 necesse

277 4426 351 4500 pou
373 4398 445 4499 est,
470 4425 551 4481 cum
574 4424 616 4485 ea
633 4403 837 4499 Suueonem
860 4409 1033 4508 cleopae,
1056 4404 1268 4505 Episcopum
1293 4406 1499 4500 Hierosol,
1524 4448 1527 4461 ·
