3609 5500
271 987 347 1066 ,ῃ
661 954 1133 1076 mstortancutcnni

280 1154 347 1236 sias
372 1137 525 1224 sundull'e
536 1193 548 1252 3
573 1157 611 1249 et
638 1138 803 1238 Apostoli
828 1145 926 1218 nullis
954 1140 1057 1216 terris
1076 1137 1211 1216 suerint
1232 1138 1399 1239 adligat13
1424 1134 1510 1215 inde

276 1265 468 1354 praeterea
492 1257 669 1333 orlglnem
693 1236 877 1335 repetiisse
899 1239 1100 1327 videatur,·
1123 1237 1222 1335 quod
1246 1239 1427 1338 Johannes
1454 1233 1507 1309 ibi

282 1337 522 1426 diuturniores
555 1355 670 1407 moras
700 1334 795 1409 circa
820 1335 929 1409 finem
962 1337 1058 1408 vitae
1083 1338 1242 1408 traxerit.
1292 1332 1511 1408 Probabiliua

284 1449 393 1534 longe
413 1433 484 1521 eit,
507 1430 707 1531 johannem
728 1428 1006 1530 Hierosolymis,
1031 1450 1070 1504 et
1090 1431 1127 1504 in
1143 1428 1350 1520 Palaestina,
1374 1430 1436 1502 diu
1455 1429 1511 1500 su·

288 1539 352 1620 ill'e
376 1529 568 1618 uersatum,
602 1526 733 1638 quippe
759 1527 972 1623 Judaeorum
999 1527 1036 1600 in
1059 1526 1179 1624 specie
1200 1524 1408 1623 Apostolum
1434 1524 1512 1600 Gal.

289 1639 340 1714 ll:
366 1656 401 1726 9.
462 1626 541 1698 Fuit
577 1642 699 1720 utique
734 1622 787 1696 ibi
820 1642 983 1719 tempore
1014 1641 1212 1696 conventus
1246 1619 1511 1719 Hierosolym,

291 1752 333 1810 ut
359 1753 403 1803 ex
429 1722 504 1797 Gal.
530 1722 576 1792 ll.
605 1738 728 1816 putet,
761 1718 919 1815 adeoque
942 1741 1021 1793 anri.
1049 1718 1182 1793 Claudii
1209 1740 1327 1808 romo,
1362 1742 1433 1791 aer.
1460 1719 1511 1794 V.

321 1853 355 1902 o.
383 1821 442 1897 sed
466 1841 545 1890 cum
566 1816 684 1888 Paulus
709 1812 829 1888 ultima
854 1815 936 1888 vice
961 1815 1061 1888 venit
1086 1812 1387 1910 Hierosolymam,
1410 1832 1448 1887 et
1473 1814 1515 1887 in
1564 1881 1566 1888 .

292 1920 436 2000 vincula
463 1910 644 1986 con'eslua
668 1909 738 2001 est,
772 1909 875 1984 solius
905 1911 1031 2007 Jacobi
1055 1908 1106 1983 ibi
1130 1909 1386 2008 praesentiant
1412 1930 1513 1985 men·

295 2021 371 2108 ti0‚
397 2009 478 2089 Αὲὶ.
539 2007 602 2081 Xl.
656 2004 811 2082 Videtur
827 2007 970 2114 itaque,
994 2006 1130 2101 synodo
1148 2003 1269 2095 finita,
1294 2007 1376 2080 alias
1399 2006 1436 2077 in
1455 2027 1513 2078 re·

296 2119 424 2218 giones
447 2103 645 2205 profestus,
670 2103 826 2211 adeoque
844 2100 895 2176 ibi
914 2122 986 2175 non
1001 2121 1155 2176 moratus
1171 2100 1276 2197 usque
1296 2102 1337 2175 ad
1355 2100 1513 2175 destruc·

297 2233 370 2290 tum
395 2199 560 2283 Hieroso}
586 2221 697 2289 mam,
722 2217 774 2271 uti
800 2195 974 2270 nonnullis
997 2199 1065 2271 suit
1090 2196 1341 2287 visum',·'sorte
1366 2220 1411 2271 ex
1427 2198 1515 2293 Joh.

297 2307 396 2390 XXI.
431 2297 490 2374 ubi
517 2226 695 2393 Johanner
732 2317 752 2404 a
784 2289 924 2400 Christo
955 2292 1148 2401 declaratur
1179 2293 1374 2386 mamilius,
1412 2294 1519 2369 donec

297 2404 447 2486 verterim
489 2391 547 2466 sed
576 2391 620 2464 de
647 2395 821 2463 manlione
847 2388 1105 2486 Hierosolymis
1138 2389 1189 2464 ibi
1217 2390 1305 2463 nihil
1335 2389 1518 2481 occurrit,

287 2521 368 2582 net
391 2494 499 2572 etiam
522 2485 693 2560 adventui
714 2480 842 2558 Christi
875 2483 918 2555 ad
937 2483 1111 2578 judicium
1136 2484 1175 2558 in
1199 2485 1349 2581 Judaeos¹
1370 2482 1518 2560 restrin-

289 2615 409 2769 {itun
460 2581 633 2687 Quorsum
658 2599 776 2654 autem
798 2577 1013 2670 tetenderit,
1043 2601 1118 2654 non
1135 2581 1225 2656 adeo
1254 2579 1305 2654 est
1330 2579 1518 2676 liquidum.

290 2747 295 2759 .
329 2693 480 2763 'uterum
504 2676 686 2755 traditioni
710 2673 755 2750 de
779 2673 966 2771 euangelio
997 2697 1063 2773 per
1090 2671 1289 2773 Johannem
1310 2675 1411 2751 inter
1434 2678 1532 2752 Paro

301 2788 384 2863 rhua
418 2772 650 2862 adnunciato,
697 2770 835 2868 siquid
876 2769 1101 2847 tribuendum
1132 2770 1194 2864 lit,
1233 2771 1319 2846 huic
1357 2791 1429 2846 tem
1480 2774 1513 2850 ri

301 2884 372 2963 iter
397 2876 470 2974 ejus
493 2870 535 2947 ul
560 2892 622 2943 eos
646 2868 769 2942 lubens
789 2865 1036 2965 adligaverim,
1070 2891 1150 2944 cuin
1172 2870 1303 2943 nullum
1326 2868 1362 2942 se
1388 2893 1410 2943 o
1443 2889 1522 2946 erat

303 2975 428 3057 uului.
481 2962 644 3041 'l'cstntut
667 2984 783 3037 autem
809 2961 852 3034 de
883 2962 951 3035 huc
984 2983 1146 3040 veterum
1172 2964 1342 3062 opinione
1367 2963 1522 3063 inscrip-

304 3097 360 3153 tio
388 3092 488 3165 rep.
515 3061 617 3161 Joh.,
656 3083 721 3157 qun
748 3058 883 3135 Parthis
914 3059 1042 3157 scripta
1069 3061 1222 3149 dicitur,
1262 3084 1365 3156 quam
1391 3063 1523 3137 Latina

304 3170 424 3251 Vetus
459 3158 573 3235 versio
605 3156 782 3255 praesertt
821 3154 874 3229 uti
909 3152 961 3228 est
990 3157 1081 3253 apud
1112 3155 1344 3255 Augustinum
1377 3155 1524 3327 osmer.

301 3268 440 3361 ¹Euunn.
466 3260 486 3332 i.
517 3259 560 3333 ll.
585 3253 717 3351 quippe
738 3278 785 3331 ex
810 3252 866 3325 illu
888 3251 1060 3348 opinione
1077 3254 1272 3342 Veterum,
1299 3271 1337 3326 ut
1352 3252 1390 3325 vi
1416 3273 1522 3345 etur.

299 3364 406 3443 ¹ortu,
438 3380 539 3455 quun
568 3352 728 3445 inuuunt
755 3346 896 3421 Graeci.
949 3348 1033 3419 Nec
1059 3351 1241 3423 aratione
1267 3349 1432 3422 abhorret
1457 3349 1528 3425 sta·

304 3478 432 3541 tuere,
473 3448 667 3549 Juliuunciu
689 3443 786 3541 prius
811 3440 929 3550 illium
960 3442 1177 3536 superiorem
1204 3444 1376 3534 visitasse,
1416 3469 1526 3541 quam

298 3552 431 3637 ‚iiiiii
465 3544 691 3623 lull-rituum,
732 3558 884 3611 inaxune
919 3559 998 3611 cum
1029 3538 1067 3611 in
1089 3540 1228 3615 Parthia
1254 3541 1355 3613 multi
1391 3540 1531 3618 suerint

305 3642 443 3753 Juluui.
497 3640 655 3737 iiiique.
691 3630 907 3711 etinirlsium
922 3632 1132 3728 Ephelinam
1157 3658 1229 3709 non
1254 3636 1317 3710 nili
1349 3636 1450 3729 sero,
1488 3657 1529 3712 et

309 3746 404 3827 otiu
431 3762 569 3835 tenipus
599 3731 761 3809 turnultus
794 3754 835 3803 ac
865 3748 983 3800 motus
1012 3729 1128 3803 bellici
1157 3732 1364 3826 Judaeornm
1397 3733 1435 3806 in
1462 3736 1526 3810 Pa-

311 3838 472 3927 liitl'uu.
492 3824 628 3935 petiisse
648 3828 827 3911 uideatur,
851 3847 920 3932 uec
937 3841 1055 3932 tamen
1067 3825 1327 3924 Hierosolymis
1344 3829 1525 3921 haeserit,

311 3962 451 4035 teinpur
474 3926 719 4009 iiitertiiciliuiii
742 3921 826 3997 huic
849 3937 971 3994 itineri
994 3920 1033 3997 in
1057 3922 1173 3999 Asiam
1191 3925 1409 4021 superiorein
1425 3925 1528 4003 reete

311 4030 517 4129 tinguitur.
1015 4037 1018 4043 '

362 4130 391 4225 l.
419 4124 589 4205 ttulit.
623 4114 690 4191 Sul
715 4138 784 4227 quo
807 4134 967 4210 tempore
991 4114 1132 4191 venerit
1153 4118 1350 4216 Ephesum,
1383 4116 1529 4192 adcura-

314 4216 384 4311 iiiii·
406 4220 475 4307 ull,
501 4220 524 4293 si
545 4236 648 4327 pote.
675 4212 923 4287 deliniendum.
974 4212 1085 4301 Sunt,
1114 4216 1174 4312 qni
1200 4240 1279 4288 eum
1305 4215 1363 4285 sub
1381 4215 1528 4289 Claudio

319 4328 384 4419 inu
402 4326 450 4403 itu,
471 4318 566 4391 soilli·
584 4326 782 4417 utituuunt,
809 4307 919 4381 secuti
935 4306 1173 4416 Epiphanium
1190 4312 1233 4382 de
1252 4310 1376 4406 Alogis
1391 4308 1524 4389 haeres.

310 4404 375 4525 ζμ,
403 4412 467 4505 tihi
490 4406 617 4505 stelit,
640 4404 751 4509 tpliiiu
777 4402 1000 4501 subsslaudio
1023 4404 1132 4493 soille¹
1147 4409 1186 4483 in
1203 4405 1347 4485 insulani
1364 4406 1522 4479 Patmum

840 4582 846 4591 .
921 4576 949 4589 ..
1389 4503 1523 4602 relega·
