3609 5500
821 874 927 957 Serus.
952 875 1027 956 m.
1130 899 1136 934 ²
1463 878 1542 982 δη,

311 1073 365 1134 ex
390 1049 528 1151 virgine
558 1052 592 1157 5.
621 1056 676 1133 16.
701 1078 803 1157 quam
835 1057 1064 1156 posteriorem
1096 1075 1238 1153 quoque
1262 1054 1437 1133 rationem
1461 1057 1533 1135 else

305 1148 426 1241 dicit,
450 1176 547 1245 quart
568 1155 673 1226 lilius
689 1156 955 1243 denominatur,
990 1155 1122 1249 quippe
1147 1172 1233 1227 tunc
1256 1176 1366 1232 tranat
1388 1161 1446 1235 dut
1456 1174 1531 1251 pera

287 1246 419 1347 'setius
430 1247 641 1341 filiusfulius
658 1250 733 1347 54.
752 1254 900 1326 necerim
917 1256 1046 1324 verbum
1056 1304 1067 1339 ,
1085 1250 1201 1343 iuquit
1219 1249 1250 1347 5
1272 1275 1350 1342 15.,
1370 1252 1477 1348 perse
1491 1269 1527 1326 et

300 1342 381 1437 fine
404 1366 502 1417 carue
521 1344 683 1438 perfalsus
700 1348 803 1421 lilius
827 1363 897 1418 etat
921 1366 1013 1436 etc.,
1036 1365 1076 1418 ut
1101 1345 1217 1438 itaque
1243 1352 1344 1420 omnis
1369 1353 1418 1419 uis
1448 1350 1525 1442 ejus

313 1438 356 1511 ad
383 1440 553 1513 ellationis
579 1441 749 1533 exstaret,
775 1447 975 1538 unigenitum
997 1442 1112 1514 Putris
1136 1441 1170 1509 iu
1194 1463 1293 1514 carne
1315 1444 1427 1515 debere
1454 1466 1525 1515 ma·

314 1463 487 1631 nfflsldri,
512 1556 543 1610 et
568 1556 704 1631 uputre
728 1564 770 1614 tx
792 1542 918 1633 uirgine
939 1539 1111 1632 generari,
1138 1535 1255 1612 tradit.
1477 1537 1479 1544 '
1524 1589 1528 1608 -.

381 1631 536 1707 ‚XVlL
570 1632 673 1706 Fides
695 1635 866 1732 Gregorii
887 1630 1239 1723 Neo-Caesareensrs,
1280 1631 1340 1729 qui
1375 1633 1547 1706 ‘sauma‘
1602 1648 1607 1660 ’

310 1745 435 1823 turgus
458 1726 622 1824 adpellari
648 1729 752 1822 solet,
774 1754 846 1806 non
871 1748 942 1804 tam
970 1752 1015 1802 ex
1038 1723 1225 1823 cory‘efflone
1243 1730 1338 1824 ejus,
1363 1752 1465 1898 <ptam
1482 1750 1529 1806 ex

312 1822 462 1919 egregio
484 1823 566 1898 loco
583 1825 620 1897 in
637 1826 735 1901 Orat.
753 1826 795 1900 ad
811 1826 1007 1922 Origenem
1025 1849 1059 1920 p.
1085 1847 1144 1917 53.
1167 1825 1322 1920 petenda
1347 1829 1380 1898 el
1404 1879 1418 1913 ,
1444 1837 1528 1898 cum

310 1916 355 1992 stt
378 1916 503 1992 dubiae
525 1918 629 2007 fidei,
671 1920 697 1995 st
723 1943 790 1995 non
816 1921 901 1996 salso
926 1920 962 1995 ei
988 1921 1182 2027 adscripta,
1223 1940 1264 1993 ut
1288 1921 1387 2016 supra
1409 1922 1527 1994 obser·

309 2014 417 2103 ravi3
441 2013 562 2109 utique
586 2015 661 2111 ejus
683 2018 878 2108 conclusio,
908 2039 994 2113 quae
1012 2015 1202 2090 Trinitatis
1228 2016 1439 2089 luculentam
1464 2015 1527 2089 ha·

309 2108 374 2185 bet
397 2107 650 2201 adsertionem,
677 2127 849 2186 autorem
856 2113 979 2210 prodit
1006 2113 1131 2198 alium,
1161 2108 1242 2206 post
1267 2112 1437 2208 synodum
1450 2110 1525 2186 Nb

307 2226 473 2295 caenam,
505 2226 546 2278 ut
572 2209 698 2303 cuique
719 2208 904 2306 peritiori,
944 2208 1089 2281 adtente
1112 2204 1268 2302 legenti,
1308 2207 1433 2305 sponte
1467 2208 1526 2284 sua

305 2300 464 2400 patebit,
497 2300 584 2375 licet
607 2323 871 2398 argumentum,
914 2303 1006 2403 quod
1031 2326 1104 2377 vox
1133 2298 1217 2398 recole
1245 2327 1312 2398 pro
1346 2303 1528 2379 Trinitate

307 2396 476 2487 exhibet,
516 2420 589 2471 non
618 2400 722 2474 nimis
753 2423 941 2497 urgerem:
982 2398 1092 2472 rarior
1116 2397 1260 2493 quidem
1290 2398 1404 2471 adhuc
1430 2397 1523 2492 fuit,

305 2492 368 2568 sed
388 2514 460 2565 non
473 2489 633 2568 insolita:
649 2497 800 2591 primus,
819 2495 1078 2583 utmododixi,
1098 2515 1140 2566 ea
1156 2492 1235 2566 usus
1247 2491 1389 2567 videtur
1401 2492 1524 2566 Theo·

307 2585 426 2686 philus
442 2587 536 2660 inter
562 2589 735 2683 Graecos,
761 2591 849 2667 srcut
874 2594 978 2666 Tert.
1002 2609 1099 2664 cont.
1123 2589 1223 2664 Ptax.
1252 2612 1284 2664 c.
1311 2613 1345 2685 3.
1381 2586 1528 2677 Trinita-¹⁴

309 2686 383 2760 tis:
416 2680 498 2756 dein
525 2684 615 2778 apud
633 2687 779 2785 Origen.
805 2689 847 2762 ad
873 2689 982 2762 Matt.
1009 2709 1045 2781 p.
1069 2708 1157 2777 401.
1207 2707 1322 2782 uoque
1347 2685 1525 2776 occurrit,

292 2787 324 2872 fl
346 2779 458 2879 δςχμκῆ
479 2811 580 2880 epau.
605 2799 643 2854 et
657 2783 747 2881 apud
762 2783 911 2879 Dionys.
937 2785 1087 2869 Roman.
1105 2779 1166 2855 sub
1223 2781 1371 2856 aletiano
1386 2802 1424 2856 et
1439 2783 1525 2857 Gal.

305 2878 407 2953 lieno
432 2877 582 2973 saepius3
622 2897 662 2951 ut
693 2903 737 2953 ex
758 2879 954 2975 fragmento
985 2875 1077 2973 apud
1110 2876 1278 2951 Athanas.
1313 2876 1357 2949 de
1387 2879 1526 2955 decretis

305 2970 388 3070 Syn.
413 2976 491 3048 Nic.
514 2972 536 3046 li
562 2991 631 3046 net.
683 2975 866 3048 Sententia
899 2996 988 3049 veto
1011 2971 1182 3067 Gregorii
1210 2971 1281 3044 huc
1304 2969 1382 3042 sere
1409 2970 1521 3046 redit.

307 3088 344 3146 1.
370 3067 495 3143 Filium
513 2998 582 3142 esse
606 3092 730 3141 verum
757 3073 894 3159 Deum,
921 3067 1075 3164 ejusde'm
1100 3063 1296 3139 divinitatis
1317 3085 1398 3136 cum
1413 3068 1522 3142 Patre

301 3162 515 3264 participem
542 3190 572 3240 a.
592 3164 697 3237 Deum
715 3185 877 3263 nuncupat
894 3191 935 3240 ex
951 3163 1021 3236 Deo
1044 3160 1082 3233 in
1099 3157 1341 3247 Consessionc,
1365 3174 1398 3229 et
1413 3159 1524 3234 Deum

301 3265 433 3338 uerbum
456 3259 492 3333 in
521 3260 692 3335 Oratione
719 3265 750 3336 b.
778 3266 909 3335 eumin
927 3262 1030 3334 Patre
1055 3251 1126 3329 effe
1152 3253 1262 3345 dicit,
1302 3270 1333 3326 et
1362 3279 1434 3329 tum
1455 3255 1526 3352 ipso

300 3353 437 3452 ἂτεχιῦς
452 3358 663 3445 naturaliter,
689 3355 746 3433 seu
764 3357 987 3456 fimpliciter,
1010 3373 1048 3429 et
1062 3351 1120 3441 vi,
1147 3353 1346 3448 conjuratione
1361 3357 1397 3424 la
1410 3357 1532 3446 olatio·

300 3458 425 3552 ἰυμενον
449 3459 524 3526 aare
544 3456 587 3524 ab
603 3451 668 3548 ipso
684 3479 744 3527 non
760 3458 932 3544 alienum,
954 3475 1053 3526 unum
1075 3473 1147 3557 cum
1163 3449 1285 3540 Patre,
1311 3464 1342 3522 et
1355 3466 1525 3555 perquem

301 3556 407 3633 Pater
405 3545 460 3720 de
479 3547 581 3645 ipsum
598 3565 726 3624 tantum
753 3576 812 3625 nou
835 3551 1083 3635 circumambit3
1105 3566 1141 3619 tu
1169 3564 1257 3622 orat.
1284 3546 1387 3621 ued-
1407 3569 1441 3622 2.
1460 3551 1521 3623 Fi·

300 3648 387 3725 lium
435 3645 519 3719 atuit
529 3669 571 3717 ex
587 3644 785 3737 Putreelse,
804 3667 842 3722 et
856 3671 901 3721 eo
918 3643 1076 3744 respectu
1093 3638 1172 3738 ipso
1187 3639 1392 3715 inferiorem
1407 3653 1441 3716 a.
1457 3645 1522 3718 Pa·

304 3760 363 3833 ¹ter
379 3741 566 3839 adpellatur
589 3740 626 3813 in
643 3758 723 3816 orat.
738 3742 975 3836 santumnium
998 3746 1147 3814 bonorum
1170 3754 1204 3807 et
1222 3732 1437 3829 uniuersorum
1452 3736 1523 3808 Pa·

302 3854 376 3913 ter:
400 3838 486 3913 srcut
500 3854 535 3907 et
551 3835 588 3906 in
605 3837 757 3911 Consell.
783 3840 836 3932 qui
844 3838 945 3933 super
962 3836 1068 3909 omnia
1084 3827 1149 3923 est,
1173 3844 1206 3901 et
1221 3834 1254 3900 in
1269 3832 1431 3919 omnibus,
1458 3831 1519 3904 Fi·

297 3936 367 4014 lius
382 3931 497 4009 veroo'
523 3932 576 4003 lul
598 3931 714 4009 πάντων
733 3941 791 4028 per
808 3936 924 4006 omnia.
976 3933 1006 4001 b.
1031 3929 1131 3998 Patet
1146 3921 1309 4000 dicituto‘
1330 3922 1523 4026 ποιησέμενος

308 4035 366 4131 qui
378 4028 470 4126 fecit
490 4027 731 4126 ipsumsecum,
756 4044 787 4104 tl
801 4047 859 4124 ptr
873 4024 975 4125 ipsum
983 4022 1023 4120 st
1039 4019 1261 4119 pottvuxtfere
1276 4026 1523 4102 circumambirr

295 4130 336 4223 in
354 4146 442 4202 orat.
461 4149 629 4222 panegyr.
662 4149 690 4200 c.
715 4125 889 4214 Accedit,
913 4120 1064 4211 Arianos
1080 4120 1240 4222 adeum,
1260 4137 1422 4214 tanquam
1441 4119 1521 4196 suae

298 4222 499 4302 sententiae
522 4217 718 4310 addib'lum,
757 4218 984 4318 provocasse,
1025 4236 1064 4291 ut
1090 4212 1186 4288 basil.
1218 4211 1317 4310 epist.
1350 4213 1393 4288 ad
1419 4215 1522 4290 Neo·

286 4316 437 4405 Caesar.
456 4317 582 4411 tradit,
608 4317 669 4420 qui
685 4337 804 4399 tamen
818 4315 937 4402 addit,
961 4334 1023 4388 eos
1037 4311 1084 4390 ad
1099 4308 1339 4387 Divinitatem
1363 4308 1526 4417 ttaailse,

287 4411 297 4449 ³
346 4411 438 4491 Tm.
461 4412 533 4492 ΙΙΙ.
878 4408 962 4489 liii
1430 4425 1521 4502 quau
