3609 5500
808 930 917 1007 Setos.
942 932 976 1007 Ι.
1014 897 1016 902 ¹
1433 964 1480 1037 31
1484 964 1508 1034 ς

322 1101 486 1205 Episcopus
513 1106 592 1185 Eus.
626 1108 691 1185 111:
718 1117 776 1207 36.
809 1114 870 1209 qui
893 1112 935 1184 ab
960 1113 1107 1184 Irenaeo
1132 1106 1210 1183 adv.
1244 1107 1339 1187 haer.
1370 1111 1419 1192 V:
1446 1141 1505 1213 33.

317 1204 481 1299 adpesatur
498 1205 666 1300 Josronnis
691 1209 850 1297 auditor,
883 1207 1064 1305 Polycarpi
1092 1205 1260 1302 aequalis,
1296 1210 1351 1283 vir
1374 1220 1507 1312 ὁςχῖιιος

313 1301 462 1396 antiquus,
491 1325 571 1376 eum
596 1302 789 1377 senioribus
814 1302 931 1377 saltem
955 1301 1199 1376 conversatus:
1233 1323 1273 1377 ut
1298 1306 1309 1378 i
1339 1305 1372 1379 se
1397 1314 1500 1385 testa·

309 1395 450 1493 turapud
465 1395 547 1470 Eos.
573 1397 594 1473 12
610 1422 645 1473 c.
696 1401 883 1490 Ceterum,
908 1423 986 1472 cum
1004 1419 1074 1470 non
1092 1421 1111 1469 a
1128 1395 1246 1470 divina
1261 1399 1297 1474 in
1332 1404 1503 1500 tutione,

305 1489 357 1564 sed
381 1495 564 1588 exemplo,
596 1518 662 1590 per
685 1496 864 1591 delegatos
887 1494 1111 1592 Apostolicos
1134 1493 1375 1601 suppeditato,
1407 1502 1501 1598 regi·

301 1611 380 1662 rnen
399 1587 611 1686 Episcopale
636 1590 679 1663 sit
703 1590 962 1680 introductum,
1004 1590 1086 1663 inde
1108 1589 1264 1684 legrtrma
1294 1613 1365 1665 non
1391 1595 1433 1667 fit
1456 1597 1501 1670 ad

262 1763 267 1770 ,
293 1684 469 1781 sequentia
488 1703 651 1780 tempora
666 1685 852 1778 colsetlio,
878 1686 993 1759 minus
1008 1685 1122 1761 adhuc
1139 1705 1218 1757 cum
1237 1687 1306 1762 viri
1323 1688 1394 1764 hoc
1411 1710 1501 1765 tem·

290 1801 378 1879 pore
402 1779 538 1854 fiterint
561 1782 680 1877 paffim
707 1782 846 1878 spiritus
869 1781 940 1856 Dei
966 1783 1072 1878 pleni.

335 1873 369 1976 §-
390 1875 624 1952 chxvlll.
657 1879 806 1952 Secundo
824 1877 928 1952 thesis
951 1876 1075 1967 habet,
1108 1878 1325 1975 Episcopus,
1358 1906 1378 1956 a
1402 1886 1501 1962 Pres.

290 1971 427 2070 bpterls
452 1972 543 2048 licet
565 1969 766 2062 distinctos,
810 1997 917 2049 unum
950 1974 1063 2054 adhuc
1093 1989 1173 2048 curn
1207 1973 1250 2047 iis
1282 1976 1498 2057 constituisse

283 2067 512 2168 Collegium,
560 2091 629 2141 nec
661 2069 702 2141 ad
739 2069 844 2141 alium
873 2067 1059 2165 superioris
1099 2069 1316 2144 auctoritatis
1353 2077 1499 2169 gradum

288 2161 508 2262 pervenisse,
546 2164 600 2236 uti
622 2163 753 2261 postea.
802 2164 902 2264 Quae
928 2163 1013 2236 sicut
1045 2164 1287 2260 experientiae
1312 2173 1511 2267 congruit,-

291 2279 387 2356 quae
408 2257 504 2334 initia
533 2280 650 2333 rerum
675 2258 790 2355 docet
809 2263 879 2336 esse
905 2261 1041 2347 tenuia,
1073 2281 1110 2333 et
1135 2260 1257 2334 sensim
1280 2265 1498 2358 procedere,

289 2355 350 2430 ita
373 2377 419 2429 ex
437 2355 615 2429 Clemente
639 2357 801 2428 Romano
826 2353 926 2453 epist.
952 2355 994 2429 ad
1011 2358 1090 2428 Cor.
1115 2359 1221 2431 robur
1243 2359 1412 2454 acquirit:
1437 2366 1498 2439 ubi

285 2448 459 2560 Episcopi
482 2468 521 2524 et
543 2450 741 2547 Presbyteri
776 2473 846 2526 nou
872 2450 1149 2548 distinguuntur,
1192 2452 1251 2526 sed
1275 2454 1391 2529 secum
1418 2482 1499 2554 per·

285 2546 492 2623 mtscentur.
540 2547 593 2620 Ita
618 2546 649 2644 s.
675 2570 733 2636 42.
759 2546 919 2643 Apostoli
935 2547 1099 2619 dicuntur
1121 2571 1186 2643 per
1202 2549 1364 2644 regiones
1388 2572 1425 2626 et
1443 2581 1498 2628 ur-

286 2646 352 2722 bes
375 2639 552 2740 Episcopos
581 2660 618 2714 et
650 2641 816 2718 Diaconos
849 2641 1085 2732 constituisse,
1125 2662 1164 2715 et
1192 2645 1336 2718 nomina
1361 2671 1499 2750 quoque

283 2737 545 2841 Episcoporun
572 2761 614 2811 ac
636 2737 965 2837 presbyterorump
991 2762 1050 2830 44.
1076 2738 1344 2817 confunduntur.
1394 2746 1498 2822 Unde

288 2858 366 2913 nou
388 2834 532 2934 quidem
557 2832 704 2929 colligo,
730 2836 934 2933 Episcopis,
967 2859 986 2908 a
1011 2837 1226 2931 Presbyteris
1248 2837 1411 2930 diversis,
1446 2844 1496 2914 lo·

287 2954 371 3008 cum
396 2930 553 3006 nondum
577 2929 693 3019 fuisse,
718 2956 798 3005 cum
822 2933 982 3006 Clemens
996 2932 1202 3003 Sacerdotes
1217 2950 1254 3003 et
1276 2934 1419 3006 Leuitas
1436 2937 1495 3009 sub

288 3029 344 3106 V.
366 3028 415 3104 T.
437 3025 547 3101 etiam
579 3045 714 3100 tantum
739 3025 990 3101 memoraverit
1020 3022 1051 3120 5.
1080 3048 1136 3118 32.
1168 3025 1312 3099 nomine
1328 3031 1499 3115 sacerdo--

286 3144 369 3199 tum
388 3122 689 3219 comprehendens
711 3123 881 3197 summum
906 3119 1134 3208 Pontificem,
1168 3121 1221 3192 uti
1245 3143 1291 3193 ex
1314 3121 1346 3220 s.
1369 3146 1429 3212 40.
1455 3128 1496 3200 li·

287 3236 401 3319 quct,
427 3218 487 3293 sed
509 3217 591 3291 illud
626 3237 779 3308 tantum,
813 3217 968 3291 nondum
994 3212 1094 3288 fuisse
1116 3236 1178 3286 eos
1204 3215 1291 3290 adeo
1316 3217 1497 3296 distincloc

277 3312 450 3405 ‚ordinem
489 3331 529 3384 ut
554 3312 679 3388 eodem
704 3312 848 3388 nomine
875 3310 998 3387 venire
1029 3330 1221 3406 nequeant,
1265 3310 1350 3387 ficut
1377 3314 1498 3410 postea

285 3408 420 3487 fadum
443 3406 504 3481 est.
554 3410 709 3484 Wotton
735 3412 772 3484 in
794 3410 928 3506 proleg.
961 3425 999 3482 et
1024 3424 1098 3480 not.
1125 3404 1167 3479 ad
1195 3407 1302 3481 Cscm.
1331 3409 1435 3486 Rom.
1462 3415 1495 3514 s.

286 3530 353 3601 4²·
375 3524 416 3581 ut
443 3505 640 3615 Episcopus
661 3530 681 3579 a
704 3508 920 3604 Ptesbyterrs
944 3502 1044 3577 fuisse
1076 3501 1231 3575 diversos
1260 3503 1495 3602 demonstret,

282 3604 377 3677 citat
401 3600 433 3701 s.
465 3628 495 3675 1.
533 3603 591 3675 ubr
624 3604 764 3676 ductores
782 3622 819 3676 et
847 3603 1027 3698 presbyteri
1059 3596 1221 3670 distinete
1239 3621 1496 3697 memorantut3

285 3696 406 3775 minus
426 3695 544 3788 telle,
584 3718 662 3771 cum
688 3695 887 3797 Presbyteri
913 3721 957 3769 eo
989 3693 1025 3766 in
1051 3694 1132 3766 loco
1158 3692 1224 3766 sint
1245 3712 1360 3768 aetate
1384 3698 1499 3773 senio·

285 3820 346 3871 rea
368 3792 408 3867 in
430 3815 584 3889 genere3
608 3791 660 3866 uti
687 3817 730 3867 ex
755 3795 823 3891 sequ
849 3787 1068 3865 manifestum
1093 3785 1155 3861 est.

337 3890 371 3991 s.
395 3889 585 3963 cet-xlx.
618 3888 811 3964 Esessionem
833 3888 1015 3961 duslotum
1041 3882 1215 3956 Ecclesiae
1240 3882 1310 3959 hoc
1333 3885 1499 3964 interval·

286 3990 345 4080 lo,
376 4006 426 4057 ex
451 3982 570 4058 illustri
592 3984 672 4057 loco
689 3981 879 4059 Clementis
895 3980 1046 4057 Romani
1072 3978 1113 4052 ad
1139 3978 1170 4076 5.
1196 4003 1275 4071 44.,
1303 3981 1368 4055 hac
1390 3988 1499 4058 ratio·

287 4080 463 4161 defuisse
490 4077 686 4175 perustam,
718 4079 907 4170 elucescit,
941 4097 980 4152 ut
1005 4078 1171 4154 eaedem
1195 4074 1376 4181 constitutio
1403 4081 1501 4174 Epis·

287 4200 464 4277 coporum
492 4174 600 4249 fucrit
618 4173 707 4248 faeta
738 4201 758 4251 a
784 4175 871 4251 viris
890 4173 1082 4273 primariis,
1111 4174 1168 4246 vel
1193 4174 1335 4270 reliquis
1359 4175 1500 4269 presby·

290 4277 402 4364 teris,
424 4271 481 4347 sed
504 4275 701 4355 roseussanrn
718 4270 883 4371 consensus
902 4274 945 4346 ab
955 4269 1114 4343 universa
1132 4268 1304 4355 Ecclefia,
1321 4291 1407 4362 quae
1424 4291 1503 4360 per·

286 4372 396 4449 sonas
422 4369 619 4469 propositas
642 4370 884 4540 adprobabatR

916 4368 1030 4441 Tueri
1054 4366 1170 4467 itaque
1204 4366 1239 4443 se
1262 4362 1381 4459 nequit
1401 4363 1512 4535 Bllorfi·i

935 4485 956 4536 2
1453 4480 1472 4532 e
1645 4518 1649 4525 .

892 4486 911 4539 l'
