3609 5500
592 888 638 902 ··
699 941 705 953 ,
776 873 997 958 'Seculsl
1084 820 1086 824 .
1446 877 1529 969 '469

310 1006 374 1113 iffi.
390 1057 579 1151 acceptum
603 1053 708 1133 unice
742 1054 947 1144 ferendum,
982 1051 1076 1150 quod
1092 1073 1122 1125 a
1148 1048 1419 1149 praesidentium
1443 1076 1515 1128 ma-

251 1201 257 1214 ·
316 1135 666 1248 ¹¹¹¹,13marur.:Vid.
692 1152 736 1224 de
760 1173 882 1226 coron.
909 1152 979 1226 mil.
1007 1174 1039 1222 c.
1076 1172 1108 1243 3.
1163 1172 1195 1225 2.
1220 1152 1365 1223 Secundo
1388 1151 1516 1244 habet,

247 1243 262 1352 ‘j
321 1209 536 1320 mercidem
563 1248 632 1320 elle
651 1252 732 1344 jur,
759 1247 862 1321 sires
888 1271 953 1343 pcr
982 1247 1017 1317 se
1043 1265 1080 1315 er
1098 1263 1217 1317 natura
1233 1246 1291 1318 sua
1317 1248 1339 1320 s
1357 1248 1515 1340 elletur,

247 1355 257 1372 ·
329 1328 525 1429 acClericis,
550 1342 593 1415 ad
619 1344 908 1416 sacramenrorum
936 1338 1292 1428 administrationem,
1326 1272 1517 1418 dcundum

356 1436 578 1527 illusionum,
621 1439 672 1511 uti
704 1438 883 1535 sequentia
918 1439 1100 1511 evincunt.
1148 1460 1180 1510 a.
1206 1436 1414 1511 Mandatum
1439 1440 1516 1512 Do·

329 1525 447 1607 111llliiid
469 1558 575 1606 omnes
591 1534 752 1608 extendit
769 1534 909 1607 fideles:
934 1555 971 1614 ur
990 1534 1096 1605 modo
1113 1533 1308 1608 observavi.
1355 1537 1387 1604 b.
1413 1530 1515 1608 Laici

327 1628 413 1796 lipia
446 1653 490 1703 ac
521 1628 647 1703 Clerici
678 1627 905 1725 conspellum
945 1630 1075 1702 habent
1106 1626 1323 1723 sacerdotum.
1382 1630 1441 1703 Sic
1470 1629 1517 1703 de
1577 1645 1579 1650 '

247 1785 252 1808 ,
326 1731 341 1784 θ
380 1742 442 1801 οτι
467 1722 579 1800 castit.
602 1749 634 1799 c.
663 1746 696 1818 7.
722 1749 820 1798 nonne
844 1742 876 1797 rr
894 1726 992 1800 Loici
998 1723 1187 1820 sacerdotes
1192 1723 1337 1821 sunaus?
1351 1721 1516 1819 scriptum

247 1821 252 1896 .“
318 1810 372 1909 est:
407 1812 679 1917 regnr'rmquoque
707 1839 818 1893 noser
845 1821 1031 1914 sacerdotes
1055 1821 1125 1892 Deo
1151 1838 1183 1892 er
1208 1823 1306 1895 Porri
1327 1822 1391 1917 suo
1410 1822 1514 1916 fecit.
1537 1826 1549 1869 ἵ

247 1931 249 1936 ·
316 1916 417 1990 Sumit
439 1938 527 1989 vero
552 1939 633 1989 eum
658 1915 796 1990 titulum
822 1916 947 1989 eodem
976 1914 1093 2007 sensu,
1119 1939 1189 2011 quo
1215 1919 1359 1990 Clericis
1383 1932 1517 1992 conve·

307 2010 380 2103 nit,
420 2031 458 2085 ur
486 2030 562 2084 tota
585 2009 690 2085 series
714 2010 883 2084 orationis
915 2012 1042 2099 docet3
1084 2030 1122 2084 et
1151 2013 1389 2087 demonstrare
1413 2014 1522 2103 vult,

303 2110 404 2184 laicos
428 2106 536 2180 eriam
562 2105 631 2180 esse
662 2107 836 2204 obligatos
859 2107 902 2181 ad
926 2131 1001 2179 eam
1027 2106 1125 2181 vitae
1150 2105 1389 2204 disciplinam,
1428 2133 1518 2205 quae

297 2202 446 2280 Clericis
470 2205 612 2298 propria
635 2199 706 2292 est,
746 2221 785 2275 ur
812 2226 909 2275 unam
933 2202 1074 2276 soleam
1097 2228 1249 2294 uxorem,
1288 2205 1367 2301 quia
1392 2229 1525 2299 eorum,

296 2300 398 2375 idem
418 2294 469 2378 est
497 2319 540 2371 ac
567 2298 783 2378 clericorum
809 2296 1042 2394 conspeclos,
1085 2298 1134 2371 illi
1159 2324 1200 2373 ae
1225 2324 1268 2372 ue
1299 2324 1342 2374 ac
1367 2301 1494 2376 Clerici
1504 2355 1525 2393 ,.

295 2391 415 2493 quoad
430 2397 513 2489 jur,
542 2392 729 2490 sacerdotes
752 2393 837 2469 sunt„
891 2420 921 2468 c.
947 2396 1024 2466 lino
1051 2391 1178 2466 diserte
1202 2324 1372 2486 declarat,
1397 2398 1518 2471 laicis

298 2493 353 2566 'ria
376 2485 470 2579 erse,
492 2487 609 2562 munia
631 2489 844 2562 sacerdotum
866 2490 1009 2585 propria
1032 2487 1151 2562 obire:
1177 2506 1208 2560 rr
1231 2489 1351 2586 irffirs,
1377 2490 1448 2582 ait,
1476 2510 1517 2567 et

295 2588 452 2681 tinguis,
476 2599 508 2654 et
513 2580 665 2679 sacerdos
684 2608 717 2655 rs
734 2588 795 2657 ribi
801 2584 889 2682 soli,
917 2585 998 2657 exli.
1024 2582 1104 2658 cast.
1132 2584 1154 2657 l.
1182 2608 1211 2658 c.
1262 2587 1424 2662 Petaviiis
1439 2588 1516 2685 qui·
1610 2594 1614 2600 “

290 2686 380 2762 dern
397 2679 514 2778 offerre
532 2681 698 2777 paecepit,
725 2682 855 2754 nonde
872 2679 1134 2754 consecratione
1152 2678 1262 2755 sacrae
1279 2706 1432 2775 coenae,
1457 2684 1517 2761 sed

291 2776 480 2859 oblatione
497 2776 583 2851 laica
600 2783 793 2867 donorum,
818 2779 874 2850 vel
894 2777 954 2849 uso
972 2776 1220 2868 eucharistiae,
1244 2781 1311 2872 jam
1331 2801 1413 2855 ante
1430 2805 1516 2855 con·

291 2878 475 2961 secutae,
498 2869 586 2947 sicut
609 2870 717 2944 moris
740 2890 835 2961 erat,
859 2890 972 2964 panem
985 2869 1233 2968 somnolentum
1262 2875 1377 2949 secum
1407 2878 1516 2949 suine·

288 2995 356 3049 re:
380 2968 439 3045 sed
465 2967 549 3042 illud
575 2993 594 3043 a
619 2967 805 3040 Dodwello
831 2968 902 3061 jam
926 2965 978 3039 est
1000 2967 1211 3057 refutatum,
1251 2993 1319 3041 nec
1344 2972 1412 3043 ullo
1435 2971 1529 3042 moi

290 3068 356 3146 do.
371 3061 559 3141 consistere
584 3061 720 3160 potest:
765 3062 851 3135 sicut
876 3061 971 3132 enim
998 3065 1145 3152 tinguere
1170 3061 1327 3156 baptismi
1354 3062 1519 3154 adminis-¹

292 3161 511 3248 nationem,
552 3157 601 3233 ira
627 3158 744 3254 offerre
770 3155 998 3230 eucharistiae
1029 3156 1351 3249 consecrationem,
1392 3182 1434 3231 ac
1455 3184 1516 3234 ce·

294 3252 552 3342 lebrationem,
577 3254 755 3349 designare
782 3254 909 3326 debet:
935 3270 1140 3346 praeterea,
1165 3251 1341 3343 sidiizersa
1361 3254 1518 3330 Clerico·

294 3376 379 3429 roni
399 3372 440 3425 ac
463 3350 650 3424 Laicorum
677 3351 795 3420 ohlorio
822 3347 884 3443 ipsi
913 3345 1018 3418 suerit
1045 3344 1081 3420 in
1104 3368 1244 3438 mente,
1271 3368 1535 3447 argumentum·

291 3449 384 3529 inde
432 3468 473 3527 io
505 3445 626 3521 eadem
655 3444 841 3517 Laicorum
871 3442 1053 3538 disciplina
1076 3465 1199 3537 perere
1224 3468 1294 3518 non
1332 3448 1516 3544 potuisset.

280 3598 316 3608 ..
347 3541 379 3641 §.
403 3473 540 3621 dxli„
556 3564 589 3636 3.
618 3540 737 3612 Tertio
758 3539 827 3611 fert
855 3537 980 3628 thefis,
1011 3544 1153 3632 praxim,
1195 3565 1259 3650 qua
1287 3543 1436 3636 Clerici,
1479 3566 1522 3622 er

293 3661 375 3721 non
396 3635 515 3726 Laici,
549 3633 789 3710 administrant
811 3637 1044 3721 sacramenta,
1071 3659 1140 3709 nori
1166 3638 1323 3727 aliunde,
1349 3664 1449 3735 qoam
1471 3665 1525 3729 ex¹

298 3730 476 3810 Ecclesiae
502 3730 779 3821 constitutione,
804 3733 847 3805 ab
873 3731 1016 3814 ordine,
1040 3728 1078 3801 in
1103 3731 1256 3805 Ecclesia
1280 3732 1525 3828 observando,

298 3826 378 3905 esse
402 3827 634 3921 repetendam.
684 3826 754 3920 Jus
780 3828 917 3922 utrique
944 3824 1058 3898 ordini
1086 3828 1300 3900 Clcricorum
1327 3850 1363 3904 er
1390 3831 1523 3905 Laico·

295 3946 381 4002 runi
407 3945 593 3996 commune
619 3920 687 4008 est,
722 3922 777 4009 sed
802 3926 895 4009 ordo,
925 3921 969 3993 ab
993 3921 1145 4009 Ecclesia
1173 3924 1406 4012 introdiillos‚
1440 3926 1524 4002 cle·'

291 4043 378 4101 rum
410 4037 448 4092 er
470 4020 611 4114 plebem
645 4014 824 4106 distinxit,
863 4017 913 4090 ita
940 4037 978 4089 ur
1004 4018 1090 4089 illios
1120 4017 1263 4114 propria
1294 4020 1333 4094 sir
1360 4020 1449 4097 lissa
1471 4022 1525 4121 sa·‚

291 4133 555 4199 crementorum
580 4111 847 4188 administratio.
894 4111 1151 4207 Differentiam,
1177 4113 1311 4208 innuit,
1338 4118 1524 4217 imnodi-p

287 4238 365 4293 nem
393 4231 430 4284 et
448 4211 568 4299 plebem
587 4206 930 4305 constriunrcciestae
957 4214 1135 4294 autoritas,
1165 4231 1200 4285 rr
1216 4214 1311 4304 honor
1353 4232 1413 4307 per
1436 4213 1517 4286 ordi·

284 4312 358 4392 mk:
378 4303 547 4417 ronsefflm
561 4304 811 4407 formificatur.
848 4305 1022 4476 NQUOrum
1043 4304 1160 4394 ,sensns
1184 4307 1256 4403 est,
1288 4294 1391 4408 qo'm
1416 4306 1523 4410 dedi,

280 4448 355 4494 ,NJ
897 4423 999 4497 nng
1470 4430 1519 4485 ix
