3609 5500
1394 705 1611 784 Secul.
1659 704 1763 781 ΙΙ.
2636 726 2786 798 425·

456 887 517 988 5.
560 886 888 965 LXXIII.
970 908 1041 980 4.
1104 886 1243 963 Sed
1292 887 1479 962 idem
1543 889 1658 962 ille
1712 885 1967 962 Filium
2017 884 2320 962 credidit
2384 884 2524 962 effe
2574 887 2780 960 Patre

373 985 805 1074 interiorem,
850 984 1027 1058 adeo
1062 1007 1140 1058 ut
1173 986 1343 1080 ipsi,
1394 1008 1525 1082 qua
1574 984 1882 1082 origini,
1931 986 2167 1057 omnia
2204 1006 2493 1079 accepta
2543 982 2775 1071 ferat,

379 1082 577 1178 fitque
638 1082 790 1177 ipse
854 1083 1072 1154 Patris
1131 1082 1555 1155 administer.
1660 1108 1725 1154 a.
1780 1080 1936 1153 Lib.
1990 1080 2126 1152 IV:
2181 1102 2247 1173 7.
2310 1081 2583 1152 Patrem
2657 1080 2778 1151 de-

384 1182 573 1251 clarat
608 1194 766 1273 ‘non
817 1177 1136 1274 indigere
1186 1179 1477 1273 Angelis
1540 1175 1906 1264 ministris,
1989 1200 2133 1249 cum
2186 1176 2422 1248 habeat
2467 1174 2784 1271 copiosum

378 1291 435 1345 et
480 1275 911 1345 inenarrabile
959 1276 1419 1369 ministerium:
1496 1272 1825 1368 ministrat
1896 1275 2066 1343 enim
2137 1275 2195 1345 ei
2242 1274 2329 1342 ad
2389 1275 2599 1343 omnia
2647 1270 2786 1367 sua

372 1373 723 1464 progenies,
808 1389 882 1440 et
921 1371 1242 1465 figuratio
1287 1369 1425 1465 sua
1460 1422 1481 1455 ,
1562 1369 1832 1441 scilicet
1909 1370 2121 1441 Filius
2182 1384 2256 1441 et
2329 1368 2631 1464 Spiritus
2699 1372 2773 1443 S.

377 1470 433 1538 b.
478 1469 745 1537 Patrem
797 1486 939 1537 non
987 1467 1282 1560 potuiffe
1332 1463 1755 1539 manifestari
1804 1464 2244 1553 hominibus,
2315 1462 2582 1560 inquit,
2662 1464 2782 1539 sed

378 1560 614 1633 Filium
678 1584 845 1634 eum
924 1561 1353 1649 exhibuisse,
1433 1583 1592 1635 cum
1681 1558 1961 1647 visibiles
2021 1560 2410 1633 adsumeret
2471 1558 2784 1653 formas,

376 1655 668 1751 adeoque
715 1656 799 1729 in
844 1679 935 1727 eo
985 1655 1233 1729 Filium
1282 1653 1422 1728 esse
1482 1655 1917 1729 inferiorem.
2015 1656 2123 1728 Ita
2170 1658 2533 1745 Irenaeus,
2600 1654 2776 1753 Just.-

384 1751 621 1841 Mart.‚
702 1752 814 1825 uti
865 1771 1114 1825 contra
1163 1751 1440 1849 Tryph.
1497 1750 1559 1848 §.
1619 1773 1823 1845 127.,
1895 1768 1969 1822 et
2032 1751 2149 1824 alii
2199 1752 2507 1824 Veteres
2555 1753 2780 1827 locuti

381 1844 556 1936 sunt,
616 1846 812 1919 forte
863 1844 1031 1942 ipfi,
1100 1847 1267 1943 quid
1323 1846 1727 1936 statuerint,
1797 1868 1940 1919 non
1993 1846 2211 1918 intelli
2266 1866 2502 1919 entes:
2567 1868 2783 1944 quare

381 1942 544 2015 aliud
586 1940 760 2016 hinc
820 1942 1287 2038 colligendum
1344 1943 1601 2032 nolim,
1683 1966 1889 2039 quam
1942 1943 2161 2016 Patris
2251 1941 2784 2037 uperioritatem

378 2037 651 2133 aliquam
695 2041 788 2112 ab
842 2038 1003 2134 ipsis
1046 2037 1248 2113 fuiss'e
1298 2038 1648 2134 agnitam,
1703 2037 1821 2113 cui
1871 2060 2012 2110 non
2050 2040 2392 2112 convenit
2437 2038 2782 2115 visibilem

375 2132 639 2229 aliquam
701 2133 996 2208 formam
1046 2132 1446 2222 adsumere3
1578 2131 1716 2207 uod
1760 2133 1967 2205 'fecit
2020 2134 2274 2222 Filius,
2343 2134 2608 2231 quippe
2660 2139 2786 2211 Pa-

382 2229 489 2301 tris
530 2228 980 2317 administer3
1030 2251 1174 2302 non
1224 2230 1466 2325 utique
1565 2228 1915 2302 ivinitatis
1963 2228 2122 2300 Filii
2169 2228 2524 2322 respestu,
2579 2230 2695 2327 qui
2749 2276 2779 2292 -

379 2347 457 2413 pe
507 2348 584 2398 ae
634 2346 732 2398 ue
777 2323 1182 2414 invisibilis,
1231 2325 1348 2399 sed
1397 2325 1665 2398 formae
1715 2344 2048 2397 externae
2088 2321 2504 2403 adscititiae.
2610 2327 2778 2406 V1d.

373 2419 555 2493 lib.1
638 2447 656 2493 ε
716 2442 779 2495 c.
831 2426 900 2493 6.
972 2420 1090 2494 ubi
1160 2422 1339 2495 haec
1398 2422 1607 2494 etiam
1675 2417 2034 2517 fingularia
2099 2438 2477 2494 occurrunt
2521 2427 2777 2500 verba:

378 2512 673 2606 invisibile
736 2521 905 2591 enim
957 2516 1109 2587 filii
1149 2517 1398 2605 Pater,
1461 2513 1706 2608 visibile
1757 2532 1977 2589 autem
2025 2516 2252 2589 Patris
2315 2517 2549 2592 Filius.
2649 2522 2783 2596 Di-

371 2612 731 2686 vinitatem
781 2627 873 2686 ex
906 2614 1110 2685 Patre
1144 2609 1359 2686 habet
1391 2613 1645 2702 Filius,
1694 2611 1813 2685 sed
1861 2613 2103 2701 Pater,
2160 2612 2348 2709 quod
2398 2617 2780 2712 eognosca-

376 2722 479 2779 tur
521 2727 594 2781 et
642 2706 876 2782 videri
928 2707 1181 2803 possit,
1249 2705 1434 2782 Filio
1479 2707 1713 2784 debet.
1813 2706 2026 2814 Quod
2074 2730 2164 2781 eo
2219 2712 2294 2782 in
2343 2709 2463 2784 lib.
2515 2713 2780 2810 ubique

378 2803 679 2877 recurrit.
783 2830 840 2880 c.
888 2805 1095 2878 Pater
1140 2803 1523 2897 adpellatur
1568 2824 1743 2876 unus
1792 2804 1990 2876 Deus
2036 2803 2547 2898 Omnipotens,
2616 2831 2781 2882 cum

382 2897 566 2992 juxta
605 2897 950 2973 Christum
1008 2901 1431 2989 collocatur,
1511 2899 1628 2994 qui
1697 2916 1868 2969 tunc
1925 2899 2242 2969 Dominus
2292 2897 2594 2987 dicitur,
2678 2905 2790 2976 cui

379 2996 574 3086 juxta
633 2998 1090 3092 beneplacitum
1152 2995 1385 3068 Patris
1447 3018 1624 3066 omne
1673 3014 1844 3086 genu
1894 2989 2187 3089 flebit-ret
2261 3009 2402 3066 etc.
2452 2996 2496 3067 1.
2548 2997 2608 3068 1:
2667 3022 2782 3074 10.

385 3087 497 3158 Sic
549 3089 591 3162 1.
642 3089 770 3164 111:
825 3114 939 3166 12.
1037 3091 1246 3163 Elius
1299 3095 1387 3165 ab
1430 3114 1541 3178 eo,
1611 3090 1721 3186 qui
1773 3085 1868 3184 est
1921 3090 2200 3159 omnium
2243 3085 2466 3179 Deus,
2535 3098 2786 3191 accepit

382 3181 778 3279 potestatem,-
859 3185 1086 3262 rursus
1134 3201 1195 3260 c.
1252 3210 1363 3277 19.
1461 3185 1678 3258 Filius
1726 3182 1988 3258 dicitur
2048 3186 2118 3257 in
2163 3183 2247 3280 se
2289 3186 2522 3260 habere
2594 3212 2782 3285 eam,

377 3303 525 3387 quae
575 3278 669 3378 2st
714 3287 802 3355 ab
857 3281 1219 3381 Altiffimo‚
1294 3287 1685 3378 genituram.
1780 3277 2100 3355 Eximius
2162 3283 2238 3354 in
2302 3281 2549 3378 primis
2598 3285 2787 3363 hanc

382 3397 451 3446 in
494 3399 635 3450 rem
683 3376 787 3450 est
842 3379 1033 3452 locus
1086 3380 1129 3453 l.
1180 3379 1276 3452 ss:
1326 3401 1389 3452 c.
1443 3403 1559 3475 30.
1621 3374 1744 3451 ubi
1791 3377 2034 3464 Pater,
2112 3395 2437 3474 tanquam
2486 3380 2791 3457 summus

388 3469 600 3563 Deus,
653 3471 1028 3569 magnifice
1076 3472 1538 3564 describitur,
1587 3492 1662 3547 et
1712 3473 1914 3567 supra
1947 3473 2238 3562 Filium,
2288 3495 2374 3545 ac
2401 3476 2737 3569 Spiritum
2765 3537 2781 3565 ‚

388 3565 495 3637 etsi
543 3568 622 3640 ad
660 3592 818 3641 eum
849 3568 1327 3664 pertinentes,
1375 3570 1759 3644 extollitur.
1865 3567 2036 3642 Vid.
2090 3569 2305 3642 etiam
2356 3567 2477 3643 lib.
2528 3573 2658 3646 111:
2709 3581 2777 3649 3.

388 3664 443 3731 d.
487 3661 811 3759 Denique
865 3668 907 3739 l.
958 3668 1051 3739 11:
1108 3675 1224 3745 28.
1275 3690 1363 3739 ex
1418 3665 1669 3753 licans,
1717 3686 1852 3760 qua
1898 3662 2168 3735 ratione
2217 3661 2529 3737 Christus
2573 3668 2789 3741 ultimi

385 3759 501 3827 diei
530 3756 880 3853 scientiam
911 3761 1032 3835 soli
1065 3761 1248 3833 Patri
1291 3762 1593 3848 tribuat,
1627 3758 1764 3847 ait,
1799 3755 2127 3853 discamus
2147 3777 2266 3852 per
2293 3761 2337 3832 1
2356 3757 2553 3854 sum,
2586 3762 2789 3861 super

381 3859 578 3925 omnia
612 3853 1057 3949 qffePatrem,
1098 3879 1271 3954 ergo
1310 3856 1525 3930 etiem
1546 3854 1819 3950 superF
1822 3854 2065 3944 ilium,
2110 3877 2270 3927 cum
2396 3854 2524 3929 tim
2558 3863 2785 3949 addat,

380 3964 600 4021 etenim
643 3954 882 4041 Pater,
933 3950 1196 4048 inquit,
1258 3977 1356 4025 me
1395 3957 1606 4050 major
1660 3947 1774 4047 est.
1871 3950 2041 4022 Nec
2087 3969 2319 4025 tamen
2368 3952 2533 4027 illud
2581 3956 2789 4026 nimis

385 4045 756 4136 urgendum
812 4045 952 4138 est,
999 4043 1174 4137 acfi,
1222 4048 1611 4138 Christum,
1679 4068 1817 4155 qua
1861 4044 2119 4120 Filium
2168 4045 2356 4135 Dei,
2419 4047 2789 4121 secundum

387 4138 682 4214 divinam
746 4162 1101 4239 naturam,
1185 4141 1311 4225 fibi
1371 4145 1844 4244 ignorantiam
1912 4139 2096 4221 illam
2141 4143 2372 4221 Marc.
2424 4141 2625 4214 X111:
2674 4165 2789 4234 32,

483 4234 659 4314 Tom.
707 4238 861 4317 ΠΙ.
1535 4236 1743 4317 Hhh
2375 4234 2765 4314 adtribuere
2777 4310 2809 4354 ³
