3609 5500
684 732 688 739 ’
729 734 838 813 sacua
862 726 916 813 lv·
979 792 1006 823 ,-
1347 732 1421 833 ios

213 916 298 994 mila
319 912 382 993 est.
437 912 574 991 Eodem
598 912 695 991 enim
724 912 1004 1015 inaugurationla
1035 912 1094 991 die
1126 912 1193 993 tria
1229 910 1421 995 hominum

211 1016 302 1089 milia
331 1008 473 1088 Christo
496 1035 625 1086 nomen
651 1012 844 1102 dederunt,
879 1014 927 1087 ib.
953 1034 1014 1123 4¹·
1039 1008 1164 1111 quibua
1189 1014 1249 1088 alii
1271 1015 1341 1090 sese
1359 1016 1416 1092 in·

211 1111 277 1183 dier
297 1108 550 1204 adjunxerunt,
573 1110 621 1182 ib.
647 1130 706 1203 47.
740 1108 901 1182 Secunda
917 1108 1000 1180 dem
1015 1106 1110 1183 Petri
1128 1108 1244 1182 oratio
1258 1109 1416 1209 quinque

209 1204 381 1278 hominurn
398 1202 504 1277 millia
522 1202 662 1278 Christo
677 1201 729 1277 est
746 1207 894 1292 lucrata,
920 1202 1000 1277 Aet.
1029 1204 1103 1276 lVr·
1122 1225 1158 1295 4.
1185 1201 1311 1300 ingens
1328 1230 1420 1285 morr-

207 1302 355 1374 virorum
380 1317 420 1373 et
444 1298 628 1374 mulierum
652 1300 758 1397 copia
788 1299 962 1373 adsociata
984 1294 1036 1371 est
1059 1297 1255 1391 Ecclesiae,
1288 1300 1336 1375 ib.
1361 1306 1415 1378 Va
1448 1304 1451 1311 '

208 1418 261 1486 14.
283 1398 332 1469 ita
348 1412 391 1468 nt
417 1412 514 1467 tanta
540 1396 612 1491 jam
636 1394 745 1468 suerit
772 1393 929 1469 fidelium
954 1388 1080 1491 copia,
1111 1411 1150 1467 ut
1165 1412 1301 1470 metum
1330 1418 1417 1495 pro·
1544 1440 1547 1447 ·

202 1492 335 1579 ceribus
363 1490 575 1587 Judaeornm
609 1488 818 1579 incusserit,
861 1492 910 1565 ib.
945 1492 996 1565 V:
1030 1495 1088 1563 26.
1120 1511 1269 1567 numero
1298 1494 1418 1573 adhuc

203 1588 368 1660 continuo
399 1582 600 1673 crescente,
640 1584 712 1659 five
742 1586 1024 1675 Hebraeorum,
1043 1583 1267 1753 Judaeorum
1302 1592 1355 1665 ori
1386 1592 1415 1651 '-

200 1706 265 1767 ne,
299 1680 370 1755 sive
395 1680 688 1771 Hellenistarurn,
731 1682 946 1756 Graecorum
1030 1676 1124 1754 iem
1152 1682 1313 1780 origine,
1366 1686 1414 1765 ed

203 1776 368 1875 religione
399 1777 654 1873 proselytorum
678 1776 890 1873 Judaeornm
917 1776 965 1852 ib.
1038 1772 1128 1851 lar.
1160 1777 1213 1850 ita
1239 1800 1280 1852 ur
1306 1784 1387 1883 cop‘
1471 1816 1481 1831 ·

202 1872 428 1949 Credentinm
455 1870 528 1969 jam
552 1870 659 1948 suerit
676 1872 825 1946 maxima
841 1870 1123 1969 Hierosolymis,
1157 1896 1224 1983 per
1239 1875 1415 1971 ipsoseti·

203 1990 263 2043 arn
284 1966 480 2043 sacerdotes
510 1966 670 2043 audin-c.
697 1970 766 2042 VI:
792 1988 826 2061 7.
876 1968 978 2067 Quae
1012 1966 1131 2043 omnia
1153 1986 1247 2044 rnrra
1276 1992 1425 2068 quatuor.

202 2069 367 2139 annorum
385 2061 556 2158 spatium,
581 2063 688 2137 initio
704 2086 724 2136 a
740 2060 870 2137 Christi
888 2062 1114 2138 adscensrone
1124 2062 1260 2156 sumto,
1288 2090 1411 2165 perac-

206 2176 245 2235 ta
258 2156 340 2236 sarna
386 2156 557 2255 Stephani
582 2160 677 2233 enim
696 2158 923 2255 martyrium,
947 2178 985 2231 et
1012 2155 1106 2233 Pauli
1129 2162 1337 2257 conversro,
1356 2166 1419 2254 in·¹

198 2252 311 2427 pidit,
339 2251 443 2326 utin
470 2252 546 2328 vita
572 2255 668 2329 Pauli
692 2252 865 2347 vidimus,
906 2255 944 2328 in
971 2276 1052 2329 ann.
1078 2252 1153 2350 Caji
1181 2279 1308 2350 rmum,
1340 2280 1417 2340 aen·

237 2408 246 2425 .
320 2372 416 2423 mum.
453 2420 459 2426 .

241 2372 460 2546 §.giZCXllL
499 2445 648 2521 Secunda
675 2441 844 2544 periodus
875 2442 927 2522 est
957 2444 1132 2523 Ecclesiae
1162 2468 1229 2544 per
1249 2449 1412 2529 Palaesti·
1496 2536 1500 2545 ,

199 2564 301 2631 nam,
338 2558 376 2613 et
392 2538 529 2615 vicinat
550 2565 589 2615 re
616 2540 735 2631 ones,
758 2545 880 2641 Syn'ae
901 2543 999 2618 forte
1023 2561 1061 2617 et
1079 2542 1250 2637 Arabiae,
1282 2570 1412 2647 propa·

242 2656 319 2725 tae,
341 2632 414 2709 sese
438 2658 482 2709 ue
496 2658 590 2745 aper
605 2638 791 2732 acutione,
816 2638 863 2713 lic
878 2638 992 2730 dilla,
1016 2638 1228 2736 Stephanica
1244 2644 1350 2739 nsque
1368 2645 1413 2720 ad

216 2730 385 2843 ecpndum
411 2658 507 2806 inuri
524 2751 601 2842 'rtet
629 2732 941 2836 Hierosolymam,
969 2758 1049 2811 cum
1077 2732 1232 2845 colledis
1257 2739 1412 2814 eleemo·

199 2829 312 2926 symr,
334 2825 395 2902 seu
415 2851 436 2900 a
460 2827 536 2923 Cajr
564 2853 634 2904 rma
657 2855 727 2906 aer.
753 2830 862 2928 Vulg.
888 2851 965 2928 37,ι
981 2831 1023 2904 ad
1048 2831 1182 2905 Clandrr
1208 2837 1310 2924 gaium
1334 2857 1409 2910 aer.

200 2923 251 2999 V.
272 2945 322 3019 43
355 2921 528 3020 porrigit,
564 2925 723 3021 adeoque
753 2947 924 3000 annorum
947 2927 1023 3016 sea.
1071 2927 1160 2998 eum
1193 2927 1238 2997 de
1272 2928 1412 3034 epocha

205 3017 439 3094 converfionir
461 3018 577 3111 Pauli,
611 3023 705 3096 unde
731 3019 862 3118 incipit
887 3018 1077 3115 periodus,
1108 3039 1145 3094 et
1170 3019 1312 3093 secundr
1336 3024 1414 3120 ejus

202 3113 337 3204 itineria
360 3111 561 3202 Hierosol,
585 3116 645 3189 nbi
670 3113 815 3207 delinit,
839 3117 941 3212 snpra
965 3114 1003 3188 in
1029 3113 1104 3188 vita
1128 3113 1221 3188 Pauli
1245 3114 1411 3195 disserue-

200 3210 284 3301 rim,
319 3210 382 3284 ser
407 3231 579 3284 annorum
629 3210 720 3304 esta,
745 3216 855 3290 relate
876 3212 920 3284 ad
947 3208 1123 3284 Ecclesiae
1145 3210 1412 3309 multiplicatio·

203 3328 298 3396 nem,
321 3305 387 3379 hic
409 3301 578 3380 enarrasse
597 3235 787 3384 lirffecerit,
832 3307 1018 3403 Stephano
1042 3306 1221 3403 lapidato,
1247 3333 1326 3386 cum
1346 3336 1409 3388 ve·

205 3401 346 3475 hemena
367 3399 556 3476 Ecclesram
584 3401 942 3502 Hierosolymitanam
972 3402 1157 3476 invaderet
1186 3405 1409 3502 persecutio,
1457 3481 1461 3490 Α

205 3495 382 3592 discipuli,
472 3519 491 3570 r
514 3496 681 3593 Judaeam
703 3519 742 3573 et
766 3499 956 3573 Samariam
980 3495 1145 3596 disper-si,
1185 3505 1411 3580 manentibus

204 3591 380 3689 Apostolis
445 3591 695 3691 ierosolymae,
735 3595 956 3692 euangelium
981 3617 1049 3690 per
1078 3617 1201 3667 omnes
1230 3591 1304 3669 illas
1339 3597 1409 3672 cir·

206 3690 439 3763 cnmtulerunt
454 3688 638 3786 regiones,
669 3690 719 3762 ita
743 3711 783 3763 ut
806 3691 879 3785 ipsa
901 3687 1077 3778 Samaria,
1103 3688 1270 3785 Philippo
1293 3693 1413 3769 Euan·

204 3783 343 3880 gelista,
367 3805 440 3855 uno
464 3785 498 3857 se
528 3804 599 3859 tem
619 3786 758 3860 illorum
783 3783 864 3859 Act.
889 3785 959 3858 VI.
982 3803 1274 3878 memoratorum,
1300 3812 1409 3864 euan-

249 3881 333 3954 lium
356 3878 613 3972 adnunciante‚
645 3883 774 3955 maltos
788 3877 927 3954 Christo
949 3878 1087 3953 dederit
1110 3881 1295 3956 credentes
1325 3887 1410 3960 Ast.

205 3903 304 4050 ilelIl:
338 3995 374 4064 5.
421 3975 602 4071 Philippus
634 3977 719 4052 dein
749 3973 951 4074 peragravit
983 3977 1084 4049 urbes
1117 3976 1325 4065 maritimas,
1366 4002 1412 4051 ac

208 4070 402 4145 Caesaream
417 4069 604 4165 pervenit,
630 4075 678 4150 ib.
702 4097 784 4171 4o.,
810 4071 992 4168 tantosque
1011 4072 1208 4169 progressus
1234 4071 1321 4146 fecit
1346 4097 1416 4146 eu-

205 4166 399 4264 angelium,
424 4183 466 4251 ut
479 4165 633 4266 Jndaea,
657 4165 829 4342 Sarnaffi,
857 4186 896 4240 et
913 4169 1066 4247 Galilaea
1089 4165 1417 4346 repletaeEfnelrffi

849 4284 871 4362 3
1282 4281 1353 4336 ccc
