3609 5500
597 801 603 813 ’
697 748 916 855 deensis.
1128 858 1132 865 ,
1356 796 1429 877 435

205 952 346 1046 neon,
363 947 544 1051 sennonem
564 948 787 1053 etsemetipsr
798 954 1004 1050 proferendo,
1031 952 1149 1029 Filium
1159 952 1296 1056 fecisti,
1321 974 1354 1035 et
1369 982 1426 1035 en·
1512 986 1524 995 ·

205 1056 275 1125 inde
300 1048 394 1124 omni
414 1052 609 1147 dispositioni
625 1050 712 1149 suae
737 1055 953 1145 voluntatique
973 1052 1122 1148 praefeci
1149 1077 1176 1127 e.
1535 1116 1552 1137 Ι

248 1148 279 1247 5.
305 1149 471 1222 Lxxxi.
507 1150 563 1219 De
588 1149 697 1219 altero
715 1147 932 1221 Christianae
957 1148 1041 1223 fidei
1069 1150 1233 1243 dogmate
1257 1151 1423 1249 capitali,
1512 1148 1516 1155 ’

203 1243 451 1339 Satitfaiiionr'r
473 1266 540 1337 pro
571 1243 760 1339 peccaris,
783 1262 820 1316 et
843 1243 884 1315 ad
912 1244 1008 1317 vitae
1037 1262 1201 1318 aeternae
1225 1249 1425 1343 acquisitio·

202 1348 303 1429 n'em,
322 1336 458 1428 iasine,
482 1340 628 1412 nomine
646 1336 957 1435 insignirisolito,¹
970 1342 1089 1435 paucis
1108 1340 1254 1438 defungi
1271 1363 1423 1437 potero,

114 1478 124 1485 -
203 1456 283 1509 cum
314 1436 492 1520 Veteres,
528 1436 800 1530 generalioribus
831 1437 1009 1531 phrasibus
1040 1434 1225 1526 contenti,
1267 1458 1442 1517 mentem.

202 1552 272 1604 non
296 1528 534 1626 explicuerint
569 1530 784 1617 adcuratius,
827 1531 899 1603 siue
924 1530 1016 1629 quod
1050 1533 1141 1606 nulla
1171 1534 1215 1606 de
1245 1556 1287 1607 ea
1304 1533 1422 1609 'fuerit

202 1637 298 1700 niota
321 1622 500 1722 quaestio,
526 1624 598 1697 five
622 1626 714 1721 quod
738 1625 885 1720 scripta,
926 1648 1011 1724 quae
1034 1628 1219 1717 habemus,
1261 1628 1425 1704 contine·

202 1740 261 1795 ant
287 1725 344 1794 vel
370 1718 550 1815 apologias
574 1739 696 1794 contra
716 1721 897 1811 Gentiles,
923 1724 980 1793 vel
1005 1722 1042 1794 in
1068 1743 1167 1817 parte
1189 1726 1335 1815 morali,
1359 1744 1422 1800 aut

202 1815 406 1891 sublimiore
440 1815 610 1888 scientiae
643 1817 967 1911 contemplatione,
1010 1820 1203 1893 versentur.
1255 1823 1323 1895 Sed
1351 1841 1424 1898 nort

201 1913 321 1987 desunt
352 1932 472 1983 tamen
499 1912 672 1983 luculenta
688 1909 848 1985 veritatis
871 1909 972 2009 hujus
990 1912 1207 2005 testimonia,
1234 1940 1322 2012 quae
1338 1936 1423 2013 pau‘·

202 2010 236 2083 lu
256 2005 475 2094 adcuratius,
501 2029 602 2102 quarn
627 2004 758 2079 fassum
782 2005 834 2080 est
855 2011 899 2106 ab
924 2012 1019 2095 aliis,
1049 2010 1238 2105 proferam.
1290 2014 1424 2110 ignati·

200 2125 239 2177 us
262 2129 318 2203 ep.
343 2101 391 2176 ad
408 2101 513 2174 Rom.
539 2101 571 2199 5.
597 2108 630 2177 6.
654 2103 744 2173 illurn
759 2124 892 2198 quaero,
918 2102 1055 2199 inquit,
1082 2112 1136 2199 qui
1157 2125 1215 2199 pto
1235 2114 1324 2205 nobis
1341 2128 1426 2181 ntor·

202 2214 274 2272 tuus
299 2198 373 2295 ess,
406 2196 496 2266 illum
520 2199 607 2285 oola,
632 2202 686 2291 qui
705 2214 834 2291 propter
859 2222 914 2270 nos
938 2199 1133 2292 resurrexit:
1158 2204 1199 2273 ad
1226 2205 1363 2299 Smyrn.
1388 2202 1422 2301 5

202 2316 245 2383 t.
280 2300 379 2369 Haec
403 2296 510 2365 omnia
528 2291 640 2387 paffur
666 2292 714 2390 esi
733 2309 862 2388 propter
879 2318 957 2382 nos,
983 2310 1017 2363 ut
1027 2295 1171 2389 salutem
1190 2296 1423 2393 consequantur.

168 2481 171 2485 A
202 2394 281 2463 Caro
305 2384 429 2485 Christi
449 2405 508 2480 pro
530 2391 678 2479 pcccatis
706 2387 821 2485 nosltir
852 2388 947 2485 paffu
974 2389 1029 2485 esl.
1080 2390 1203 2489 Qualia
1228 2394 1336 2467 effata
1362 2418 1423 2469 oc·

200 2506 353 2560 currunt·
372 2486 409 2556 in
435 2482 598 2576 genuinis
628 2483 704 2579 ejus
726 2483 858 2580 Epist,
900 2508 1044 2581 quarum
1080 2485 1169 2558 ratio
1197 2506 1333 2563 tantum
1361 2491 1423 2563 ha·

202 2574 315 2659 benda
337 2578 414 2669 est,
450 2580 558 2676 plura.
605 2578 649 2651 In
671 2584 827 2676 martyrio
850 2604 988 2676 quoque
1012 2582 1086 2678 ejus
1109 2581 1346 2660 introducitur
1369 2586 1423 2660 di·

200 2674 281 2752 sere
304 2676 337 2787 5.
368 2699 401 2760 a.
458 2670 600 2769 Clerislus
621 2675 654 2745 in
671 2697 795 2752 erucem
810 2673 948 2773 sustulit
970 2694 1140 2772 peccorum
1164 2700 1278 2755 meum.
1320 2682 1424 2755 ¹Eun·

203 2773 283 2847 dem
312 2797 353 2846 tn
387 2771 530 2845 modum
563 2772 597 2842 lo
625 2770 717 2843 tritor
747 2774 959 2868 Polycarpus
992 2775 1029 2846 in
1063 2771 1194 2865 Epist,
1236 2775 1288 2847 uti
1323 2775 1355 2871 5.
1386 2799 1418 2851 1.

204 2887 261 2964 pto
285 2871 431 2962 peccatis
457 2863 573 2961 ncslrir
585 2794 749 2960 sustinuit
771 2883 924 2948 mortem,
949 2882 980 2936 et
1004 2869 1119 2956 gratia
1137 2865 1332 2960 seroamur,
1348 2866 1424 2959 stne

209 2967 372 3056 operibus,
390 2984 447 3059 per
457 2959 763 3058 ClitisluinJesum,
786 2959 819 3058 5.
839 2970 871 3040 8.
897 2958 1052 3040 Christus
1067 2957 1201 3030 dicitur
1214 2964 1335 3056 pignus
1346 2961 1423 3058 jusl

206 3061 302 3131 ntiae
326 3059 471 3157 nasicae,
495 3074 526 3129 et
551 3054 657 3153 nosma'
676 3055 814 3150 peccata
836 3059 874 3130 in
898 3055 986 3148 ligno
1007 3051 1181 3149 pertuleffe.
1232 3058 1423 3154 Smyrnen·

206 3153 250 3229 sis
271 3155 423 3230 Ecclesia
445 3154 482 3226 in
509 3152 616 3249 Epist.
641 3150 685 3250 de
704 3149 875 3249 martyrio
900 3150 1084 3248 Polycarpi
1111 3149 1227 3248 517.
1253 3148 1422 3250 testatur,

208 3253 282 3324 Cliti
310 3275 365 3324 unt
392 3269 452 3344 pro
474 3247 587 3346 salute
613 3251 771 3336 omnium,
812 3249 866 3343 qui
901 3249 935 3319 in
962 3263 1027 3319 toto
1057 3247 1170 3319 mundo
1194 3245 1286 3345 solui
1312 3249 1421 3345 fient,

202 3251 328 3446 possi‘rn
349 3345 432 3443 ff,
455 3347 652 3437 inculpatum
662 3362 722 3437 pro
734 3345 972 3438 peccatoribus.
1019 3341 1140 3415 Exstat
1166 3365 1340 3441 quoquee
1384 3371 1433 3419 e·-

207 3448 285 3538 gius
310 3447 408 3518 locus
429 3439 522 3538 apud
545 3442 715 3514 Hermam
741 3439 779 3512 in
803 3436 942 3512 Pastore
969 3440 991 3514 l.
1015 3439 1079 3511 111.
1115 3436 1211 3514 simil.
1239 3456 1310 3532 sta.
1369 3443 1421 3516 us·

211 3539 303 3613 tinus
321 3541 432 3613 Mart.
459 3553 556 3613 cont.
584 3533 723 3644 Tryph.
749 3558 784 3631 p.
812 3555 869 3629 32.
895 3531 1165 3608 satisfaiiionem
1190 3534 1338 3623 Christi,
1364 3537 1425 3614 sed

211 3633 255 3708 ad
282 3657 389 3732 genus
418 3633 603 3705 humanum
636 3655 673 3705 m
701 3652 832 3726 genere
865 3629 1065 3715 extensam,
1105 3631 1299 3704 luculenter
1322 3631 1422 3705 adfir-

210 3748 302 3817 mat,
327 3729 467 3816 dieens,
499 3743 611 3798 totum
640 3747 750 3823 genus
771 3723 956 3797 humanum
986 3721 1162 3818 peccasse,
1194 3744 1232 3797 et
1259 3726 1422 3804 maledic-

210 3825 302 3901 tioni
325 3825 393 3898 esse
421 3820 634 3910 obnoxium,
659 3823 779 3894 Deum
803 3818 921 3913 itaque
946 3816 1113 3908 voluisse,
1139 3836 1177 3892 ut
1201 3820 1355 3895 Christus
1382 3849 1426 3900 en

207 3925 294 3995 omni
316 3919 496 3992 mortalium
527 3939 642 4011 genere
671 3918 807 3990 omniton
835 3916 1066 3987 malediiiiones
1095 3918 1274 4008 exciperet:
1315 3917 1425 3994 ficet

210 4041 248 4114 p.
274 4039 356 4110 323,
374 4035 412 4096 et
428 4037 510 4110 327.
536 4012 596 4085 ubi
612 4010 653 4084 ad
674 4013 838 4085 credentes
855 4007 1055 4106 restringit,
1081 4009 1220 4100 dicens,
1236 4011 1423 4088 Christum

185 4099 432 4186 'liberationem
467 4133 489 4180 a
524 4122 622 4195 morte
655 4105 913 4203 restpiscentilrur
947 4123 978 4180 et
1003 4107 1202 4178 credentibus
1233 4105 1423 4201 conciliasse.

210 4208 298 4286 Vid.
324 4226 424 4308 etp.
452 4225 548 4302 259.·
586 4201 685 4285 Inter
718 4203 915 4376 fragmenta
940 4201 1128 4284 Melitonis
1149 4199 1363 4372 sudefflfl'·
1381 4197 1440 4312 dr

470 4345 480 4358 ·
554 4378 559 4386 ,
760 4331 763 4380 1
794 4319 876 4384 tta
1241 4363 1243 4368 .
1331 4317 1432 4378 Otxte
