3609 5500
736 859 743 943 Ῑ
826 897 935 974 ntur.
961 898 1016 974 rr.
1103 907 1107 914 ·
1355 958 1359 964 .
1446 921 1521 1000 453

299 1076 435 1177 ,riisque
459 1071 582 1152 eorum
606 1076 788 1153 ordinibus
812 1076 933 1176 postea
957 1079 1001 1153 ad
1027 1079 1095 1154 sec.
1122 1079 1250 1155 thum
1273 1080 1429 1177 pluribus
1451 1079 1520 1156 dis-

302 1180 438 1264 sera1n3
476 1199 558 1249 cum
593 1175 701 1249 nostri
735 1174 803 1250 sec.
837 1176 1024 1272 scriptores
1058 1200 1180 1272 parum
1214 1177 1258 1248 de
1288 1179 1334 1251 iis
1354 1182 1520 1259 habeant.

303 1273 457 1347 Tertull.
484 1273 530 1345 de
554 1271 703 1346 Praescr.
729 1271 917 1345 haerete.
942 1295 1002 1361 41.
1050 1272 1254 1344 Haereticis
1268 1274 1415 1368 objicit,
1439 1281 1522 1374 quod

300 1372 395 1442 nulla
421 1371 508 1463 apud
537 1390 589 1440 eor
612 1367 653 1441 srt
678 1367 1018 1441 catechumenorum
1052 1386 1090 1439 et
1113 1368 1268 1440 fidelium
1294 1369 1519 1466 differentia-3

297 1468 336 1539 in
356 1469 494 1559 primis,
535 1462 669 1559 inquit,
700 1465 774 1559 quit
799 1465 1067 1552 catechumenus,
1100 1467 1172 1558 quis
1189 1464 1323 1558 fidelis,
1362 1471 1522 1547 incertum

296 1560 370 1659 est,
391 1564 519 1657 pariter
541 1561 678 1648 amant,
710 1562 833 1655 pariter
857 1561 1013 1648 andiunt,
1032 1568 1157 1657 pariter
1179 1575 1284 1633 orant.
1335 1562 1520 1660 inquibus

299 1655 578 1756 generalioribus
605 1678 698 1728 nunc
722 1652 1009 1749 acquiescendum
1039 1653 1101 1729 ert
1152 1660 1316 1729 Ceterum
1350 1661 1519 1737 catechu-

283 1752 420 1829 menis
445 1749 666 1825 instituendis
697 1749 833 1823 scholae
860 1751 1027 1847 quaedam
1058 1770 1158 1825 etant
1189 1750 1403 1844 destinatae,
1436 1780 1519 1851 qua-

298 1849 354 1924 les
378 1846 450 1920 fuit
482 1847 630 1919 celebris
658 1845 911 1936 Alexandriae,
951 1847 1048 1940 cujus
1079 1845 1324 1920 successionem
1357 1873 1402 1924 ex
1426 1852 1478 1926 fra

295 1962 428 2018 mento
460 1941 614 2038 Philippi
647 1941 776 2015 Sidetis
807 1941 954 2015 exhibet
979 1940 1182 2021 Dodwellus
1213 1941 1255 2015 ad
1279 1947 1399 2017 calcem
1431 1948 1520 2026 Di.

298 2041 547 2118 Irenaicaram:
572 2037 632 2112 ubi
655 2037 901 2135 Athenagoras
930 2056 1143 2111 memoratur
1165 2036 1316 2133 primus,
1342 2040 1423 2115 dein
1440 2045 1521 2119 Cle·

290 2159 406 2212 ruens
428 2132 554 2224 Ater,
580 2152 655 2207 tum
678 2135 890 2230 Pantaenus,
915 2133 977 2230 qui
1002 2153 1118 2207 tamen
1145 2134 1189 2207 ab
1204 2133 1284 2209 Eus.
1310 2137 1357 2212 ll.
1384 2139 1454 2215 Vl:
1481 2165 1517 2236 3.

296 2226 555 2331 praemittitur.
603 2227 877 2325 Adpellabantur
903 2230 1115 2319 Catecltrtae,
1147 2232 1402 2307 claustrarium
1426 2236 1521 2314 Duo·

301 2344 405 2402 turer.
451 2346 485 2400 2.
510 2325 612 2399 Statu
636 2323 881 2398 catechumeni
906 2326 1097 2420 explicito,
1131 2327 1275 2417 nomina
1299 2329 1357 2402 sua
1380 2328 1521 2407 desere·

293 2423 411 2510 bant,
449 2443 538 2518 quae
563 2419 600 2493 in
624 2422 739 2495 album
770 2440 808 2492 et
833 2421 1017 2494 matricem
1047 2419 1221 2493 Ecclesiae
1252 2420 1519 2520 reserebantur,

285 2539 404 2594 more
435 2538 455 2588 a
484 2515 633 2590 civitate
666 2534 703 2588 et
734 2514 880 2606 militia,
922 2517 1005 2590 dum
1036 2514 1134 2589 cives
1158 2535 1194 2587 et
1219 2516 1348 2593 milites
1373 2521 1518 2599 nomina

286 2610 466 2717 profiteri
493 2610 667 2700 solebant,
703 2612 872 2706 repetito.
924 2613 1063 2686 Diserta
1087 2609 1173 2684 licet
1199 2610 1301 2707 hujus
1324 2613 1410 2691 ritus
1442 2641 1520 2695 non

282 2726 491 2787 occurrant
515 2705 584 2781 hoc
608 2706 677 2781 sec.
705 2704 920 2798 testimonia,
945 2731 1025 2782 eum
1050 2707 1124 2803 jam
1147 2706 1336 2784 obtinuisse
1352 2714 1520 2807 probabi·

286 2808 332 2885 ‘le
357 2802 431 2894 est,
471 2825 552 2877 cum
578 2804 672 2900 quod
706 2827 762 2876 res
788 2800 863 2900 ipsa
895 2803 931 2877 id
965 2803 1102 2900 exigat,
1142 2823 1182 2877 ut
1206 2804 1415 2899 Christiani,
1456 2811 1521 2907 qui

284 2900 459 2979 ·'metnbta
479 2899 556 2974 sunt
572 2898 775 2987 Ecclesiae,
809 2899 1083 2994 cognoscantur,
1117 2919 1189 2972 tum
1213 2923 1337 2974 eorum
1360 2927 1518 2979 comme·
1560 2906 1563 2914 '

297 2995 455 3074 motatio
479 2993 688 3069 nominatim
712 2993 822 3067 suerit
842 2993 932 3072 faeta
954 2993 992 3067 in
1009 2992 1247 3067 Eucharistiae
1265 2997 1349 3081 usu3
1376 3019 1414 3072 ut
1429 3024 1518 3078 mox

345 3094 448 3169 tebit.

287 3118 382 3286 ΡΒ.
407 3188 534 3262 XCIX.
570 3209 602 3281 3.
629 3186 777 3260 Tertius
799 3184 893 3259 ailus
916 3183 1175 3280 praecedaneus
1202 3185 1271 3260 suit
1297 3185 1439 3283 publica
1464 3201 1525 3262 ηε

297 3286 469 3362 mactatio
501 3281 672 3370 Diabolo,
712 3307 888 3380 pompae,
929 3300 966 3353 et
990 3280 1137 3376 Angelis
1160 3280 1252 3375 ejus,
1295 3307 1337 3356 ac
1363 3284 1517 3361 vanitati

297 3379 429 3469 seculi,
464 3397 503 3451 ut
526 3397 626 3450 erant
649 3377 805 3468 theatra,
837 3379 982 3466 scenae,
1008 3374 1211 3471 spesiacula.
1260 3381 1364 3475 Cujus
1388 3381 1518 3456 diserte

296 3471 467 3555 meminit
495 3474 644 3547 Tertull.
671 3493 831 3570 tanquam
857 3475 917 3547 diu
942 3473 1155 3559 obtinentis,
1183 3497 1264 3547 cum
1288 3497 1333 3548 ex
1353 3478 1515 3554 traditio·

266 3590 284 3601 “
299 3597 349 3650 ne
365 3567 571 3682 Apostolica
588 3588 744 3664 repetat,
777 3570 814 3643 in
830 3569 907 3643 libr.
934 3568 978 3641 de
1000 3567 1202 3664 spettaculis
1220 3594 1251 3645 c.
1276 3594 1310 3661 4.
1331 3591 1368 3645 et
1384 3597 1517 3651 corona

300 3669 426 3742 militis
451 3688 483 3738 c.
509 3687 544 3755 4.
580 3666 639 3736 ubi
666 3688 742 3739 earn
766 3663 1068 3738 renunciationem
1098 3665 1152 3737 bis
1183 3665 1252 3739 effe
1276 3665 1399 3740 sustam
1425 3669 1519 3745 indi·

305 3782 388 3851 cat,
410 3761 513 3835 semel
538 3761 640 3854 paulo
665 3782 747 3834 ante
774 3760 936 3856 baptismi
962 3759 1076 3832 astum
1101 3761 1159 3832 sub
1185 3783 1289 3833 manu
1313 3760 1516 3853 Antistitis,

306 3860 422 3932 altera·
439 3856 520 3929 vice
546 3856 582 3926 in
610 3856 685 3951 ipso
711 3856 893 3953 baptismo.
945 3855 1004 3928 Sic
1029 3876 1066 3928 et
1089 3855 1133 3927 de
1157 3859 1245 3928 cultu
1260 3855 1401 3950 foemin.
1429 3882 1460 3932 c.
1482 3883 1516 3936 2.

305 3957 359 4033 Hi
380 3952 457 4050 sunt
473 3952 614 4043 Angeli,
642 3952 776 4026 scilicet
803 3954 901 4038 ntuli,
929 3954 1044 4044 quibus
1068 3953 1101 4021 in
1126 3950 1254 4025 lavacro
1278 3958 1518 4039 renrmciamus.

277 4051 385 4129 ·Hic·
397 4068 514 4123 autem
533 4049 619 4119 ritus
637 4048 755 4141 postea
771 4048 806 4121 in
827 4050 1036 4144 exorcismum
1053 4046 1305 4141 degeneravit3
1332 4052 1430 4147 cujus
1446 4053 1518 4126 hoc

305 4147 374 4222 sec.
401 4145 530 4218 nullum
555 4145 710 4231 occurrit
734 4144 934 4241 vestigium.
981 4167 1016 4233 4.
1044 4143 1153 4217 Hunc
1169 4146 1282 4217 atium
1308 4145 1457 4219 solennis
1476 4148 1517 4218 fi·

305 4242 363 4317 dei
389 4237 539 4335 cortseffio
563 4244 728 4331 excepit:
753 4244 852 4336 cujus
876 4240 1002 4312 diserta
1027 4236 1138 4310 exstat
1161 4242 1251 4335 apud
1269 4243 1359 4313 Iten.
1386 4243 1460 4318 ll.
1486 4265 1517 4315 c.

308 4361 341 4432 9.
367 4339 525 4430 mentio,
550 4334 611 4413 ubi
629 4337 675 4413 τὸν
700 4322 809 4415 xlm
823 4340 1049 4506 r‘rrLrlhpbelas
1071 4337 1240 4429 regulam,
1265 4360 1406 4439 nortuum
1416 4356 1429 4426 ,·
1453 4339 1522 4447 neri

278 4464 286 4471 ·
965 4456 984 4528 3
1444 4445 1528 4506 latit
