3609 5500
422 737 491 826 372
807 719 959 822 Aaron
982 720 1111 822 rocos.
1138 718 1253 821 orm.

428 922 466 980 et
504 923 550 976 ex
589 893 884 996 Philosophorum
910 901 1050 1000 scriptis
1101 897 1263 976 illustrat.
1321 895 1468 973 Nomen
1492 896 1623 972 Serona-

433 1015 502 1072 tum
532 995 685 1068 tulerunt
710 1017 731 1066 a
754 995 927 1070 varietate
950 998 1178 1085 eruditionis,
1220 992 1313 1092 quafi
1339 996 1622 1092 Miscellaneam,

427 1095 489 1170 seu
513 1094 673 1168 rariorum
707 1089 814 1164 libros
845 1092 952 1167 dicar.
1000 1095 1087 1169 Vox
1113 1093 1208 1166 enim
1241 1099 1419 1189 ςςιματίυι
1441 1115 1462 1164 a
1482 1089 1625 1183 stragula·

424 1213 503 1264 rum
529 1184 699 1275 vestium,
738 1187 835 1260 varie
861 1208 1130 1279 contextarum,
1171 1190 1357 1286 multiplici
1392 1191 1509 1262 colore
1535 1181 1626 1280 peti·

424 1305 502 1359 tom
530 1280 599 1356 est:
626 1282 679 1355 uti
703 1280 776 1376 ipse
801 1283 919 1357 innuit
943 1286 965 1358 l.
991 1285 1058 1359 lV:
1086 1307 1118 1358 2.
1166 1284 1236 1356 Sed
1260 1282 1415 1358 octavus
1439 1285 1547 1370 liber,
1575 1275 1627 1372 qui

425 1377 602 1477 superest,
627 1376 716 1449 nthil
739 1375 880 1452 videtur
899 1401 981 1451 curn
1006 1376 1149 1475 reliquis
1173 1377 1303 1451 habere
1326 1401 1537 1462 commune,
1558 1396 1629 1479 cnm

423 1495 537 1552 artem
554 1470 793 1563 dialediicam,
818 1473 1067 1565 definitiones,
1093 1472 1306 1562 divisiones,
1323 1493 1363 1547 et
1382 1470 1632 1548 demonstrato·

421 1595 486 1648 nes
513 1569 616 1643 unice
641 1568 764 1643 tradat.
815 1569 921 1644 Unde
952 1568 1071 1643 nescio
1094 1593 1197 1658 num,
1240 1568 1403 1644 otlavnm
1428 1570 1555 1642 librum
1572 1587 1627 1659 pe·

426 1664 542 1754 riille,
567 1659 663 1735 redit
691 1659 811 1758 colligi
840 1664 964 1761 poffit,
997 1664 1132 1755 minor,
1165 1683 1203 1736 et
1225 1661 1322 1738 illum
1345 1665 1521 1751 deficere,
1544 1662 1628 1754 cujus

422 1759 588 1838 meminit
611 1759 712 1833 Pbot.
737 1759 824 1834 Bibl.
850 1760 929 1833 cod.
957 1763 1327 1849 111.,cumodavum
1351 1760 1481 1834 librum
1497 1757 1628 1851 inscrip-

420 1857 544 1946 tione,
585 1871 622 1925 et
641 1853 693 1926 rei
719 1851 893 1948 subjediae
918 1856 1083 1943 materia,
1109 1879 1130 1928 a
1161 1856 1305 1952 reliquit
1329 1855 1548 1951 discrepare,
1585 1849 1628 1924 di·

424 1953 517 2028 serre
550 1947 671 2022 tradat.
725 1947 829 2051 Quod
857 1973 945 2024 vero
980 1950 1076 2024 addit
1101 1949 1205 2024 Phot.
1237 1955 1276 2023 in
1307 1950 1386 2025 libr.
1410 1955 1629 2024 stromateon

424 2047 535 2142 aliqua
565 2041 679 2116 minus
701 2043 779 2116 sana
809 2041 1015 2137 occurrere,
1055 2044 1197 2120 nonde
1223 2045 1351 2120 odiavo
1380 2065 1540 2134 tanturn,
1576 2039 1627 2114 sed

421 2137 564 2237 reliquis
588 2137 695 2212 etiarn
725 2137 823 2213 libtir
856 2141 1122 2238 intelligendum
1146 2137 1207 2215 est.
1255 2143 1396 2215 Interea
1420 2141 1628 2226 notandum,

421 2244 566 2314 marum
591 2233 716 2308 librum
748 2257 820 2308 non
844 2234 946 2309 fuisse
979 2236 1071 2332 apud
1094 2257 1217 2309 omnes
1239 2238 1413 2324 eundem3
1440 2239 1518 2311 alii
1543 2234 1629 2308 enirn

418 2333 546 2408 librum
576 2333 646 2424 puis
678 2331 765 2402 diret
786 2326 939 2424 salvetur
962 2353 1029 2426 pro
1054 2354 1099 2403 eo
1124 2330 1341 2420 habuerunt,
1366 2352 1519 2411 notante
1543 2333 1625 2404 Piro-

419 2427 495 2516 tio‚
520 2423 579 2498 alii
605 2445 691 2496 vero
708 2425 837 2514 eclogas
853 2419 1004 2520 Propior.
1032 2424 1090 2500 seo
1107 2447 1275 2523 excerpta
1290 2429 1481 2522 Prophet,
1506 2425 1558 2502 uti
1574 2427 1628 2498 Fa·

418 2522 507 2598 bric.
533 2517 617 2590 Bibl.
645 2518 712 2623 Gr..
732 2517 753 2589 1.
781 2520 827 2591 V.
854 2521 1074 2610 observavit,
1113 2521 1174 2616 qni
1199 2523 1306 2620 etiam
1330 2523 1376 2596 de
1410 2524 1520 2597 variis
1552 2543 1627 2629 ope·
1691 2584 1692 2593 ,

417 2640 495 2692 rum
520 2614 629 2686 Clem.
657 2611 869 2685 edrtronibus
893 2615 1121 2692 consulendus
1145 2615 1213 2691 est:
1239 2617 1423 2692 novissima
1444 2640 1482 2692 et
1502 2637 1629 2715 optima
1691 2652 1692 2655 ¹

418 2711 472 2791 est
494 2708 633 2785 Potteri
658 2707 776 2815 Orion.
806 2729 919 2802 1715,
952 2710 1010 2785 sed
1035 2730 1175 2808 praeter
1192 2712 1257 2787 hor
1278 2715 1385 2789 libros
1399 2714 1581 2810 supersunt
1594 2727 1629 2784 et

416 2810 476 2889 alii
502 2802 684 2893 tractatus,
708 2802 792 2878 1b1d.
818 2805 939 2893 obvii,
965 2806 1024 2903 qui
1050 2807 1130 2881 sunt
1147 2826 1300 2904 excerpta
1317 2835 1337 2885 e
1356 2810 1495 2906 scriptis
1515 2811 1629 2885 Theo·

416 2904 518 2993 doti,
546 2902 605 2975 ubi
623 2898 876 2996 explicationes
893 2902 1023 3000 Script.
1049 2926 1094 2975 ex
1120 2926 1241 2977 mente
1261 2903 1512 2980 Gnosticorum
1535 2910 1631 3001 adpa-

418 3019 520 3088 rent,
556 3018 628 3071 non
653 2996 776 3069 nullius
798 2996 927 3092 pretii,
962 2998 1004 3071 ad
1029 3020 1151 3071 eorum
1177 2997 1628 3107 systemaintelligendum,

418 3115 581 3171 necnon
610 3112 715 3173 ercet
743 3110 776 3161 ta
803 3095 1111 3187 exProphetarum
1135 3091 1294 3189 scriptis:
1336 3120 1424 3193 quae
1451 3099 1626 3175 noviffine

418 3189 515 3261 edita
540 3208 677 3281 quoque
719 3202 780 3256 unt
804 3208 824 3255 a
848 3188 1010 3259 Fabricio
1035 3192 1057 3261 l.
1083 3211 1115 3262 c.
1148 3189 1209 3261 ubi
1237 3210 1274 3264 et
1298 3193 1444 3268 aliorum
1467 3196 1626 3269 librorum

416 3283 532 3355 Clem..
554 3278 819 3371 deperditorum
852 3279 1048 3377 fragmenta
1073 3283 1314 3379 reperiuntur,
1339 3287 1494 3382 denique
1520 3289 1625 3382 singu·

415 3374 496 3450 latis
520 3371 683 3447 trablatus
706 3372 749 3479 td
775 3374 891 3449 Marc.
916 3380 961 3451 X:
991 3399 1101 3470 17.-·
1123 3378 1185 3453 sub
1210 3381 1335 3472 titu10,
1369 3387 1441 3478 puis
1466 3380 1630 3480 diversas·

415 3488 519 3549 vetur.
567 3468 666 3541 Plura
692 3491 751 3563 qur
778 3470 865 3542 velit
884 3472 928 3544 de
946 3471 1140 3547 Clementis
1163 3475 1257 3566 vita,
1290 3480 1475 3575 operibus,
1501 3498 1537 3551 et
1556 3475 1630 3573 opi·

411 3566 596 3731 nionibpr,
638 3562 740 3637 adeat
773 3584 915 3659 praeter
945 3566 1033 3643 alios
1066 3570 1243 3646 clericum
1275 3573 1314 3648 in
1347 3573 1436 3648 Bibl.
1463 3569 1625 3649 Univers.

415 3682 503 3739 tom.
566 3712 574 3732 ·
703 3728 708 3733 .

462 3756 493 3855 §.
509 3744 639 3859 ‘XXV
673 3753 805 3829 Varios
836 3779 974 3863 quoque
1002 3758 1076 3853 ejus
1110 3785 1241 3836 naevos
1275 3764 1426 3858 protulit
1457 3765 1623 3839 Blondell.

412 3850 457 3929 de
483 3847 601 3943 Sibyll.
628 3848 648 3920 l.
673 3849 701 3923 1:
730 3858 763 3925 6.
789 3849 897 3924 storea
924 3853 1125 3950 principia,
1160 3857 1199 3928 in
1221 3858 1318 3933 libris
1341 3863 1417 3957 ejus
1441 3861 1566 3957 sparsa,
1593 3862 1629 3932 in

411 3950 525 4025 lucem
553 3942 727 4050 protraxit
752 3946 947 4023 Barbeirac.
972 3952 1093 4023 moral.
1119 3951 1180 4023 des
1206 3954 1310 4026 Peres
1333 3980 1411 4052 cap.
1438 3979 1473 4046 5.
1498 3980 1551 4028 er.
1577 3979 1628 4063 gr.

411 4062 536 4121 verum
569 4054 607 4111 et
630 4035 865 4117 Christianum
903 4042 1111 4119 Gnosticum
1148 4047 1218 4121 esse
1245 4046 1443 4147 poffionr'but
1478 4051 1628 4147 superro-

408 4162 505 4233 rem,
544 4132 662 4232 quales
684 4132 829 4213 suerunt
854 4137 1019 4236 Apostoli
1043 4138 1125 4238 post
1148 4143 1301 4240 Spiritus
1330 4150 1365 4224 S.
1408 4146 1632 4231 effusionem,
