3609 5500
349 833 360 851 l

428 858 432 868 ι

713 905 743 944 ³¹
830 897 938 979 Sec'ui.
962 897 1021 978 In·
1455 931 1529 1012 395

237 1063 251 1114 t

239 1141 242 1154 .
335 1077 606 1175 indubium,
641 1098 682 1159 et
712 1078 946 1182 disputarunt.
1000 1079 1108 1193 Quod
1138 1078 1314 1190 lilitaque
1339 1086 1440 1180 libri,
1474 1093 1522 1171 de

237 1230 242 1252 ,
354 1177 443 1258 uibus·
466 1182 605 1280 agitur,
645 1181 715 1255 sec.
740 1183 816 1254 llda
848 1180 1093 1268 innotuerint,
1135 1198 1242 1253 etlam
1268 1206 1349 1257 curn
1382 1190 1445 1262 reli
1471 1190 1526 1268 uit

237 1285 241 1300 '
333 1197 443 1352 beriae
464 1281 502 1352 in
528 1300 602 1351 uno
636 1277 762 1350 codice
788 1273 987 1372 conjuntli‚
1032 1272 1125 1369 quod
1151 1274 1288 1350 inficias
1314 1280 1365 1353 ire
1389 1289 1525 1378 nolim,

335 1363 366 1439 in
388 1375 610 1463 ensuerunt,
634 1390 799 1468 tanquam
822 1367 1183 1477 Ecclesiasticilibri,
1208 1393 1246 1443 et
1270 1374 1396 1449 dubiae
1420 1402 1523 1454 auto·

331 1458 448 1560 n'utiu
487 1469 539 1543 uti
563 1492 608 1543 ex
624 1467 703 1542 nus.
728 1467 816 1540 locis
839 1466 958 1541 citatis
981 1464 1068 1538 miln
1106 1467 1341 1562 colligendum
1367 1472 1521 1553 videtur.

236 1569 239 1578 '
329 1551 591 1676 Usurpabantur,
615 1564 755 1660 publice
778 1565 988 1658 legebantur
1006 1560 1166 1656 quidem,
1192 1562 1368 1638 Dotlores
1385 1590 1524 1666 quoque

321 1647 454 1736 lebonis
483 1683 547 1735 eos
570 1660 913 1754 interpretabantur,
954 1680 996 1729 ac
1018 1657 1251 1747 illustrabant,
1293 1661 1380 1735 sicut
1408 1668 1521 1744 Clem.
1610 1743 1615 1752 ,

316 1744 417 1832 Alea
440 1754 630 1852 Epistulam
649 1752 792 1849 Jacobi,
815 1753 875 1827 sed
900 1752 994 1825 idem
1021 1752 1111 1825 fecit
1136 1752 1174 1825 in
1191 1752 1299 1850 Epist.
1326 1759 1523 1854 Barnabae,

311 1858 355 1916 ¹0
386 1854 413 1927 A
437 1851 613 1948 ocalypsrn
635 1851 731 1923 Petri
755 1846 846 1922 teste
869 1847 996 1922 Euseb.
1023 1849 1091 1921 Vl:
1123 1871 1177 1936 14.
1212 1851 1271 1946 qui
1295 1876 1360 1946 pro
1385 1856 1524 1934 divinit

305 1949 392 2022 Ποῦ
410 1877 485 2024 irnt
517 1945 635 2022 babiti
667 1944 767 2033 libri,
807 1967 877 2018 nec
909 1942 1049 2039 majoris
1082 1943 1280 2018 autoritatis
1310 1971 1350 2023 ac
1375 1953 1527 2029 necten-

300 2029 434 2134 ¹stiti,
465 2061 504 2116 et
531 2040 659 2117 dubiae
682 2038 841 2138 originis.
889 2038 961 2135 Qui
987 2061 1090 2112 verns
1115 2062 1239 2114 eorum
1266 2040 1432 2121 librorum
1449 2047 1523 2125 fuit

296 2137 529 2237 c(unitatibus.
573 2136 768 2231 Origenes,
793 2155 833 2208 ut
862 2132 955 2207 dieta
979 2135 1205 2243 confirment,
1237 2137 1377 2214 dubiam
1401 2167 1526 2224 eorum

293 2234 536 2310 intentarem
560 2232 708 2320 diserte,
730 2228 821 2303 telle
844 2230 925 2312 Eus.
952 2230 974 2303 l.
1005 2253 1037 2304 c.
1062 2254 1082 2302 a
1109 2251 1230 2319 novit,
1262 2233 1378 2311 locum
1404 2259 1526 2318 tamen

292 2312 373 2401 fis
396 2329 484 2405 bant.
510 2331 578 2405 Vl.
611 2328 648 2400 in
671 2324 797 2426 Josratn
824 2324 923 2399 dedit
957 2324 1053 2433 inter
1076 2255 1291 2417 beronices,
1333 2356 1403 2407 non
1430 2335 1526 2431 quod

289 2419 363 2496 td
390 2447 448 2502 ena
470 2424 728 2524 pertinuerint,
767 2421 865 2496 seda
889 2422 1008 2494 mulus
1033 2441 1211 2494 luterens
1239 2431 1522 2508 numerabantur.

285 2507 420 2620 Quae
451 2541 537 2596 vera
568 2517 619 2592 est
651 2517 818 2614 Origenis
855 2516 918 2589 illo
949 2516 987 2590 in
1020 2517 1101 2589 loeo
1134 2517 1316 2596 sententia.
1371 2525 1527 2622 Epistol·

320 2633 460 2715 unque·
477 2613 663 2714 Jacobi'in
690 2612 825 2688 Latinis
848 2610 989 2707 scriptis
1006 2613 1191 2714 Origenis,
1217 2616 1269 2687 nti
1296 2619 1391 2696 nom.
1422 2645 1463 2718 13
1486 2622 1527 2703 iu

283 2623 431 2805 ben,
466 2720 486 2794 8
513 2713 551 2785 in
575 2708 712 2798 Exod,
745 2731 768 2782 a
794 2707 831 2781 in
856 2709 944 2782 Lev.
971 2706 1100 2781 citatur
1122 2728 1162 2780 ut
1185 2714 1360 2808 genuina,
1402 2716 1526 2801 sedin

285 2796 451 2885 Cotum.
476 2806 514 2882 in
538 2807 620 2903 Joh.
647 2824 807 2900 tanquam
832 2804 958 2877 dubiae
983 2803 1183 2878 autoritatis

350 2904 399 3005 ης
420 2903 555 2979 XLVI.
608 2925 642 2975 a.
675 2899 862 2974 Librorum
895 2896 1096 2974 divinorum
1136 2920 1173 2973 et
1208 2901 1528 2987 Eccleliasticorunu

293 2999 546 3088 commixtio,
570 2998 641 3070 hoc
657 2997 723 3071 sec.
740 2995 850 3084 fabia,
876 3017 1046 3069 canonem
1064 2995 1230 3068 librorum
1248 2998 1419 3074 sacrorum
1439 3025 1526 3077 nun.

288 3081 403 3170 ¹than
414 3095 514 3171 inille
530 3092 734 3180 definitum,
759 3091 810 3164 uti
826 3089 966 3187 postea,
993 3109 1031 3160 et
1049 3112 1161 3176 nunc,
1180 3093 1271 3185 apud
1288 3093 1526 3189 Christianos,

298 3188 409 3265 mili
428 3190 597 3267 evincere
621 3187 782 3274 videtur,
815 3207 897 3268 cunr
926 3182 1137 3279 promiscuus
1163 3184 1268 3258 fuerit
1294 3210 1415 3263 eornm
1441 3192 1531 3272 nsua.

302 3270 449 3385 Utique
466 3285 596 3380 scripta
615 3286 723 3358 Clem.
749 3282 876 3370 Rom„
902 3279 1097 3367 Barnabae,
1123 3297 1160 3351 et
1178 3279 1344 3371 aliorum,
1369 3285 1531 3367 similium

295 3370 466 3458 -Citarunt
483 3401 523 3455 ut
541 3380 654 3469 sacra,
672 3399 710 3452 et
728 3375 856 3450 scholia
868 3376 906 3451 in
925 3399 986 3450 eos
996 3376 1104 3450 libros
1120 3375 1253 3451 torrscri
1282 3379 1415 3473 serunt,
1440 3383 1533 3465 haud

306 3460 415 3555 secus
438 3479 504 3553 acsi
521 3476 635 3550 divini
660 3472 793 3561 client,
820 3472 912 3550 unde
940 3471 1012 3562 est,
1040 3474 1131 3567 quod
1148 3474 1226 3548 Ens.
1253 3402 1278 3549 i.
1301 3499 1331 3550 c.
1357 3502 1419 3552 eos
1443 3482 1534 3580 eju}

310 3556 400 3646 den
423 3575 524 3650 luisse
548 3567 766 3659 autoritatis,
790 3568 904 3658 dicat,
930 3593 970 3643 at·
995 3567 1105 3664 Epist.
1130 3570 1276 3665 Jacobr,
1301 3573 1395 3648 Petri
1412 3596 1451 3649 et
1469 3581 1535 3676 Jo.

343 3673 439 3745 annis
471 3666 702 3763 posteriores,
742 3661 812 3738 elie
844 3666 942 3740 enirn
966 3689 1087 3738 eorum
1122 3666 1277 3739 omnium
1300 3667 1443 3744 dubiam
1474 3698 1535 3750 aa·

298 3759 519 3857 -turitatem,
544 3785 651 3861 quare
664 3761 880 3857 prontisctnta
895 3785 1020 3835 eorum
1043 3762 1210 3839 librorum
1227 3761 1295 3845 fuit
1311 3764 1399 3841 usur.
1450 3770 1533 3850 Eul'.

300 3835 376 3933 Ἠ.
397 3864 462 3937 VI:
491 3885 548 3956 13.
578 3859 623 3931 de
647 3860 755 3932 Clem.
786 3857 891 3955 aller.
923 3855 1070 3943 adserit,
1110 3853 1225 3950 ipsum
1257 3857 1393 3934 adferre
1423 3863 1538 3943 soiem

312 3952 497 4047 ⁸‘liburnia
523 3958 783 4050 Scripturarum,
822 3954 936 4046 artibus
962 3977 984 4023 a
1012 3954 1171 4025 muntiis
1195 3955 1445 4049 conradatur,
1468 3959 1536 4039 sci·

333 4040 406 4127 icet
436 4078 482 4129 ex
505 4053 696 4148 Sapientia,
732 4071 815 4147 quae
839 4049 959 4119 dicitur
990 4047 1192 4137 Saloutaria,
1211 4066 1255 4121 at
1289 4073 1331 4123 tx
1357 4053 1536 4149 Sapientia

297 4128 467 4238 .·82·„,b,·‚
490 4172 538 4223 ex
560 4145 708 4244 Epistola
734 4147 777 4219 ad
801 4144 988 4231 Hebraeos,
1012 4147 1091 4215 item
1105 4166 1149 4216 ex
1168 4146 1365 4238 Barnabae,
1390 4153 1538 4228 Clamau-

318 4240 389 4335 ⁸is,
413 4273 453 4320 ac
477 4245 592 4339 Judae
611 4238 777 4339 epistolis:
802 4238 875 4314 vid.
899 4257 938 4312 et
955 4237 1041 4313 ibid.
1066 4260 1100 4313 c.
1127 4262 1184 4329 14.
1209 4261 1276 4314 nec
1292 4262 1367 4315 non
1382 4244 1539 4323 testima-

301 4332 380 4417 «Ᾰίι
410 4341 522 4443 Epist.
551 4341 730 4419 Barnabae
765 4331 1089 4511 Petrisstffdbpnst.
1130 4335 1319 4449 cauata
1340 4339 1538 4521 praetuli}
