3609 5500
740 910 747 920 ’
807 891 1034 1008 Βὁέσιιὶ.’Π.
1153 933 1167 999 “.
1476 954 1566 1040 4⁴55¹

303 1089 464 1185 liarent
481 1109 605 1200 decus,
631 1133 675 1185 ne
691 1112 736 1185 'ob
754 1110 1011 1210 simplicitatem
1028 1110 1427 1204 contemnerentur,'uti
1447 1114 1567 1198 Tert.·

333 1213 358 1261 <⁴-
388 1202 509 1306 bapt.
527 1210 565 1281 in
583 1209 688 1282 initio
715 1209 869 1298 indicat,
892 1227 962 1282 tum
988 1227 1026 1282 ut
1044 1231 1099 1280 res
1122 1208 1335 1305 spirituales,
1361 1230 1399 1283 et
1417 1211 1563 1306 srgnili·¹

309 1302 459 1398 catate,
491 1301 649 1377 vividius
671 1304 963 1399 exprimerentur.
1016 1305 1122 1401 Quod
1149 1304 1280 1399 ipsum,
1320 1304 1392 1377 hoc
1417 1308 1484 1381 sec.
1511 1328 1549 1386 et

339 1398 507 1497 aneps
530 1401 748 1495 aliquandiu,
764 1451 770 1462 ·
786 1402 871 1473 licet
896 1401 1110 1490 innocuum,
1153 1420 1190 1472 et
1213 1399 1359 1495 pietatis
1385 1403 1549 1499 plenum,

306 1471 459 1579 postea
481 1498 519 1568 in
547 1495 828 1593 superstitionem
854 1497 1094 1594 degeneravit.
1142 1497 1301 1568 Pertinet
1318 1517 1406 1568 vero
1423 1498 1466 1571 ad
1480 1499 1550 1576 hoa

305 1583 447 1681 rstirs,
478 1611 644 1687 quantum
668 1615 712 1665 ex
738 1593 975 1665 monumentis
999 1592 1100 1686 liujus
1123 1590 1188 1665 sec.
1214 1611 1322 1688 patet.
1374 1615 1406 1666 r.
1433 1595 1548 1669 Unilir

357 1694 445 1759 ert.
467 1686 511 1760 de
536 1689 630 1783 bapt.
654 1711 687 1761 c.
714 1709 747 1780 7.
772 1691 890 1762 exinde·
907 1684 1022 1784 egreffl
1045 1691 1083 1758 dr
1099 1690 1249 1777 lauacro,
1272 1691 1480 1783 perungimur
1492 1693 1560 1770 lte-,-

299 1771 461 1867 taediata
484 1787 645 1872 unitione,
670 1787 708 1857 de
731 1784 869 1881 pristinu
892 1783 1060 1880 disciplina
1081 1779 1281 1888 (Judaica,)
1306 1810 1367 1876 qua
1386 1790 1464 1879 ungi
1479 1787 1561 1866 oleo,

296 1871 346 1926 ἠ
365 1875 602 1965 sacerdotium
615 1878 789 1991 solebant:
824 1904 894 1976 quo
920 1880 996 1976 ipso
1016 1880 1203 1974 spiritualis
1228 1882 1391 1973 panditur
1415 1880 1559 1978 signifi·¹
1612 1969 1615 1975 Ι

296 1967 458 2066 (βίω,
481 1998 519 2049 m
543 1998 588 2047 eo
604 1978 703 2062 larus,
730 1976 822 2070 quod
841 1974 1009 2072 baptizati
1036 1975 1168 2046 fuerint
1193 1973 1305 2047 habiti
1333 1976 1410 2050 veri
1428 1976 1554 2062 Christ.

293 2059 448 2161 nani,
470 2070 625 2144 nominis
644 2071 779 2161 Christi,
804 2069 864 2145 seu
879 2070 996 2160 uuili,
1022 2068 1233 2166 participes,
1258 2089 1296 2143 et
1313 2069 1454 2165 spiritus
1470 2074 1546 2169 eius
1645 2125 1647 2129 ψ

288 2157 718 2254 contestariorum,
745 2166 881 2263 inquit,
907 2171 1085 2238 carnaliter
1099 2169 1203 2238 currit
1219 2170 1342 2255 unitio,
1359 2165 1425 2263 sed
1440 2167 1547 2266 spiri·

290 2250 475 2336 tltaliter
502 2264 643 2360 proficit.
697 2264 870 2336 Meminit
902 2265 1010 2336 etiam
1041 2263 1116 2357 ejus
1141 2261 1229 2336 ritus
1260 2264 1339 2337 adv.
1372 2266 1488 2343 Marc.
1518 2268 1561 2346 It,

300 2353 407 2436 ¹4.
453 2359 519 2435 Sed
536 2359 623 2432 hinc
649 2358 796 2432 extundi
819 2358 941 2456 nequit
956 2358 1201 2454 sacramentum
1225 2360 1478 2453 confirmationis
1488 2380 1548 2453 per

285 2433 503 2546 chrisma,
532 2453 652 2552 postea
676 2455 873 2550 aliquandiu
897 2453 1096 2541 inveitum,
1138 2472 1177 2525 ut
1202 2452 1262 2525 suo
1285 2457 1367 2526 loco
1395 2456 1558 2551 patebit..¹

388 2550 514 2648 quitur
544 2553 638 2623 enim
664 2551 767 2623 Tert.
800 2550 844 2624 de
868 2552 940 2624 ritu
967 2571 1046 2623 curn
1072 2548 1243 2643 baptismo
1278 2570 1465 2641 connexo,
1500 2569 1551 2635 et

284 2627 442 2719 ‘’leuru
456 2644 658 2742 fimpliciter
674 2666 865 2734 memorat,
890 2669 963 2718 non
982 2661 1198 2739 unguentum,
1223 2644 1300 2719 adu.
1326 2646 1442 2721 Marc.
1471 2649 1494 2724 l.
1513 2672 1558 2730 c..

284 2733 410 2813 nee
430 2744 465 2818 iu
486 2741 644 2832 vertice,
675 2741 733 2814 sed
763 2741 881 2814 fronte
906 2741 1033 2830 fiebat,
1077 2761 1115 2814 ut
1139 2765 1184 2814 ex
1209 2741 1310 2816 Tert.
1336 2743 1545 2842 praescript.

285 2831 352 2911 (ε.-
383 2858 455 2933 40.
479 2839 597 2934 colligi
622 2835 748 2934 potest.
799 2836 868 2912 Sed
892 2838 1008 2909 notari
1033 2855 1207 2924 meretur,
1239 2841 1394 2910 unitionis
1419 2843 1559 2924 nullam.

292 2919 441 3025 ..uifle
465 2933 591 3008 fabiam
613 2958 633 3006 a
658 2930 744 3029 Just.
769 2936 824 3007 M.
857 2933 1097 3005 mentionem:
1138 2954 1262 3004 verum
1291 2956 1370 3005 eam
1396 2938 1552 3030 reperiri

287 3021 348 3083 ¹¹¹
410 3029 550 3129 Eclogis
585 3028 768 3101 Theodoti
799 3029 889 3124 apud
925 3029 1034 3100 Clem.
1066 3027 1189 3110 Alex„
1228 3026 1385 3119 adeoque
1418 3032 1558 3111 natales,

314 3124 419 3200 ,¹103
441 3126 535 3199 forte
569 3125 697 3198 debere
724 3122 995 3197 Valentinianis.
1045 3141 1076 3191 2.
1102 3122 1233 3190 Manus
1265 3143 1402 3216 quoque
1428 3124 1556 3219 bapti·.

288 3207 427 3295 zatis
453 3221 596 3296 fuerunt
619 3218 807 3310 inpositae,
848 3235 888 3290 ut
919 3220 1090 3289 advocetur
1113 3216 1253 3309 Spiritus
1279 3215 1336 3303 S.,
1370 3217 1406 3289 T
1407 3236 1472 3292 ert.
1498 3219 1558 3301 de-

294 3281 435 3403 bapt·
459 3340 491 3391 c.
521 3326 553 3396 8.
607 3315 769 3411 llenique
802 3340 837 3410 3.
859 3316 912 3386 lac
939 3332 976 3384 et
1003 3311 1070 3382 mel
1102 3311 1303 3406 gustandum
1334 3310 1376 3384 iis
1400 3318 1556 3408 praebe-,-

290 3374 439 3507 bapt,
464 3411 500 3485 in
517 3411 650 3508 srgnum
676 3415 812 3485 recentis
829 3412 1018 3483 natiuitatis
1041 3430 1104 3502 per
1127 3404 1429 3503 regenerationem
1453 3413 1557 3491 lava·.

288 3492 378 3601 (ΓΞ
394 3558 412 3593 ,
436 3508 537 3582 Tert.
561 3507 606 3580 de
630 3530 752 3582 coron.
777 3508 845 3579 mil.
872 3530 901 3579 c.
931 3529 962 3599 3.
989 3524 1025 3576 et
1049 3523 1172 3576 contra
1198 3507 1313 3577 Marc.
1338 3506 1367 3578 l:
1396 3530 1451 3598 14.
1475 3532 1552 3605 quo.

287 3588 445 3675 Qum
468 3604 588 3677 alludit
613 3605 722 3676 Clem.
754 3603 863 3675 Alern-
890 3600 1036 3693 Paedag.
1062 3600 1089 3671 l:
1118 3607 1151 3672 6.
1199 3601 1368 3672 Barnabas
1393 3627 1480 3676 vero
1506 3609 1556 3685 in

297 3656 469 3788 EDist„
502 3698 564 3795 ipsr
590 3697 740 3786 tributa,
772 3696 803 3795 ᾗ.
829 3701 862 3770 6.
897 3696 922 3767 fi
949 3696 1042 3767 forte
1066 3693 1108 3792 ad
1133 3692 1229 3767 hunc
1262 3697 1366 3767 ritum
1393 3721 1463 3770 non
1489 3723 1555 3772 re·-

303 3786 511 3883 neaera,
554 3795 647 3891 quod
674 3812 773 3867 certo
805 3790 977 3864 adfirmari
1015 3787 1156 3882 nequit,
1187 3790 1394 3885 spiritualem
1430 3812 1549 3873 tamen

299 3872 552 3964 'ntelestum
578 3890 704 3977 tradit,
730 3888 824 3960 simul
845 3886 980 3973 innuit,
1007 3884 1048 3956 ad
1074 3888 1128 3956 luc
1151 3904 1181 3955 et
1207 3889 1287 3973 mel,
1313 3885 1437 3981 quibus
1454 3907 1555 3967 terra.

349 3990 517 4074 ananaea
540 3985 753 4073 abundabat,
786 3982 973 4077 respexille
998 3982 1169 4052 Veteres:
1203 4006 1300 4075 quare
1323 3986 1376 4054 luc
1397 4005 1429 4055 rt
1456 3992 1556 4061 mel?-

242 4076 247 4083 ’
305 4064 460 4168 “Jgam
486 4100 524 4152 et
540 4081 746 4174 respondet,
771 4081 917 4174 quonium
934 4075 1044 4165 infans
1058 4077 1196 4170 primum
1214 4080 1326 4166 melle,
1356 4095 1423 4151 rum
1444 4084 1547 4171 lade,

308 4164 490 4267 missit,
515 4181 563 4248 ita
581 4191 613 4247 rt
631 4200 686 4246 tros
704 4176 771 4268 fide
788 4170 1053 4269 reprornifflurrir,
1081 4190 1112 4243 et
1128 4176 1240 4257 rerba,
1265 4177 1299 4245 iu
1316 4179 1417 4248 ritum
1434 4179 1552 4272 coufir-

318 4263 423 4361 ”lftti
445 4275 606 4357 vitemur,
648 4289 768 4342 terram
789 4269 988 4366 peffrlerrrrs.
1036 4267 1102 4338 Sed
1137 4291 1181 4338 ex
1207 4269 1313 4340 Clem.
1347 4270 1445 4343 lllex.
1471 4274 1491 4342 l.
1518 4295 1551 4351 c.

326 4359 448 4459 rmum
475 4390 617 4466 quoque
642 4365 742 4440 luill'e
766 4363 1103 4532 admistuffliquet,
1129 4364 1222 4458 quod
1255 4362 1437 4437 confirmat
1462 4367 1557 4454 llieg

1006 4480 1031 4551 4
1475 4485 1555 4543 ron.
