3609 5500
720 710 886 793 secut-r.
1180 740 1192 765 ·
1345 759 1415 833 η,

177 886 224 961 do
246 906 475 983 procurans,
502 885 555 961 uti
581 887 619 964 in
633 892 817 989 Stephano
842 896 924 971 Ast.
952 898 1039 973 VII.
1065 900 1338 999 adparuitinec
1354 915 1410 990 in·

182 1006 237 1057 tra
265 984 545 1079 hierosolymae
575 1006 636 1059 aut
684 991 812 1064 udaeae
844 993 916 1066 sese
950 998 1131 1071 continuit
1156 1005 1304 1098 limites,
1346 1037 1409 1087 ve·

177 1102 289 1169 mm,
313 1077 447 1153 litteris
473 1080 636 1175 Synedrii

176 1199 252 1270 que
281 1172 441 1249 contulit
466 1196 562 1266 oras,
587 1197 627 1251 ut
653 1180 868 1258 Christianos
891 1185 975 1257 inde
999 1186 1138 1265 vindos
1162 1192 1293 1271 fisteret
1317 1204 1416 1277 Hie,

174 1270 388 1367 rosolyrnae
407 1267 623 1363 judicandos.
674 1277 827 1352 sedhic
852 1299 969 1353 tantus
994 1284 1222 1363 traditionum
1243 1312 1405 1389 paterna-

175 1390 263 1441 nun
291 1366 442 1453 Zelota,
468 1384 505 1439 et
523 1367 799 1447 Christianorum
821 1372 1009 1471 inquisitor
1031 1401 1073 1455 ac
1088 1382 1313 1482 perseeutor,
1338 1394 1409 1468 Ec·

683 1086 798 1159 udaiei
823 1089 999 1179 munitus,
1032 1093 1074 1165 ad
1099 1115 1237 1173 exteras
1263 1104 1299 1178 se
1324 1130 1411 1203 quo·

175 1461 332 1535 cleliam
367 1457 472 1535 instar
498 1465 598 1539 leonis
628 1464 761 1540 vastare
791 1469 985 1566 adgressus,
1027 1472 1210 1554 in‘medio
1243 1483 1409 1567 surorea
1536 1490 1541 1497 ’

178 1556 358 1646 Christo,
401 1554 494 1652 quasi
518 1560 630 1635 altero
657 1560 840 1655 Simsone,
885 1564 1046 1664 respetlu
1070 1572 1233 1653 leoninae
1259 1581 1407 1678 indolis,

226 1651 402 1749 ofligatus
441 1651 482 1725 in
515 1654 576 1731 via
603 1656 813 1735 Damascum
854 1663 1004 1753 versus,
1043 1664 1270 1749 dulcillimum
1303 1702 1406 1777 aptus
1453 1752 1457 1763 .
1505 1682 1509 1685 ’

178 1677 301 1823 laifini
326 1746 379 1821 est
410 1750 581 1843 praebere
611 1753 681 1827 mel
698 1754 883 1851 euangelii.
931 1758 1065 1835 Modus
1097 1769 1337 1848 conversionis
1362 1778 1406 1853 ad

179 1842 390 1932 Chtilbim,
416 1861 456 1916 et
479 1845 679 1923 vocationis
702 1846 747 1921 ad
770 1850 1037 1947 Apostolatum,
1064 1860 1203 1955 prorsus
1229 1864 1406 1963 singularia

179 1962 232 2014 ac
257 1936 500 2029 miraculosus,
533 1963 605 2039 quo
626 1941 801 2019 Christum
824 1945 886 2021 fibi
911 1948 947 2023 se
970 1952 1251 2035 manifestantem
1283 1964 1405 2045 invia

187 2034 412 2112 Damascena
432 2034 545 2126 vidit,
578 2055 616 2110 et
641 2036 778 2113 audivit
801 2043 1068 2142 objurgantem,
1104 2053 1198 2145 quod
1229 2057 1342 2156 ipsum
1366 2064 1407 2141 in
1546 2128 1548 2133 ,

188 2126 405 2207 Christhnis
412 2129 700 2229 persequeretur,
717 2132 815 2211 simul
831 2140 932 2229 luce,
949 2142 1104 2246 fulminis
1120 2146 1245 2243 instar,
1294 2160 1406 2234 erens-

189 2227 266 2318 sur,
288 2245 329 2301 et
346 2225 531 2305 oculorum
555 2229 615 2303 usu
638 2229 816 2326 privatus,
841 2258 884 2307 ac
901 2235 1111 2315 Damascum
1134 2240 1187 2317 ire
1206 2247 1247 2343 ju
1277 2274 1337 2345 us,
1364 2272 1406 2331 ut

189 2325 235 2397 ab
255 2320 401 2399 Anaaia
414 2319 535 2416 aliquo
548 2322 745 2417 sanaretur,
771 2345 808 2402 et
825 2328 1090 2409 christianismo
1130 2361 1170 2411 er
1194 2343 1403 2439 baptismum

186 2416 404 2495 insereretur
434 2415 517 2526 Ass.
545 2418 650 2528 lx,
678 2419 767 2533 sicut
796 2424 986 2534 veritatem
1011 2359 1262 2541 Chrillianismi
1288 2445 1405 2523 valide

186 2510 430 2601 demonstrat,
461 2530 515 2587 uu
541 2538 580 2589 m
604 2519 727 2591 oculos
748 2540 934 2611 ancurnt,¹
952 2542 990 2597 et
1014 2528 1055 2600 ab
1082 2529 1156 2605 altis
1180 2553 1278 2613 extra
1295 2541 1404 2618 dubi·

184 2607 335 2687 ationis
366 2607 477 2685 aleam
507 2610 662 2705 positum
698 2612 769 2706 est,
812 2612 864 2690 ita
896 2616 942 2692 de
979 2618 1171 2717 apostolatu
1205 2632 1280 2727 ejus
1310 2638 1408 2715 clare

188 2705 354 2794 testamr,
387 2702 484 2777 fimul
510 2723 671 2804 tanquam
694 2705 732 2785 in
765 2726 855 2808 typo
875 2718 1115 2809 'repraesentat
1136 2724 1298 2818 modum,
1331 2758 1405 2830 quo

185 2802 369 2876 universus
385 2799 508 2890 lsrael,
532 2801 592 2879 sub
607 2803 715 2903 linem
730 2808 963 2890 oeconomiae
979 2835 1117 2905 novae,
1149 2841 1402 2907 convertetur:
1472 2889 1481 2898 .

185 2897 245 2970 uti
269 2894 347 2990 ipse
368 2895 488 2970 Paulus
509 2894 628 2978 innuit
662 2900 801 2978 1Tim.
832 2905 862 2981 1:
883 2910 965 2978 .16.1
993 2910 1087 3003 quod
1112 2907 1214 3006 supra
1241 2916 1315 3010 jam
1337 2925 1402 2996 ob·

184 2988 341 3069 servavi.

231 3085 267 3186 s.
293 3084 433 3162 CLXII.
472 3085 553 3162 Saul
577 3112 593 3161 s
616 3087 684 3164 hac
705 3089 844 3174 ratione
868 3091 1082 3188 conversus,
1119 3114 1158 3173 et
1183 3121 1329 3185 vocatus
1360 3108 1407 3188 ad

183 3179 456 3282 apostolatum,
487 3185 531 3257 ab
554 3111 694 3262 llnania
720 3187 916 3284 baptizatus
924 3242 936 3279 ,
952 3283 959 3297 .
976 3209 1013 3298 et
1039 3191 1176 3289 Spiritu
1200 3201 1234 3275 S.
1257 3204 1406 3302 plenus,

183 3303 269 3356 mox
293 3275 429 3352 seceffit
457 3275 495 3350 in
512 3278 701 3372 Arabiam,
724 3285 900 3360 Damasco
923 3306 1098 3380 vicinam,
1130 3313 1316 3393 antequam
1341 3326 1406 3378 ευ,

181 3373 364 3473 angelium
385 3370 514 3446 alicubi
547 3374 836 3467 adnuntiaverit,
875 3378 971 3547 l⁰⁰d
994 3380 1146 3497 demum·
1160 3388 1298 3488 incepit
1320 3394 1405 3483 inde

183 3471 347 3546 reversus
369 3467 596 3547 Damascum:
632 3472 685 3547 uti
709 3497 755 3548 ex
785 3473 860 3550 Gal.
905 3482 1405 3580 :17.collrg1pollevidu.
1457 3533 1460 3538 Α
1513 3551 1515 3558 ,

185 3587 255 3642 tur.
369 3564 418 3638 od
439 3563 558 3660 itaque
587 3567 670 3642 All.
706 3571 771 3647 IX:
800 3592 858 3647 aa.
895 3570 1044 3646 traditur
1074 3576 1120 3650 de
1143 3580 1249 3658 Paulo
1273 3585 1406 3669 Dama,

183 3665 234 3740 sci
252 3661 434 3740 Christum
449 3659 704 3754 adnuntiante,
721 3684 758 3740 et
775 3666 926 3760 Judaeos
941 3667 1204 3766 confundente,
1220 3683 1405 3780 contigit,

186 3757 419 3846 arridetur,
458 3755 539 3853 post
561 3759 714 3834 reditum
739 3761 814 3856 ejus
844 3783 891 3842 ex
923 3759 1060 3838 deserto
1090 3765 1262 3863 Arabiae,
1305 3782 1405 3879 cujuq

184 3857 225 3931 in
250 3853 335 3930 A&
359 3855 432 3951 Ap.
457 3853 548 3927 nulla
575 3853 669 3932 faeta
693 3853 746 3930 est
767 3854 914 3932 mentio.
967 3857 1122 3940 Videtur
1154 3864 1296 3963 quidem
1319 3897 1405 3960 mon

185 3952 296 4026 fidem
321 3949 418 4025 suam
439 3947 479 4021 in
503 3949 677 4046 symgoga
701 3951 844 4050 publice
865 3950 1071 4045 declarasse,
1097 3978 1137 4034 ut
1161 3985 1196 4038 v.
1224 3987 1270 4040 no
1293 3972 1405 4044 refer·

184 4067 264 4137 tur,
289 4047 349 4122 sed
379 4044 525 4120 ulterius
549 4065 622 4120 non
645 4045 867 4146 proceffilse,
891 4047 956 4125 nist
981 4047 1061 4146 post
1087 4055 1238 4133 reditum
1255 4082 1299 4142 er
1315 4064 1403 4138 Ara·

181 4141 262 4236 bia,
282 4143 469 4240 adeoque,
491 4138 588 4240 quod
611 4166 647 4225 v.
671 4167 719 4226 aa
742 4144 915 4320 hazbetuu
946 4146 1099 4237 radun
1122 4151 1224 4236 fuisse
1248 4153 1405 4328 sezutbtfft

829 4259 851 4318 2
1221 4269 1333 4348 proa
1381 4281 1404 4338 e
