3609 5500
809 864 918 989 noui.
943 910 997 988 ri.
1435 918 1507 1005 539

276 1089 417 1172 irritati
441 1092 529 1167 iobis
555 1091 704 1165 rideatur
730 1084 964 1184 consentanea,
990 1094 1025 1165 i'n
1047 1091 1151 1186 pretio
1177 1112 1248 1163 eain
1280 1089 1417 1163 babere:
1444 1084 1501 1182 fin

276 1211 386 1283 iitigoe
411 1191 577 1274 ridentur,
593 1185 748 1284 spernite.
799 1187 998 1260 Sodomita
1024 1210 1095 1274 eos,
1126 1189 1179 1280 qui
1206 1188 1288 1257 nilii'l
1310 1189 1413 1282 iniqui
1442 1189 1501 1258 ad·

273 1290 430 1372 initiunt,
445 1282 639 1378 supplicium
656 1285 776 1375 capitis
793 1306 833 1354 ne
847 1279 1006 1373 statuite:
1032 1279 1154 1380 quain
1171 1281 1361 1377 iniquitate
1377 1282 1401 1355 si
1418 1305 1500 1375 per·

279 1382 512 1467 duraverint,
553 1377 634 1475 ipsis
662 1377 835 1474 judicium
867 1378 938 1450 Dei
971 1380 1134 1452 minatur.
1193 1378 1298 1450 Unde
1333 1378 1500 1472 adparet,

280 1475 455 1576 Justinum
481 1474 519 1547 in
551 1472 671 1547 officio
702 1474 972 1571 praescribendo
997 1476 1149 1563 versari,
1190 1473 1248 1546 fed
1279 1472 1499 1567 persecutio,

279 1595 385 1660 nem,
411 1569 491 1643 adiu
516 1572 730 1658 exercitam,
758 1592 832 1643 non
857 1570 1041 1664 inputare,
1064 1589 1201 1653 tantum
1227 1570 1269 1641 ab
1297 1591 1339 1640 ea
1363 1567 1502 1646 iustitu-¹

280 1668 373 1744 enda
399 1663 601 1739 absterrere.
654 1664 819 1755 Deinde,
845 1688 926 1738 cum
951 1665 1215 1740 Provinciarum
1240 1661 1413 1737 Praesides
1429 1661 1502 1753 fae,

281 1786 331 1864 pe
354 1779 526 1837 vexarent
549 1758 784 1847 Christianos,
819 1762 874 1833 vel
899 1763 1012 1857 plebis
1038 1763 1277 1836 tumultuarias
1304 1755 1502 1841 infestatio·¹

285 1882 354 1935 nei
369 1880 442 1931 non
459 1855 684 1947 inhiberent,
708 1858 972 1952 inperatoribus,
999 1857 1174 1931 siEdiftis
1199 1878 1269 1928 non
1285 1854 1503 1949 reprimant,

283 1954 381 2054 ipfae
406 1951 483 2026 illae
507 1951 714 2026 vexationes
737 1972 904 2049 poterant
930 1953 1084 2051 inputari
1110 1978 1140 2025 a·
1155 1950 1293 2047 Justino
1318 1951 1356 2024 in
1380 1950 1504 2047 apolo-¹

311 2050 356 2125 ἐι.
407 2071 442 2138 4.
467 2045 849 2145 Addaturpostremo,
881 2051 1006 2124 nullius
1032 2050 1194 2146 martyris
1218 2045 1423 2122 memoriam
1446 2046 1502 2132 fug

282 2146 348 2224 rsse
370 2142 628 2232 conservatam,
653 2162 690 2216 et
713 2145 934 2219 Antoninum
961 2143 1062 2219 fuisse
1085 2144 1196 2241 ipsum
1221 2164 1342 2223 notura
1365 2144 1501 2217 clemen·

281 2239 456 2341 tiffirtrum,
490 2239 627 2335 nihilque
652 2244 847 2334 temporibus
864 2239 941 2339 suis
963 2242 1108 2338 asperum
1122 2240 1260 2338 fecsse,
1288 2237 1377 2314 teste
1399 2241 1502 2335 Sparf

284 2341 388 2426 tiano
422 2336 458 2408 in
483 2335 618 2410 Anton.
643 2358 676 2409 c.
703 2359 734 2412 2.
1496 2399 1500 2413 ,

288 2479 297 2530 ¹.
326 2432 360 2534 s.
388 2432 545 2507 ccxiii.
571 2433 629 2504 De
651 2430 771 2506 Marci
797 2431 934 2505 Aurelii
958 2449 1119 2526 tempore
1136 2430 1245 2504 refert
1267 2428 1349 2505 Eus.
1374 2431 1423 2501 H.
1449 2430 1501 2504 V:

284 2552 321 2608 1.
343 2531 381 2602 in
403 2527 562 2600 nonnullis
585 2542 745 2601 terrarum
765 2530 918 2621 partibus
941 2528 1155 2602 violentiorem
1180 2544 1290 2613 contra
1309 2524 1506 2622 (bristionor'

279 2640 473 2704 minorant
492 2621 552 2716 ff
572 2620 842 2718 persecutionem,
882 2648 923 2697 eit
950 2620 1126 2717 ineurstone
1151 2626 1368 2697 tumultuario
1401 2624 1507 2717 plebis

276 2720 679 2823 finguloruiiici'ri'taium.
728 2717 859 2807 Addit,
886 2721 1053 2815 myriadas
1076 2717 1176 2794 fuisse
1192 2739 1404 2820 martyrum,
1430 2739 1504 2793 non

283 2843 332 2897 cx
346 2834 445 2892 certa
466 2813 557 2904 fide,
584 2816 641 2889 fed
661 2839 706 2889 err
727 2814 790 2905 iis,
816 2836 904 2911 quae
928 2816 966 2888 in
983 2812 1096 2889 Gallia
1111 2814 1356 2913 contigerunt,
1382 2813 1419 2887 id
1434 2816 1506 2889 col·

281 2916 416 3014 ligent,
439 2909 494 2986 uti
510 2909 584 3006 ipse
599 2934 631 2986 c.
660 2935 676 2983 1
706 2930 744 2983 et
762 2933 794 2984 2.
818 2908 964 2999 adserit,
991 2933 1095 3007 quate
1111 2909 1219 2984 fidem
1235 2935 1307 2985 non
1324 2930 1504 2997 meretur,

281 3034 368 3088 cum
392 3008 431 3083 in
446 3008 607 3081 omnibus
632 3004 829 3102 provinciis
855 3026 966 3101 aeque
991 3005 1184 3078 violentam
1207 3005 1309 3074 fuisse
1334 3005 1501 3098 persecu·

281 3107 425 3183 tionem
446 3103 582 3177 necesse
601 3125 673 3174 non
691 3120 825 3174 tantum
853 3122 926 3173 non
949 3100 992 3174 sit
1010 3097 1181 3189 statuere,
1205 3095 1265 3172 sed
1289 3096 1506 3172 seueriorem

282 3203 326 3280 in
353 3197 467 3279 Gallia
488 3197 588 3272 foisse
622 3191 766 3269 historia
798 3195 935 3270 doceat.
981 3191 1208 3292 Rescriptum
1241 3192 1339 3270 enin
1364 3196 1505 3289 snpera-

283 3295 377 3375 toris
404 3318 437 3371 1.
462 3296 497 3366 in
515 3292 627 3367 Gallia
644 3316 720 3366 eam
735 3290 850 3380 fovit,
875 3288 986 3365 sedin
1004 3289 1122 3368 Asiam
1137 3288 1312 3365 directum
1332 3288 1503 3388 repressit.

281 3393 392 3492 Cujus
414 3388 625 3466 diversitatis
648 3389 740 3463 ratio
760 3385 842 3461 inde
869 3387 1060 3483 repetenda
1085 3387 1248 3478 videtur,
1274 3387 1368 3486 quod
1388 3385 1507 3462 crimi-

282 3514 330 3569 na
363 3489 544 3585 epulorum
580 3482 867 3581 Tliyesteotum,
907 3501 946 3557 et
979 3481 1191 3558 incestorum
1226 3485 1508 3578 concubituum,

284 3581 559 3665 confessionibus
591 3579 770 3655 fervorum
804 3581 1049 3653 nonnullorum
1082 3578 1387 3677 Christianorum,
1427 3580 1534 3678 ipsis.

287 3679 463 3764 extortis,
488 3676 713 3765 confirmata,
730 3676 805 3750 vim
821 3676 1019 3750 addiderint
1036 3676 1233 3752 Gallicanae
1249 3677 1513 3774 persecutioni,

288 3774 346 3854 uti
369 3800 414 3850 ex
436 3772 591 3870 Epistola
616 3766 897 3870 Lugdunensium
929 3790 968 3844 et
993 3771 1270 3862 Viennensium,
1310 3773 1402 3866 apud
1427 3769 1521 3849 Eus.

287 3872 343 3953 Η.
367 3872 418 3947 V:
453 3894 508 3959 r.‚
546 3884 665 3962 patet,
704 3865 761 3940 fed
791 3868 827 3939 in
861 3866 941 3941 Asia
974 3884 1086 3938 terrac
1118 3885 1257 3953 morus,
1294 3865 1508 3941 Christiano·
1624 3905 1632 3919 ·

282 3991 366 4049 rum
390 3965 510 4054 cansa,
536 3988 557 4036 a
583 3963 663 4042 Diis
687 3961 784 4037 iratis
807 3964 898 4051 orti,
927 3979 967 4035 ut
993 3962 1198 4056 putabatur,
1222 3961 1336 4059 plebis
1351 3962 1508 4038 furorem

282 4063 544 4149 accenderunt,
571 4079 611 4133 ut
635 4083 679 4133 en
693 4057 864 4156 rescripto
879 4056 997 4133 Marci
1019 4061 1064 4131 aas
1085 4081 1246 4135 commune
1269 4056 1390 4148 Afiae,
1417 4061 1508 4155 apud

279 4159 366 4239 nus.
392 4160 462 4233 lV:
491 4180 546 4252 ¹3·
574 4156 704 4228 clarum
722 4151 783 4228 est.
828 4157 994 4245 Marcus,
1020 4179 1125 4251 quern
1148 4179 1370 4251 nonnunquam
1394 4173 1509 4231 contra

279 4251 475 4348 manifestos
505 4256 656 4348 graiium
681 4254 850 4326 criminum
874 4274 963 4341 reos,
995 4254 1225 4328 inexorabilem
1243 4249 1368 4346 stifft,
1399 4248 1511 4326 refert

278 4350 536 4452 Capitolinus,
574 4346 773 4427 Ptaefidum
806 4367 853 4520 ep:
878 4346 1154 4452 Magistratuum
1184 4346 1350 4447 scriptis,
1389 4347 1514 4524 pipbirpt

267 4470 296 4535 ·.;
862 4463 990 4543 eee3
1450 4459 1512 4537 t,
