3609 5500
569 763 575 774 '
688 725 865 830 Secum(
958 696 964 702 -
1317 761 1393 854 303
1518 699 1521 705 ι

176 933 359 1024 amitinus,
390 925 530 1030 mystica
560 929 754 1028 errlogr'a,
789 939 929 1030 praeter
955 917 1153 1026 Epistolar,
1186 920 1282 1005 inter
1302 953 1392 1031 qnae

176 1029 311 1106 suntad
346 1030 496 1121 Titum,
535 1048 573 1104 et
606 1030 806 1139 Jolrannem
841 1025 1110 1123 Euangelistam.
1164 1024 1389 1106 Testimonia

174 1119 337 1202 Veterum
361 1149 430 1223 pro
457 1125 620 1224 Dionysii
645 1123 763 1216 libris,
805 1148 913 1215 vera,
949 1125 1054 1215 falsa,
1093 1125 1184 1201 colle
1209 1125 1239 1198 it
1259 1125 1391 1200 Delrio

178 1223 399 1312 invindiciis,
425 1225 484 1320 qui
507 1222 681 1319 genuinos
705 1219 775 1296 elle
798 1240 945 1294 conatur
971 1219 1022 1294 est
1051 1220 1156 1294 demo
1228 1245 1306 1311 are,
1330 1217 1390 1298 uti

179 1339 211 1396 rt
231 1321 265 1392 P.
289 1317 457 1408 Halloix,
503 1317 652 1416 aliique,
678 1315 924 1410 instituerunt,
958 1315 1109 1389 editioni
1129 1314 1290 1391 Corderii
1307 1316 1389 1392 sub-

174 1413 285 1512 janni.
332 1417 546 1512 Coeperunt
571 1415 712 1488 demum
735 1412 786 1488 illi
812 1410 893 1486 libri
913 1414 981 1487 see.
1009 1413 1058 1486 V.
1083 1411 1323 1504 innotescere,
1347 1431 1392 1491 et

179 1511 333 1606 deinceps
367 1510 627 1608 acquisiverunt
656 1510 879 1584 autoritatem
913 1506 1005 1605 apud
1038 1508 1222 1584 nonnullos
1255 1509 1393 1585 camo-

179 1607 265 1682 licor.
311 1605 511 1714 Gregorius
534 1608 612 1695 M„
645 1607 740 1714 Papa
762 1605 945 1679 Romanus
962 1604 1030 1678 sec.
1056 1605 1149 1697 Vl,
1183 1604 1393 1682 dubitanter

126 1716 130 1725 “
183 1703 221 1776 de
243 1701 283 1776 iis
305 1702 483 1812 loquitur,
507 1700 566 1777 sed
590 1719 722 1776 autoris
744 1700 904 1798 respedlu
927 1699 1023 1774 forte
1051 1701 1183 1798 magio,
1217 1726 1320 1800 quam
1343 1695 1392 1778 li·-

184 1799 312 1872 brorum
345 1798 526 1894 ipsorum,
569 1795 624 1870 uti
648 1795 823 1872 noviffimi
852 1796 1008 1870 editores
1031 1797 1199 1894 Gregorii
1220 1800 1264 1873 ad
1288 1802 1387 1892 hom.

187 1915 237 1990 34.
259 1893 480 1989 adEuangel.
503 1893 741 1969 observarunt.
787 1892 945 1985 Primus,
969 1891 1030 1988 qui
1046 1916 1130 1983 eos,
1156 1913 1317 1992 tanquam
1332 1897 1393 1969 in·

187 1989 317 2080 dubios,
355 1989 485 2064 citavit
510 1987 562 2064 est
594 1987 769 2064 Leontius
804 1990 1033 2085 Byzantinus,
1072 1988 1181 2063 initio
1203 1990 1270 2065 sec.
1296 1992 1395 2084 vt,

192 2083 277 2160 circa
296 2085 383 2182 quod
411 2105 548 2183 tempus
570 2083 678 2160 etiam
704 2084 827 2159 floruit
852 2083 1068 2173 Anastasius,
1100 2084 1250 2184 Hodegi
1275 2084 1385 2185 scrip·

191 2185 337 2350 nal
352 2205 496 2352 aa
510 2179 846 2352 titivm„
861 2179 1176 2350 ntalem
1197 2183 1392 2353 unt<

189 2301 437 2464 musuisdlizllraa,o
458 2301 606 2462 celebris
631 2303 800 2469 eiugrsetg.
823 2302 889 2450 scuti
918 2391 996 2462 tor,
1029 2302 1171 2449 idhgllris’
1192 2302 1395 2456 illustrandi:

189 2467 299 2544 Postea
323 2467 538 2546 Theodorus
564 2471 752 2578 Presbyter
776 2481 856 2561 eos,
881 2397 1042 2576 lingulam
1069 2471 1179 2560 hbro,
1204 2473 1246 2546 ab
1271 2475 1395 2572 objeca

190 2560 329 2640 tionibus
358 2562 542 2640 vindicare
573 2562 736 2639 instituit.
785 2565 873 2640 Vid.
909 2568 1057 2639 Pbotrur
1077 2567 1177 2642 ¹Bibl.
1210 2570 1290 2642 cod.
1326 2593 1386 2662 50.

190 2659 247 2757 qni
276 2659 521 2759 genuinitatem
547 2683 670 2734 eorum
688 2683 760 2734 non
784 2659 926 2736 videtur
951 2660 1143 2759 agnoville.
1193 2664 1397 2738 Recentio·

193 2757 278 2831 ribus
299 2782 379 2833 vero
404 2776 476 2831 tem
504 2757 640 2847 oribus,
666 2756 745 2854 post
773 2745 930 2833 restituta
948 2759 1141 2832 litterarum
1167 2758 1299 2850 studia,
1326 2780 1397 2835 eos*

194 2850 255 2926 elle
276 2852 437 2951 spurina,¹
456 2783 599 2951 piurimi
631 2852 819 2945 viderunt,
862 2854 985 2928 eximii
1012 2854 1084 2927 viri
1111 2854 1216 2927 etiam
1241 2855 1388 2928 demori-

191 2944 342 3042 stratum,
373 2947 427 3029 uti
453 2950 621 3025 Morinus
641 2950 692 3023 de
716 2950 830 3056 sacris
855 2953 1126 3036 ordinationibus,
1159 2948 1316 3023 Ullerius
1343 2951 1395 3045 de·

195 3042 526 3142 Pseudo-Dionysia,
551 3044 683 3119 dillert.
716 3046 843 3118 inserta
859 3047 1042 3152 vernaculis
1067 3048 1139 3141 ejus
1147 3043 1280 3139 sacris,
1304 3047 1400 3120 Dal·-

192 3142 272 3215 laeur
291 3141 331 3216 de
351 3142 491 3239 scriptis
507 3138 656 3237 Dionyfil
688 3142 875 3238 Areopago,
908 3140 966 3215 sed
1000 3162 1036 3212 rn
1070 3160 1209 3238 tempus
1240 3138 1391 3239 genuini

193 3236 576 3349 scriptoris-adcuratim
608 3236 789 3347 inqui-srvit
828 3238 988 3348 Pearson.
1014 3235 1124 3346 Vind.
1159 3236 1271 3335 lgnat.
1295 3264 1331 3333 p.
1357 3242 1388 3317 1.
1466 3297 1471 3305 .

194 3354 303 3503 lilla
320 3332 733 3527 lllalffblllml
757 3331 1392 3531 llllllsslllllalell:

199 3526 350 3599 nonnullis
373 3526 570 3601 aestimatos
594 3522 695 3599 fuisse
713 3523 840 3616 libros,
864 3523 1045 3623 probabile
1069 3524 1170 3600 fecit.
1220 3528 1315 3600 Deni
1342 3554 1389 3619 ue

197 3640 334 3695 autorem
358 3621 427 3697 elle
451 3619 709 3717 Eutychianum
741 3622 911 3717 aliquem,
953 3620 1004 3693 Le
1029 3620 1145 3723 Quin,
1186 3620 1309 3698 doetus
1332 3625 1394 3700 ille

200 3714 399 3809 Catholicus,
441 3740 587 3813 operum
614 3712 696 3813 Joh.
720 3716 931 3790 Damasceni
961 3715 1098 3807 editor,
1140 3718 1179 3793 in
1204 3718 1292 3794 Dill.
1316 3722 1389 3794 Da-

197 3807 368 3918 mascenica
398 3812 495 3888 redte
521 3810 739 3899 observavit,
773 3834 815 3888 ac
844 3810 1106 3923 demonstravit.
1155 3816 1394 3889 contenditur

198 3924 302 4001 utrque
326 3911 379 3984 his
414 3908 453 3983 in
485 3908 601 3998 libris,
644 3908 828 3982 humanam
861 3906 989 3983 Christi
1022 3928 1176 3983 naturam
1210 3912 1392 3985 aDivina

201 4000 259 4075 elle
281 4007 471 4099 pervasam,
512 4028 553 4077 ac
583 4002 762 4095 insellam,
804 4004 960 4100 adeoque
992 4028 1090 4080 unam
1119 4024 1252 4078 tantum
1281 4005 1317 4077 in
1343 4028 1391 4076 eo

202 4094 361 4177 dicendam
386 4102 456 4177 elle
480 4120 656 4176 nauatam:
683 4125 809 4199 corpus
829 4100 959 4175 Christi
985 4102 1126 4197 quidem
1148 4100 1248 4174 soille
1267 4100 1390 4171 huma-

137 4280 139 4289 ,
200 4210 287 4287 num,
308 4200 453 4279 sednon
469 4194 643 4291 bominis,
668 4198 799 4371 quisspe
818 4197 1043 4289 deificatum,
1066 4197 1190 4288 itaut,
1207 4195 1296 4269 salva
1310 4216 1393 4302 eor·

764 4316 837 4391 p4
1262 4312 1398 4391 φης
