3609 5500
137 718 139 721 .
180 751 186 782 Ι
1693 741 1695 746 Ι

551 891 628 996 μδ
941 877 1093 984 astura
1123 877 1254 988 Ecclrs.
1278 878 1396 988 Ciur'st.

558 1068 716 1165 trologus
741 1080 783 1140 ac
804 1059 990 1141 medicus:
1014 1085 1054 1141 ut
1079 1089 1124 1142 ex
1148 1067 1379 1167 scriptoribus
1403 1065 1652 1146 Orientalibus
1675 1065 1734 1167 liqr

557 1160 1734 1361 araneantes.cilnullaalstahtg:

558 1356 699 1434 navalle
731 1377 877 1453 operam
910 1356 1079 1432 scientiae
1112 1359 1242 1458 Script.
1267 1361 1303 1436 S.
1337 1382 1379 1435 ac
1405 1319 1656 1458 Theologiae,
1690 1360 1734 1433 fin

558 1453 777 1553 Christianum
801 1451 953 1542 sallum,
987 1453 1051 1554 (ex
1074 1455 1195 1553 Magis
1218 1455 1315 1530 enim
1338 1474 1454 1546 ortus,
1494 1476 1535 1530 et
1560 1478 1637 1530 non
1664 1477 1734 1530 nan

557 1550 630 1630 fuir
653 1545 886 1658 Christianus)
912 1550 1102 1647 Presbyteri
1124 1551 1267 1650 gradum
1297 1551 1366 1627 effe
1394 1552 1567 1649 adeptum
1588 1552 1734 1647 adhuc¹

558 1671 689 1724 venem
714 1648 924 1722 incivitate
953 1645 1094 1744 capitali
1122 1649 1328 1744 provinciae
1360 1648 1567 1738 Huzitidis,
1615 1669 1689 1724 nec
1711 1671 1734 1721 n

559 1744 711 1841 ingente
742 1740 813 1818 sese
845 1738 961 1816 studio
992 1740 1191 1841 opposuille
1222 1744 1447 1828 infidelibus5
1486 1745 1650 1818 Sacerdos
1667 1742 1734 1840 fal

557 1839 625 1943 est,
659 1838 774 1939 inquit
797 1836 1000 1936 Abulsnrag.
1026 1842 1049 1914 l.
1074 1861 1128 1930 c.,
1169 1839 1293 1934 Eluast
1303 1895 1313 1930 ,
1351 1843 1457 1912 docuit
1481 1858 1514 1914 er
1542 1846 1734 1934 interpretat

553 1937 747 2110 ιεᾸΗὶὸνοε,
783 1933 919 2010 scilicet
943 1936 1075 2027 sacros,
1106 1952 1139 2010 et
1161 1960 1234 2012 cum
1259 1936 1423 2031 Judueis,
1450 1940 1597 2032 Magis,
1634 1939 1734 2011 Erlrrri

584 2043 591 2054 '
604 2037 751 2130 putarit.
798 2029 887 2107 Vid.
921 2049 959 2110 et
981 2033 1191 2110 Dherbelot.
1224 2035 1263 2108 in
1287 2057 1380 2108 voce
1405 2036 1521 2109 illati.
1572 2034 1706 2124 Unde,

554 2131 565 2147 ⁶
592 2133 638 2207 ud
661 2131 780 2205 obiter
803 2126 1008 2218 observem,
1040 2148 1162 2225 patet,
1194 2131 1313 2227 quanti
1340 2128 1407 2202 smt
1429 2129 1626 2227 scriptores
1651 2130 1734 2204 Grae

553 2221 1416 2418 ahlbssllll,silhiensis
1433 2225 1498 2393 ll
1519 2225 1626 2395 lini
1647 2226 1734 2396 finiri

554 2419 648 2500 Atia
670 2414 837 2494 Archelai
863 2415 894 2515 l.
919 2437 980 2507 45.
1005 2416 1103 2491 Dein
1127 2414 1357 2512 Plrilosoplrr‘cis
1381 2345 1532 2510 deceptis
1546 2414 1694 2510 studiis,
1728 2439 1734 2487 t

554 2514 819 2612 Abulfaragius,
836 2516 979 2585 animum
995 2519 1041 2587 ud
1052 2511 1417 2607 ltaerrſsrrfarmartdam
1432 2515 1571 2607 adpulit.
1625 2515 1734 2588 Excor

552 2612 753 2689 manicatus
774 2627 966 2722 propterea
989 2608 1087 2684 venit
1112 2608 1150 2683 in
1174 2610 1284 2683 aulam
1308 2611 1352 2683 Sa
1378 2608 1453 2695 oris,
1470 2612 1502 2683 l.
1537 2610 1639 2705 regis
1661 2609 1734 2683 Peri

553 2731 655 2801 rum,
688 2725 726 2782 et
751 2704 789 2780 in
815 2726 891 2801 ejus
918 2702 1078 2816 favorem
1103 2705 1175 2780 sese
1197 2706 1287 2781 adeo
1312 2634 1521 2796 inhnuavit,
1561 2724 1606 2781 ut
1636 2729 1718 2782 eum

552 2830 600 2884 ex
649 2801 843 2879 ditionibus
870 2801 1005 2877 bellrcrs
1028 2825 1100 2877 non
1129 2815 1265 2876 tantum
1276 2857 1288 2893 ,
1313 2800 1402 2877 telle
1423 2801 1635 2878 Alexandro
1661 2805 1693 2876 L
1718 2823 1734 2875 c

580 2927 626 2976 o.
650 2901 672 2974 l.
698 2921 729 2976 c.
755 2898 944 2973 comitatus
966 2897 1092 2987 fuerit,
1134 2897 1228 2972 forte
1252 2918 1400 2995 propter
1424 2899 1597 2993 peritiam
1628 2899 1667 2973 in
1693 2828 1734 2971 il

552 2926 704 3087 hicine,
727 2994 785 3070 sed
809 3016 846 3071 et
877 2995 935 3067 sua
957 2993 1121 3092 dogmata
1147 2994 1158 3066 i
1186 2994 1209 3067 sr
1234 2993 1459 3104 persuaserit,
1500 2993 1579 3072 vid.
1607 2995 1715 3091 Hyde

555 3092 759 3176 Renaudot.
791 3094 814 3168 l.
846 3115 900 3180 c.,
932 3112 1016 3186 puta
1046 3019 1309 3187 Plrilolhphrca,
1342 3092 1582 3186 aMagorum
1619 3087 1734 3165 doctri

556 3219 631 3272 non
655 3191 803 3266 multum
827 3190 950 3265 aliena.
998 3190 1086 3262 Cum
1116 3187 1210 3260 enim
1243 3187 1333 3276 sese,
1374 3205 1536 3280 tanquam
1562 3186 1734 3283 Apostolu

556 3287 688 3366 Christi
713 3287 904 3374 ostentare,
938 3302 976 3358 et
999 3286 1186 3380 Magorum
1212 3306 1320 3382 aeque
1352 3304 1392 3353 ac
1419 3281 1700 3356 Christianorum
1724 3305 1734 3354 r

473 3399 478 3409 '
555 3386 728 3480 ligionenr
751 3406 901 3479 purgare
926 3381 1070 3476 coepit,
1103 3404 1187 3454 mox
1212 3379 1249 3454 in
1275 3377 1394 3452 odium
1418 3399 1460 3449 ac
1486 3379 1734 3473 persecutione

555 3477 698 3572 Saporis
730 3476 868 3552 incidit.
919 3474 958 3547 ld
993 3476 1086 3570 quod
1121 3476 1261 3571 publice
1293 3471 1466 3570 adgrellus
1490 3472 1543 3547 est
1583 3474 1734 3569 agereh

556 3569 748 3649 Aureliano
773 3573 1002 3666 Imperatore,
1028 3590 1066 3642 ut
1090 3572 1195 3643 tradit
1222 3572 1398 3657 Abollas„
1432 3591 1514 3642 ann.
1543 3578 1622 3661 267.
1669 3570 1734 3642 Pra

555 3666 674 3751 tendit
699 3684 815 3739 autem
841 3665 1067 3739 vocationem
1091 3664 1266 3752 divinam,
1323 3690 1361 3736 er
1388 3664 1543 3760 quietem
1567 3687 1649 3738 acce
1679 3681 1734 3738 tar

558 3788 599 3848 ut
631 3765 735 3840 habet
762 3783 863 3838 autor
885 3759 1201 3836 Multamrnedanus
1223 3690 1320 3856 sputi)
1341 3760 1551 3858 Hortinger.
1584 3760 1637 3835 Hi
1672 3820 1681 3835 .
1707 3762 1734 3835 E

559 3864 641 3944 cles.
668 3883 754 3935 torn.
782 3863 833 3948 1..
858 3859 997 3957 seseque
1014 3860 1225 3933 Paracletum
1242 3854 1413 3955 profeffus
1429 3855 1480 3929 est
1498 3881 1519 3931 a
1536 3856 1681 3932 Christo
1697 3882 1734 3955 pr

558 3959 706 4039 millum.
758 3956 871 4031 soille
895 3977 1012 4032 autem
1040 3956 1132 4031 hanc
1156 3980 1274 4030 veram
1307 3950 1586 4052 persecutionis,
1632 3979 1734 4052 quam

557 4062 690 4149 Sapore
716 4052 826 4146 pallus
854 4053 924 4139 est,
965 4052 1117 4137 causam,
1152 4076 1195 4126 err
1223 4051 1429 4125 liberbelot.
1456 4048 1732 4126 manilestnme

558 4154 635 4233 imo
661 4170 704 4219 ea
731 4145 814 4242 lpsrs
832 4146 933 4218 Ac‘tis
949 4146 1115 4220 Archelai
1144 4147 1233 4219 lraud
1258 4144 1403 4220 obscure
1429 4145 1624 4243 colligitur.
1679 4149 1734 4221 Lir

558 4248 654 4329 enim
679 4265 721 4317 ea
747 4239 901 4313 referant
922 4239 953 4337 ᾗ.
978 4264 1036 4334 53.
1062 4244 1209 4315 Mamm
1229 4244 1274 4315 ob
1292 4243 1506 4339 susceptam,
1533 4242 1594 4319 sed
1614 4269 1689 4320 non
1708 4270 1734 4343 pt

560 4343 710 4433 sedan,
734 4335 951 4416 sanationem
975 4334 1042 4421 filii
1067 4338 1209 4436 Saporis
1234 4343 1470 4440 aegrotantis,
1507 4360 1546 4427 ct
1567 4342 1729 4431 mortui,

546 4462 559 4511 a
1619 4463 1734 4517 carcer
