3609 5500
479 743 482 748 .
580 717 617 750 ·‚
664 647 688 732 s
724 665 836 746 Secul.
860 666 891 744 1.
1077 705 1084 711 ·
1348 687 1418 767 329

208 839 374 930 absolvam.
422 843 670 944 Praeterquam
699 847 794 945 quod
821 848 865 934 de
896 846 1041 920 Simone
1071 844 1206 944 Mago,
1245 861 1409 945 tanquam

206 939 362 1016 haeresros
384 961 530 1032 autore,
556 944 651 1016 sileat
667 945 780 1018 Lucas
807 943 845 1016 in
866 941 972 1032 Ata,
997 963 1063 1013 nec
1078 943 1200 1014 Paulus
1216 942 1255 1018 in
1272 942 1338 1039 Ep.
1364 943 1409 1020 ad
1546 984 1550 995 ·

208 1032 312 1125 Tim,
344 1037 403 1109 ubi
430 1036 517 1108 alios
533 1038 628 1111 viros
654 1038 838 1124 nominat,
872 1038 948 1133 ejus
972 1035 1199 1138 meminerim
1237 1039 1408 1134 plurimae

206 1151 370 1224 praeterea
396 1131 614 1206 narrationes
630 1134 673 1206 de
699 1158 744 1209 eo
769 1130 871 1204 fidiae
896 1131 982 1222 siut,
1017 1151 1056 1211 ut
1082 1130 1118 1201 in
1136 1153 1211 1203 vita
1232 1132 1329 1205 Petri
1347 1133 1408 1206 lia·

205 1225 343 1315 inimus,
366 1249 454 1320 quae
480 1226 696 1300 occasionem
722 1225 901 1302 communi
932 1224 1096 1320 opinioni
1120 1224 1268 1298 dedille‘
1282 1226 1407 1300 viden·

205 1335 269 1408 tur,
301 1344 332 1395 r.
366 1319 608 1418 Hegesrppus,
642 1323 740 1417 cujus
765 1322 1001 1418 fragmentum
1026 1319 1254 1425 exstatnapud
1280 1321 1405 1395 Euseb.

205 1417 246 1488 H.
268 1417 306 1489 E.
329 1417 398 1489 IV:
428 1438 485 1489 nu.
514 1417 604 1491 haud
631 1421 774 1490 obscure
794 1417 947 1505 indicat,
976 1438 1057 1488 eum
1082 1419 1264 1487 aSirnone
1291 1417 1336 1487 M
1383 1437 1408 1488 o

204 1509 291 1582 inille
320 1511 517 1600 divertium,
557 1535 682 1608 eoque·
698 1509 950 1610 posteriorem,
982 1532 1054 1583 non
1080 1523 1215 1582 tantum
1241 1439 1409 1604 quodaffi·

205 1629 312 1713 nonem
339 1604 544 1714 simpliciter
565 1607 737 1702 adpellet,
782 1607 874 1715 unde
897 1607 1097 1678 Simonianos
1121 1605 1189 1678 elle
1215 1604 1324 1692 dicit,
1342 1605 1410 1717 'sed

175 1799 176 1804 ψ
206 1719 458 1902 {illidii}
477 1703 627 1887 llll?
642 1699 1408 1902 illll‘ll’sllldlstltlllldll

207 1890 339 1964 clodium
365 1889 580 1986 Episcopum
618 1892 879 1987 Hierosolym,
922 1913 1016 1963 circa
1049 1909 1183 1984 tempus
1214 1888 1409 1964 destructae
1486 1941 1490 1946 -

210 1985 484 2082 hierosolymae,
513 1985 643 2076 tradit,
668 1987 825 2061 omnium
869 1984 996 2058 rimum
1020 1983 1195 2058 Ecclesiae
1218 1983 1410 2080 puritatem
1473 2070 1478 2080 ,

212 2078 341 2155 titialle.
393 2081 477 2180 Quo
516 2103 596 2155 cunr
630 2081 740 2156 fuerit
775 2105 825 2176 po
857 2084 952 2154 erior
985 2079 1108 2152 Simon
1140 2078 1408 2171 haeresiarcha,
1452 2163 1457 2169 ,

207 2175 279 2248 alius
298 2173 406 2248 luerit
430 2197 471 2247 ac
496 2177 648 2274 Magus,
674 2195 711 2249 et
738 2177 797 2250 sub
815 2175 1024 2249 Domitiano
1047 2173 1233 2263 floruerit,
1263 2174 1433 2250 uecelle.
1510 2247 1518 2256 ,

204 2269 257 2349 eli
303 2293 335 2344 a.
360 2269 415 2343 Ex
434 2271 617 2343 Clemente
635 2272 739 2346 Alex.
766 2273 895 2345 Strom.
923 2271 1008 2343 Vll.
1038 2269 1155 2345 versus
1177 2268 1238 2344 fin.
1263 2292 1301 2365 p.
1322 2279 1406 2362 899.

201 2364 283 2440 haud
312 2363 497 2438 difficulter
526 2388 665 2462 quoque
697 2364 898 2460 colligitur,
940 2364 1121 2439 Simonem
1158 2363 1261 2439 fuille
1297 2369 1407 2442 Petro
1492 2436 1498 2459 ,

203 2457 445 2557 posteriorem,
486 2481 565 2533 cum
593 2480 709 2533 tamen
726 2462 871 2628 Magus.
889 2461 965 2556 ejus
981 2459 1090 2534 fuerit
1114 2461 1284 2554 aequalis,
1320 2474 1404 2536 cum

204 2557 290 2650 quod
314 2557 407 2628 Petri
440 2557 573 2650 paulum
606 2561 754 2652 temporis
809 2556 923 2630 icatur
946 2575 1081 2631 tanturn
1109 2551 1250 2628 auditor
1284 2555 1407 2647 fuiffe,

208 2669 276 2724 turn
290 2651 380 2746 quod
408 2648 668 2724 haereticorum
687 2650 852 2724 succeffio
876 2652 919 2724 lit
934 2649 1186 2724 catholicorum
1203 2652 1406 2740 recentior,

208 2745 381 2820 seecundum
409 2746 651 2835 Clementem,
692 2766 765 2820 tum
789 2744 943 2843 denique
968 2744 1185 2834 Theodade,
1221 2745 1281 2840 qui
1305 2747 1411 2819 Paulo

205 2840 379 2915 familiaris·
399 2838 489 2927 fuit,
530 2840 683 2914 tradatur
702 2838 867 2935 posterior.
916 2838 1072 2911 Videtur
1094 2859 1212 2910 autem
1240 2839 1408 2914 Theoda-

206 2934 277 3025 des,
310 2936 416 3009 etiam
441 2935 605 3009 Theudas
628 2934 757 3026 dictus,
791 2933 885 3007 idem
909 2931 1010 3006 suill'e
1035 2953 1077 3005 ac
1104 2932 1307 3006 Thebuthis
1330 2936 1408 3009 He·

205 3031 354 3127 gefippi:
396 3052 484 3123 quae
511 3032 652 3103 nomina
678 3029 769 3104 haud
792 3030 940 3102 multum
964 3026 1145 3101 differunt.
1195 3050 1227 3121 3.
1253 3025 1411 3104 Simoni·

201 3126 254 3200 ani
280 3127 343 3222 ipli
365 3149 434 3221 quo
459 3142 711 3221 denegarunt,
746 3122 832 3198 teste
850 3126 999 3197 irenaeo
1021 3124 1050 3196 I:
1079 3142 1162 3217 27„
1186 3124 1223 3195 se
1249 3122 1408 3200 Simonis

203 3224 300 3319 Magi
319 3220 387 3296 elle
405 3218 438 3293 se
496 3240 609 3307 tores3
635 3239 817 3315 praeterea
832 3219 955 3292 Simon
971 3220 1120 3314 Magus,
1147 3217 1287 3314 ejusque
1312 3219 1409 3296 adse·

207 3318 292 3406 clae,
326 3319 359 3389 se
382 3338 449 3411 pro
476 3314 676 3390 Christianis
701 3338 772 3389 non
796 3315 1044 3403 venditarunt,
1084 3333 1150 3385 nec
1172 3313 1284 3387 habiti
1308 3317 1408 3408 sunt,

206 3412 252 3485 uti
276 3412 467 3485 Beausobre
491 3407 585 3483 Hist.
611 3408 773 3486 Manich.
799 3428 824 3485 t.
851 3411 897 3483 ll.
934 3431 1073 3504 quoque
1095 3408 1282 3504 probavit,
1323 3434 1408 3487 cum

203 3526 318 3581 tamen
341 3508 461 3581 Simon
494 3503 727 3580 naerefiarcha
749 3503 978 3579 Christianam
1011 3502 1117 3575 fidem
1142 3502 1325 3597 profellus.
1343 3505 1408 3599 stt,

205 3604 305 3675 etiam
321 3600 427 3674 libr'os
443 3598 587 3673 nominc
602 3600 749 3689 Christi,
781 3620 819 3674 et
844 3598 919 3694 ejus
944 3596 1209 3692 discipulorum,
1235 3599 1404 3693 finxerit3

203 3696 285 3771 sicut
309 3696 424 3777 eonst.
458 3694 526 3789 Ap.
553 3696 618 3769 Vl:
651 3702 704 3769 16.
740 3693 859 3767 etalii
885 3692 1063 3766 testantur.
1115 3693 1199 3765 Nec
1231 3693 1313 3768 illud
1339 3693 1402 3771 rie·

205 3790 425 3888 gligendum,
451 3790 604 3865 Simonis
630 3787 734 3887 Magi
759 3788 946 3862 setiatores
968 3808 1129 3884 tempore
1152 3786 1319 3887 Origenis
1344 3793 1410 3869 vix
1432 3829 1435 3836 v

206 3888 287 3959 ullos
318 3888 463 3983 amplius
495 3883 614 3974 fuisse,
655 3885 706 3959 ita
733 3902 773 3958 ut
807 3908 853 3978 30
882 3883 947 3957 vix
980 3882 1154 3957 numerari
1182 3904 1326 3979 queant:
1370 3906 1411 3959 ut

206 3980 278 4077 ipse
302 3984 444 4057 testatur
460 3994 582 4053 contra
606 3981 693 4057 Cels.
719 3981 741 4055 l.
768 3980 797 4055 I.
821 4002 854 4055 c.
880 4002 940 4073 57.
965 3976 1023 4051 sed
1048 3976 1217 4051 Eusebius
1241 3980 1302 4050 suo
1321 3996 1411 4054 tem·

204 4098 289 4174 pore
320 4071 522 4175 superfuilie
552 4075 662 4153 tradit
683 4074 938 4171 Simonianos,
981 4076 1033 4149 H.
1064 4074 1106 4149 F..
1138 4073 1187 4147 11:
1223 4094 1255 4149 1.
1297 4088 1337 4143 ut
1370 4094 1411 4147 et

255 4170 339 4249 Tora.
364 4174 438 4249 ΙΙΙ.
794 4172 854 4243 Tt
936 4186 942 4195 ·
1267 4162 1417 4249 Pseudo-
