3609 5500
286 987 334 1077 53
677 969 825 1070 HiJIoria
848 973 978 1072 Eccsefi
1008 970 1122 1072 Christ.

290 1158 400 1235 etiam
425 1147 733 1243 instrustionibus,
757 1172 861 1229 antea
885 1154 1086 1251 Apostolis,
1112 1155 1388 1252 quaquaversum
1406 1152 1517 1236 millia

290 1253 428 1338 Marth.
456 1252 500 1325 X.
535 1248 634 1323 datis.
673 1251 760 1326 Luc.
786 1252 831 1325 X.
883 1252 1071 1350 Subjungit
1107 1252 1249 1347 quidem
1273 1255 1359 1328 Luc.
1392 1276 1428 1327 v.
1458 1276 1475 1326 1
1506 1309 1518 1329 .

288 1351 442 1434 reditum
470 1370 592 1420 eorum
614 1344 658 1432 ad
683 1344 878 1436 Christum,
922 1368 960 1421 et
985 1349 1122 1431 monita
1147 1353 1198 1422 'ea
1221 1350 1407 1423 occasione
1433 1346 1472 1444 ip

288 1447 401 1536 faeta,
436 1444 493 1518 sed
519 1445 555 1516 ln
580 1440 720 1515 incerto
746 1444 910 1541 reliquit,
951 1444 1013 1520 ubi
1038 1464 1076 1519 et
1098 1445 1238 1542 quando
1263 1447 1347 1522 illud
1374 1445 1521 1520 accide·

287 1545 357 1622 rit:
401 1563 505 1639 quare
539 1538 583 1611 de
623 1563 668 1612 eo
703 1538 793 1614 nihil
816 1539 966 1616 deliniri.
984 1542 1118 1638 potest:
1162 1560 1297 1618 tantum
1332 1541 1520 1640 probabile

289 1641 380 1717 mihi
412 1639 473 1726 fit,
517 1633 692 1709 Christum
717 1637 830 1710 adhuc
862 1637 901 1710 in
927 1636 1058 1710 itinere
1095 1635 1198 1712 fuisse
1227 1638 1517 1747 Hierosolymam

285 1740 430 1825 verl'us,
456 1732 527 1807 five
547 1730 589 1805 in
611 1731 723 1807 trastu
751 1732 1041 1828 transjordanensr
1067 1733 1210 1825 adhuc,
1236 1734 1308 1810 srve
1333 1753 1454 1832 potrus
1476 1736 1517 1816 in

289 1833 427 1911 vicinia
456 1827 706 1903 Hierichuntis
739 1829 811 1926 jam
846 1828 956 1903 suerit
990 1830 1174 1919 versatus3
1214 1855 1286 1928 quo
1315 1855 1380 1905 nos
1416 1831 1518 1907 casus

289 1954 372 2007 curn
389 1926 635 2036 Legisperim,
662 1945 700 1999 et
723 1927 885 2023 parabola
902 1926 1131 2018 Samaritani,
1157 1948 1317 2006 necnon
1344 1925 1520 2008 adventus

145 2040 152 2049 ’
287 2028 330 2112 in
354 2025 578 2113 Bethanram,
620 2022 706 2112 ibid,
733 2047 810 2120 cap.
839 2023 884 2097 X:
913 2045 971 2114 25.
996 2042 1035 2097 et
1058 2023 1132 2120 seq.
1162 2022 1258 2102 haud
1282 2025 1429 2100 obscure
1451 2023 1518 2098 du·

287 2124 352 2202 cit.
404 2120 557 2219 Jordane
598 2140 618 2190 e
651 2118 799 2215 regione
832 2118 1083 2196 Hierichuntis
1124 2119 1303 2216 trajam,
1348 2122 1517 2202 nonnulli

288 2240 495 2307 narrantur,
521 2217 630 2290 Matr.
648 2215 735 2301 XIX
759 2234 797 2290 et
814 2216 895 2290 XX.
920 2238 988 2292 nec
1004 2239 1079 2296 non
1099 2217 1188 2292 Luc.
1211 2218 1258 2291 X:
1286 2237 1402 2307 25.-
1423 2240 1517 2314 quae

285 2318 416 2397 eodem
439 2314 515 2387 fere
539 2331 701 2409 tempore
728 2311 977 2409 contigerunt,
1003 2312 1063 2387 secl
1086 2311 1242 2409 praecise
1267 2310 1422 2387 ordinari
1450 2336 1517 2388 ne·

287 2432 444 2515 queunt3
486 2408 596 2481 innuo
622 2408 840 2505 colloquium
866 2406 996 2483 Christi
1032 2432 1115 2483 cum
1139 2408 1387 2506 Legisperito,
1420 2410 1514 2488 Luc.

285 2516 332 2591 X.
367 2529 404 2582 er
434 2503 626 2581 Pharisaeis
655 2505 700 2580 de
728 2503 890 2580 divortio
926 2507 1036 2582 Mart.
1059 2504 1148 2579 XIX
1172 2524 1210 2578 et
1234 2508 1315 2581 XX:
1350 2514 1515 2584 11-16.

286 2608 416 2691 Statim
441 2627 481 2676 ac
506 2599 663 2677 Christus
688 2601 726 2676 in
750 2600 906 2689 confinia
930 2600 1084 2697 Judaeae
1108 2619 1278 2693 venerat,
1312 2621 1350 2676 et
1377 2603 1515 2679 morbis

285 2699 447 2790 sanandis
464 2721 608 2796 operam
633 2698 757 2788 dabat,
780 2694 977 2791 Pharisaei,
1001 2695 1118 2797 inquit
1134 2698 1298 2789 Matth,
1322 2697 1437 2795 ipsum
1462 2697 1515 2775 ibi

286 2815 556 2889 convenerunt,
591 2814 629 2868 et
657 2794 895 2892 quaestionem
919 2792 1146 2872 des-diuortio
1169 2797 1427 2893 proposuerunt
1449 2795 1514 2870 de·

286 2894 493 2976 uidendam:
522 2892 692 2989 adquam
720 2915 800 2966 cum
828 2889 986 2966 Christus
1008 2893 1254 2991 responderat,
1287 2891 1379 2968 hanc
1401 2888 1540 2968 mate?

283 2996 373 3079 riam
401 3014 482 3066 cunr
509 2987 700 3086 Discipulis
733 2988 802 3063 suis
837 2986 933 3061 domi
959 2987 1100 3064 uberius
1124 2986 1312 3077 traslavit3
1344 3010 1430 3063 mox
1456 2987 1514 3080 in·

283 3091 442 3180 fontibus
473 3084 614 3183 piorum
649 3103 835 3181 parentum
877 3082 944 3183 ipsr
977 3085 1105 3161 oblatis
1134 3083 1347 3176 benedixit,
1388 3081 1513 3160 talium

282 3189 354 3266 else
386 3208 536 3283 regnum
570 3183 751 3257 coelorum
774 3183 974 3273 declarans,
1016 3181 1171 3281 denique
1206 3181 1287 3257 viro
1314 3181 1509 3278 primario,

282 3312 328 3373 ae
351 3283 477 3369 diviti,
512 3281 702 3354 seeundum
727 3282 843 3375 Iegem
864 3277 981 3374 jrdl0,
1016 3278 1200 3373 quaerenti
1227 3277 1393 3353 debono
1419 3303 1507 3376 ope·

281 3378 390 3465 read
416 3376 532 3449 vitam.-
550 3394 730 3446 aeternam
748 3373 854 3448 conse
879 3373 1030 3446 uendam
1074 3372 1278 3464 raestand0,
1302 3375 1512 3472 respondit,

282 3476 418 3575 ipsum,
445 3469 547 3545 bonis
572 3467 610 3541 in
626 3492 803 3565 pauperes
825 3398 982 3559 clllatis,
1008 3398 1079 3544 sese
1098 3467 1240 3544 Chrillo
1264 3472 1434 3545 comitem
1451 3472 1513 3548 ad·

281 3574 434 3673 jungere
466 3567 608 3640 debere.
662 3566 744 3668 Quo
769 3564 996 3640 contristatus
1021 3565 1186 3664 responso
1211 3592 1232 3640 a
1257 3568 1396 3644 Christo
1418 3588 1507 3643 tunc

282 3661 462 3762 sequendo
487 3658 664 3735 abstinuit.
718 3660 796 3758 Qua
832 3658 1016 3737 occasione
1049 3688 1129 3738 cum
1163 3662 1343 3760 discipulis
1374 3663 1513 3741 dehac

280 3767 298 3843 i
325 3766 358 3838 sa
381 3756 591 3833 conditione
618 3758 815 3833 adcuratius
838 3758 935 3854 egit,
960 3759 1006 3833 ad
1027 3783 1089 3834 eos
1113 3759 1336 3835 instruendos
1361 3785 1403 3836 ac
1420 3784 1508 3836 con·

299 3855 460 3941 olandos,
486 3855 595 3928 Mart.
614 3855 721 3940 XIX:
747 3878 784 3932 er
810 3857 891 3931 XX.
945 3854 1060 3960 Quam
1084 3877 1195 3930 totam
1219 3858 1422 3955 pericopam
1439 3859 1510 3932 eti·

280 3984 340 4039 am
367 3953 404 4026 in
432 3949 649 4037 sermonibus
673 3951 816 4047 Belgice
847 3948 952 4028 editis
978 3951 1084 4027 fusius
1107 3953 1265 4051 exposui.
1297 3953 1510 4035 ‚Connestit

313 4050 451 4135 uidem,
486 4049 594 4119 Mart.
620 4070 651 4121 c.
676 4050 755 4121 XX:
786 4071 841 4143 17.
867 4072 949 4123 cum
975 4073 1020 4122 eo
1044 4051 1123 4122 casu
1149 4049 1349 4126 adscensum
1376 4050 1510 4127 Christi

277 4143 565 4237 Hierosolymas,
606 4140 664 4217 sed
699 4143 791 4218 haud
828 4170 939 4242 parvo
975 4143 1147 4241 temporis
1182 4148 1296 4245 spatio
1331 4147 1412 4243 post
1445 4148 1508 4223 de·

276 4272 374 4333 mum
398 4237 558 4337 perustus
579 4234 650 4324 est,
685 4259 722 4312 et
748 4240 844 4317 varia
869 4237 1162 4337 intercelserunt,
1197 4268 1243 4320 ex
1267 4246 1354 4318 Luc.
1378 4244 1442 4317 IX.
1468 4261 1509 4322 et

273 4340 348 4442 seq.
373 4335 573 4433 repetenda.
627 4335 726 4438 Quae
751 4336 899 4414 strislim
925 4339 1130 4416 recensebo,

292 4443 354 4551 ¹⁴s.
378 4435 479 4514 LVI.
509 4431 776 4547 Legispealsus‚
801 4437 857 4521 .de
880 4434 949 4527 via.
965 4433 1017 4521 sd.
1034 4436 1149 4525 vllam
1172 4453 1350 4519 aeternam
1374 4434 1509 4513 Christi

296 4594 299 4599 -
850 4554 887 4626 ,ἰ
1117 4563 1124 4572 ’
1289 4606 1294 4613 .
1343 4548 1509 4628 mentem
