3609 5500
808 926 925 1028 our
941 929 1016 1010 nr.
1063 947 1079 958 ··
1437 930 1519 1033 702

284 1106 342 1188 lus
357 1103 604 1201 <moliminis
636 1103 731 1186 Cleri
756 1112 998 1205 Constantio,
1029 1107 1091 1209 qni
1114 1105 1227 1187 exstat
1252 1110 1293 1188 in
1319 1107 1406 1188 astln
1420 1130 1509 1189 con·

285 1207 364 1279 cilii
388 1207 575 1304 Eplresmi,
608 1210 748 1283 Paulum
772 1232 853 1284 ante
877 1232 988 1285 annru
1015 1207 1181 1283 moene
1212 1210 1413 1286 damnatum
1440 1226 1511 1282 tra·

283 1302 370 1393 dat,
394 1328 497 1401 quem
521 1305 674 1379 libellum
701 1330 736 1380 a.
762 1329 846 1397 429.
879 1323 984 1404 putat
1008 1302 1180 1400 scriptum
1205 1305 1295 1380 else:
1336 1307 1395 1380 sed
1419 1306 1511 1380 haec

287 1401 394 1473 nimis
408 1403 486 1475 sunt
503 1402 655 1491 lubrica,
684 1423 721 1475 et
746 1422 909 1477 numerus
927 1400 1086 1476 admittit
1103 1399 1327 1475 latitudinem
1345 1401 1509 1497 aliquam.

288 1495 456 1577 Ceterum
478 1520 564 1570 num
587 1499 702 1594 plures
717 1497 850 1573 suerint
870 1498 1014 1573 cunilae
1035 1494 1194 1595 synodi,
1221 1521 1263 1569 an
1282 1522 1349 1570 una
1366 1497 1509 1570 eadem·

289 1616 359 1689 que
384 1615 449 1687 per
473 1592 560 1667 duos
583 1594 699 1668 tresve
723 1617 832 1668 annos
848 1592 1137 1682 continuaverit,
1164 1593 1276 1689 qualia
1293 1615 1365 1667 non
1383 1591 1512 1666 desunt

289 1689 451 1783 exempla
474 1690 539 1763 alia
562 1690 703 1763 concilii
728 1690 791 1763 diu
816 1689 1036 1782 continuati,
1061 1706 1100 1765 et
1126 1688 1314 1785 aliquoties
1338 1710 1512 1786 proroga·

284 1783 341 1873 ei,
374 1806 429 1857 ex.
453 1807 507 1879 gr.
534 1785 736 1882 carthagin.
763 1788 825 1860 sub
850 1784 1049 1885 Cypriam,
1081 1785 1258 1882 inquirere
1284 1809 1356 1860 non
1381 1802 1509 1875 uacat,

290 1902 360 1953 nec
393 1881 484 1952 tanti
510 1879 578 1954 est„
625 1882 717 1956 lllud
743 1905 788 1955 ex
820 1884 900 1959 Eul}
934 1882 1055 1979 colligi
1078 1882 1188 1973 solet,
1231 1904 1314 1955 ante
1345 1882 1508 1956 ultimam

287 1974 383 2049 hunc
405 1977 583 2073 Synodum
608 1975 709 2050 soille
732 1978 832 2053 aliam
858 1980 1033 2068 habitam,
1065 1976 1125 2051 cui
1141 1976 1315 2074 praesedit
1333 1975 1508 2052 Firmilia·

285 2094 380 2243 tn
403 2072 1513 2246 urutrzlrlnurlnnintitulentur

288 2265 351 2338 ubi
376 2223 517 2353 dicunt,
552 2264 790 2341 Firmiliannm
815 2265 869 2341 bit
891 2196 1027 2341 venisse
1053 2192 1308 2355 dntiochiam,
1350 2285 1387 2339 et
1412 2192 1512 2339 dagm-

287 2357 387 2434 ualle
411 2359 640 2450 sententiam,
666 2362 724 2435 sed
747 2361 861 2458 ipsum
885 2364 1029 2437 Paulum
1055 2361 1320 2435 dillimulantem
1344 2361 1511 2439 absolvis·

292 2455 349 2530 se:
375 2456 420 2527 de
444 2456 550 2531 variis
575 2476 693 2531 tamen
717 2457 872 2555 synodis
891 2471 968 2531 non
991 2459 1192 2553 loquuntur.
1244 2456 1424 2558 Quicquid
1442 2456 1512 2549 srt,

283 2551 471 2626 damnatus
491 2553 636 2627 tandem
656 2553 770 2629 noluit
790 2555 876 2629 loco
889 2553 1043 2643 cedere,
1067 2550 1208 2650 seseque
1234 2553 1425 2628 autoritate
1440 2554 1517 2628 Ze·

293 2648 421 2724 nobiae
445 2645 553 2721 tuitus
578 2648 648 2737 est,
673 2649 780 2744 usqne
805 2650 846 2723 ad
863 2647 1043 2723 Aureliani
1062 2667 1245 2745 tempora,
1275 2646 1435 2746 quando,
1460 2649 1518 2736 stt-f

318 2766 411 2818 erata
448 2742 644 2834 Zenobia,
682 2741 827 2818 condius
861 2741 918 2818 est
958 2744 995 2818 id
1031 2742 1149 2819 facere
1187 2745 1280 2842 iuliu
1313 2742 1514 2824 Aureliani.

286 2769 371 2918 bus.
396 2840 446 2913 H.
472 2839 558 2913 Vll:
586 2861 643 2929 29.
668 2862 773 2938 quem
801 2840 918 2915 locum
948 2839 1064 2915 vales.
1098 2839 1213 2916 minus
1247 2839 1352 2917 reete
1368 2839 1413 2915 de
1437 2840 1514 2941 ipsa

286 2934 440 3034 Synodo
465 2951 550 3010 tunc
570 2934 691 3010 habita
709 2934 965 3033 interpretatus
986 2933 1057 3026 est,
1088 2958 1173 3010 corn
1197 2935 1241 3010 de
1265 2937 1394 3027 Paulo,
1426 2955 1515 3013 ante

288 3033 331 3109 in
356 3029 499 3126 Synodo
523 3031 708 3120 damnato,
739 3053 834 3106 nunc
856 3054 946 3104 vero
969 3033 1175 3121 extrubato,
1208 3051 1309 3130 agat3
1343 3049 1384 3105 ut
1412 3031 1515 3108 reste

292 3124 377 3223 uagi
408 3127 433 3200 l.
459 3149 491 3201 c
515 3147 555 3200 et
587 3127 624 3200 in
651 3125 740 3203 Diff.
762 3129 919 3224 hypatica
949 3127 987 3200 in
1018 3128 1081 3201 fin.
1130 3127 1260 3201 Refert
1284 3144 1402 3201 autem
1428 3127 1513 3205 Eos.

287 3223 338 3305 ib.
358 3244 394 3296 c.
420 3245 477 3318 30·
525 3223 753 3298 Aurelianum
776 3225 1017 3319 interpellatum
1026 3221 1209 3320 juainffe,
1235 3226 1278 3296 iis
1303 3226 1428 3297 domum
1443 3226 1515 3302 Ec·

287 3317 409 3412 clefiae
433 3318 494 3415 effe
514 3320 723 3405 tradendam,
746 3325 863 3414 quibus
889 3321 1005 3395 Italici
1023 3317 1228 3411 Christianae
1251 3319 1417 3415 religionis
1441 3321 1518 3396 Art·

286 3418 439 3516 sistim,
455 3433 488 3489 et
502 3413 670 3489 Ronanus
689 3416 864 3515 Episcopus
875 3469 886 3504 ,
894 3413 1093 3525 scriberent.
1140 3415 1198 3488 Ad
1215 3438 1305 3511 quae
1321 3418 1430 3492 verba
1447 3438 1516 3493 no·

299 3514 365 3591 tari
391 3531 566 3603 meretur,
595 3534 626 3585 ι.
654 3514 818 3587 Romano
840 3514 1020 3684 Episcopo
1044 3511 1187 3608 adjungi
1211 3512 1366 3610 reliquos
1389 3515 1517 3593 ltaliae

296 3610 514 3708 episcopos,
555 3630 603 3681 ne
628 3611 724 3704 quis,
755 3607 910 3685 Romani
933 3607 973 3684 so
985 3608 1038 3683 ius
1064 3607 1203 3705 judicio
1234 3609 1304 3684 esse
1329 3607 1521 3703 standum.¹

292 3706 474 3804 opinetur.
530 3726 562 3776 2.
590 3703 679 3778 Non
711 3708 769 3803 agi
799 3707 845 3780 de
869 3707 976 3781 Paulo
1005 3706 1087 3802 jure
1115 3727 1159 3777 an
1185 3704 1313 3798 injuria
1344 3704 1516 3781 damnate

293 3826 320 3877 a
341 3798 505 3895 Synodo,
529 3799 589 3869 sed
613 3799 657 3870 de
682 3804 771 3874 dumo
795 3802 968 3875 Ecclesiae
994 3822 1033 3872 et
1058 3799 1246 3893 Epistopi,
1271 3797 1376 3895 cujus·
1393 3800 1516 3893 foret,
1551 3811 1553 3815 '
1638 3846 1641 3853 ·

296 3918 384 3974 num
408 3893 502 3964 Pauli
531 3891 702 3985 depositi,
735 3895 796 3991 qui
815 3896 943 3968 cedere
970 3895 1134 3980 nolebat,
1160 3916 1203 3967 an
1223 3893 1380 3985 Domni,
1405 3917 1426 3968 a
1449 3896 1472 3968 S
1498 3930 1518 3958 ο

297 3994 396 4068 nodo
429 3988 462 4060 ei
498 3985 648 4060 suffetli.
699 3991 841 4065 {nterea
870 4011 956 4064 nera
986 3987 1170 4063 constituti
1204 3988 1387 4066 Aureliani
1419 4009 1518 4068 rano

297 4087 402 4165 fuisse
426 4083 587 4173 uidetur,
637 4085 705 4158 uod
728 4082 907 4161 Zenobiae
930 4087 1086 4184 partibus
1111 4084 1217 4160 suerit
1241 4086 1362 4161 Paulus
1388 4106 1520 4168 contra

298 4189 540 4292 inperatprem
567 4105 759 4274 addictior,
784 4204 822 4257 et
839 4202 1029 4292 propterea
1053 4182 1090 4258 in
1117 4183 1237 4258 odium
1262 4182 1429 4259 inciderit
1452 4184 1514 4293 ¹.¹¹‘.

300 4301 483 4380 peratorts.
535 4279 701 4355 Ceterum
734 4280 865 4359 fabium
891 4279 975 4354 illud
1001 4277 1052 4358 cst
1084 4304 1116 4357 a.
1146 4301 1231 4376 272.
1264 4279 1407 4381 dequo
1439 4277 1520 4363 vid,

298 4376 388 4477 Pagi
414 4375 457 4454 ad
479 4377 607 4485 llarqn.

249 4487 253 4495 ’
866 4471 1052 4553 Vvvvn
1400 4466 1438 4573 Ι.
1462 4462 1527 4563 CH
