3609 5500
685 681 792 760 Sacas.
807 678 871 757 ¹II.
990 696 993 702 ·
1315 676 1391 793 339
1428 661 1435 676 ’

178 863 214 944 fis
235 857 457 938 latitudinem
481 857 653 937 admittat.
706 861 830 953 Addo,
859 863 1041 937 Irenaeum
1062 864 1133 960 jam
1158 863 1381 962 decrepitum

173 961 245 1034 sere
272 956 437 1055 scripsisse
465 957 592 1049 libros,
627 957 813 1032 secundum
839 959 1018 1032 Dodwelli
1046 961 1200 1034 rationes
1231 969 1383 1058 chrono-
1450 1041 1454 1046 ,

172 1051 314 1152 logicas'3
337 1055 431 1150 quod
448 1053 574 1126 fastum
594 1052 643 1125 est
659 1053 718 1126 sub
744 1055 956 1142 Eleuthero,
989 1056 1104 1151 Episc.
1137 1059 1242 1138 Rom.
1269 1060 1289 1134 l.
1317 1060 1381 1135 lIl:

179 1175 207 1246 3.
232 1151 291 1246 qui
316 1150 405 1222 sedit
429 1152 471 1221 ab
495 1171 526 1223 a.
556 1156 623 1223 162
648 1149 690 1222 ad
719 1171 810 1242 1775
851 1145 1133 1248 septuagenarius
1165 1143 1282 1248 itaque
1313 1147 1386 1249 jam

177 1247 310 1335 luisset,
338 1245 416 1318 sra.
441 1267 510 1317 aer.
535 1245 584 1318 V.
608 1267 657 1337 97.
680 1244 766 1317 esset
787 1263 914 1334 natus,
940 1246 1067 1319 deinde
1093 1270 1173 1321 cum
1196 1248 1325 1322 litteris
1340 1248 1385 1322 ad

171 1343 414 1430 Eleutherum,
432 1340 550 1414 adhuc
559 1345 760 1438 presbyter,
781 1339 898 1412 missus
916 1339 966 1422 est
985 1343 1156 1415 Romam:
1173 1344 1266 1439 quod
1282 1343 1319 1416 in
1329 1343 1383 1415 vi·

177 1461 248 1510 rum
282 1457 354 1510 tam
379 1438 497 1509 senem
527 1438 588 1509 vix
621 1435 802 1512 convenit.
852 1438 1038 1526 Ceterum,
1070 1437 1173 1511 utin
1205 1440 1279 1510 vitu
1309 1438 1385 1533 ejus

177 1555 345 1630 pergam,
388 1531 455 1604 suit
499 1534 651 1628 primum
687 1533 872 1628 Presbyter
906 1532 1145 1629 Lugdunensis
1177 1534 1216 1608 iu
1240 1534 1385 1625 -Gallia,

179 1628 334 1725 quorsum
363 1651 430 1723 qua
454 1626 637 1699 occasione
658 1627 820 1717 uenerit,
860 1626 884 1698 sr
910 1627 1126 1724 smyrnensis
1149 1629 1279 1718 suerit,
1313 1654 1386 1706 nou

179 1721 328 1813 constat,
354 1721 503 1811 deinde,
530 1741 671 1795 mortuo
690 1722 864 1810 Plautino,
890 1721 1086 1820 Episcopus
1103 1725 1140 1798 in
1164 1725 1237 1820 ejus
1255 1727 1383 1803 locum.

180 1817 369 1893 Contendit
392 1815 533 1914 quidem
552 1813 716 1890 Malluet.
742 1817 830 1892 Diis.
855 1819 900 1889 ΙΙ.
927 1817 970 1890 ad
994 1821 1086 1893 Iren.
1113 1842 1193 1892 eum
1218 1822 1261 1893 ab
1283 1821 1385 1916 Epis-

180 1911 573 2103 dllrrlllfllllli
590 1912 1385 2088 llllllluddllllls‘lrllllt

181 2127 215 2196 4.
245 2123 315 2178 tum
352 2102 446 2201 quod
479 2104 561 2179 nulli
599 2105 634 2176 in
672 2102 782 2176 Gallia
807 2102 939 2176 fuerint
977 2104 1166 2203 Episcopi,
1207 2130 1227 2178 a
1261 2106 1387 2203 quibus

180 2200 324 2274 ordinari
351 2215 512 2296 poterat:
553 2199 611 2272 sed
632 2195 806 2296 posterius
837 2199 920 2272 illud
952 2200 1118 2294 precario
1150 2201 1281 2276 adsumi
1310 2206 1386 2299 jam

181 2295 338 2390 probavit
363 2293 570 2370 'l'illemont
599 2295 637 2367 iu
663 2293 738 2368 vita
763 2296 889 2385 lren.,⁴
919 2297 1017 2390 prius
1044 2294 1272 2370 fundamento
1298 2323 1384 2397 quo·
1441 2365 1444 2370 .
1574 2307 1582 2324 '

181 2413 242 2488 que
265 2408 380 2465 caret:
424 2385 507 2477 etsi,
549 2413 630 2463 cum
654 2387 817 2478 Valelio,
859 2411 940 2462 eum
964 2391 1117 2466 Romam
1148 2393 1282 2469 venisse
1311 2417 1407 2472 uon.

181 2486 395 2582 negaverim,
430 2485 509 2580 quia
535 2485 613 2559 Eus.
639 2482 676 2558 id
698 2483 826 2570 diserte
852 2483 1004 2575 adserit3
1044 2486 1081 2561 id
1104 2487 1235 2562 fastum
1260 2490 1384 2580 fuisse,

180 2603 216 2656 ut
238 2581 475 2670 ordinaretur,
496 2581 577 2652 'non
603 2579 770 2670 traditur,
811 2579 904 2678 quod
929 2598 1045 2656 tamen
1073 2582 1210 2657 filentio
1237 2609 1308 2660 non
1334 2585 1389 2662 su·

181 2675 252 2754 illst
266 2676 483 2753 involutum:
515 2673 642 2751 rectius
657 2672 836 2767 statuitur,
861 2700 941 2752 eum
964 2676 1008 2751 ad
1023 2678 1235 2777 Episcopum
1252 2681 1382 2773 Rom,

178 2774 392 2867 cumlitteris
407 2771 706 2847 commendatitiis
724 2791 934 2869 martyrum,
958 2773 1157 2881 profestum
1181 2772 1252 2847 effe
1275 2799 1384 2874 prop·
1522 2863 1526 2869 .

181 2887 232 2943 ter
253 2868 467 2947 difficiliores
494 2865 730 2967 quaestiones,
765 2866 968 2940 consulendi
991 2889 1089 2962 erg0.
1138 2870 1307 2966 Reliqua,
1339 2870 1383 2945 ad

182 2964 282 3039 uitam
309 2966 384 3063 ejus
407 2964 644 3063 pertinentia,
684 2984 730 3038 cx
754 2963 932 3035 autoribus
965 2960 1083 3035 citatis
1112 2962 1188 3058 peti
1220 2965 1383 3061 possunt:

181 3061 295 3157 quibus
317 3060 399 3135 addi
423 3077 575 3134 meretur
597 3056 707 3133 Pears.
732 3057 843 3133 Vind.
876 3058 986 3226 lpnat.
1017 3080 1055 3152 p.
1079 3057 1126 3133 ll.
1159 3081 1191 3133 c.
1219 3082 1275 3156 13.
1323 3063 1386 3139 De

180 3178 301 3252 genere
321 3156 447 3230 mortis
474 3153 562 3230 nihil
583 3150 674 3228 certi
697 3151 846 3229 constat.
926 3149 1065 3227 ensetur
1083 3151 1225 3248 quidem
1249 3177 1382 3257 marty·

180 3250 457 3340 decoronatus,
482 3250 540 3325 sed
567 3248 638 3323 sme
661 3246 910 3337 fundamento,
931 3270 1013 3323 cum
1039 3270 1145 3322 nemo
1171 3270 1252 3325 ante
1275 3254 1385 3331 Pseu·

183 3342 320 3445 ‹lo-Jusl.
346 3346 382 3421 iri
408 3344 549 3448 Quaest.
574 3364 611 3419 et
634 3344 723 3445 resp.
749 3346 790 3419 ad
816 3344 987 3435 orthod,
1014 3344 1120 3419 seculi
1149 3346 1217 3420 Vn·
1231 3348 1378 3449 scripto·

181 3460 263 3532 rem,
288 3444 362 3538 ejus
384 3440 596 3517 meminerit.

221 3539 249 3637 s.
276 3540 410 3614 XXlll.
442 3541 497 3611 Ex
521 3535 657 3633 scriptis
683 3532 844 3624 irenaei,
867 3534 959 3607 bene
983 3532 1122 3621 multis,
1147 3538 1281 3629 quinque
1304 3558 1379 3613 tan.

182 3646 247 3708 tum
271 3634 351 3708 libri
376 3633 453 3707 adv.
479 3632 650 3707 Haereses
675 3629 876 3723 supersunt,
902 3628 1027 3737 quibus
1050 3646 1172 3701 contra
1189 3630 1381 3711 Gnosticos

181 3731 357 3828 praecipue
379 3728 551 3898 disputat,
594 3748 716 3800 eorum
742 3722 955 3833 lrypotheles
980 3723 1214 3819 exponenda,
1259 3746 1296 3800 et
1319 3731 1381 3807 suo

181 3843 267 3899 more
283 3826 421 3899 refutan
447 3848 489 3913 o,
515 3848 561 3897 ex
580 3846 624 3895 eo
643 3822 679 3894 in
698 3842 839 3915 pramis,
865 3816 959 3914 quod
977 3841 1049 3891 non
1077 3818 1309 3915 cohaereant,
1340 3842 1381 3899 et

185 3921 298 4017 Script.
322 3924 358 3995 S.
383 3942 424 3993 ac
450 3917 630 3993 traditioni
657 3916 901 4013 adversentur,
937 3936 1006 3987 nec
1030 3915 1187 4004 Graece,
1219 3919 1380 4014 exceptis

186 4016 344 4091 nonnullis
369 4014 597 4115 fragmentis,
622 4012 678 4085 sed
707 4011 853 4099 Latine,
903 4032 983 4084 uare
1006 4008 1051 4081 de
1074 4028 1195 4083 mente
1218 4011 1292 4103 ejus
1307 4014 1382 4086 sae·

186 4128 224 4201 pe
244 4112 329 4185 certi
355 4110 424 4185 elle
448 4134 524 4192 non
548 4106 744 4206 possumus:
774 4104 870 4205 'scrip
925 4122 1089 4183 cautem
1119 4126 1200 4191 eum
1224 4106 1381 4209 Graece,

225 4204 306 4285 Tam.
330 4206 403 4284 111.
742 4201 834 4281 aaa
1319 4198 1383 4280 etfi
