3609 5500
275 937 326 1015 ⁶8
663 935 810 1042 ffistori'a
833 939 962 1039 Eccles.
991 936 1105 1038 Clirifl.

283 1110 398 1281 posite
423 1112 466 1189 ad
493 1138 597 1191 vanas
630 1142 752 1193 eoruni
778 1122 965 1218 opiniones
996 1119 1040 1192 de
1064 1109 1385 1216 regno-terrestrk
1417 1107 1501 1203 sed,

302 1233 446 1283 ermone
470 1214 512 1285 ad
538 1214 725 1311 discipulos
751 1223 874 1307 uerso,
900 1216 1096 1289 distinclius
1119 1213 1290 1310 exponit,
1314 1209 1502 1284 civitatem

211 1349 222 1368 ι
287 1304 420 1378 Israelis
446 1308 514 1380 else
542 1331 623 1382 ante
647 1312 906 1400 destruendam,
931 1335 1032 1408 quum
1058 1333 1203 1407 regnum
1221 1305 1349 1382 Christi
1369 1306 1411 1379 sit
1427 1328 1499 1380 ma·

112 1417 115 1424 ·
286 1398 541 1511 nisestanduni,
567 1397 694 1479 additis
715 1408 790 1503 ejus
814 1409 940 1506 signis,
965 1427 1002 1480 et
1019 1404 1205 1502 mulnplici
1230 1400 1386 1491 miseria,
1411 1423 1503 1498 quae

287 1516 364 1588 eain
391 1518 629 1574 comitaretur.

333 1588 366 1688 s.
392 1593 507 1668 LXV.
542 1598 635 1669 Mox
659 1619 704 1669 cii
732 1597 866 1693 vulgari
889 1597 1057 1693 exemplo
1079 1589 1197 1693 injusti
1215 1590 1366 1689 judicis,
1397 1589 1502 1666 vidu-

287 1709 342 1759 ain
369 1689 583 1783 opprellani,
610 1691 688 1787 post
713 1692 892 1765 diuturnas
943 1713 1041 1765 reces
1089 1690 1239 1777 uerulas,
1265 1688 1404 1761 tandem
1422 1689 1504 1762 vin·

289 1780 461 1872 dicentis,
486 1785 597 1859 suinta
619 1790 799 1883 parabola,
823 1787 1014 1883 Discipulis
1031 1784 1186 1883 injungit
1205 1782 1447 1856 adsiduitatem
1463 1782 1504 1857 io

289 1876 455 1973 precibus
482 1881 523 1955 ad
548 1883 686 1972 Deum,
720 1881 851 1980 justum
880 1902 919 1957 et
948 1881 1086 1956 suoruni
1120 1896 1294 1954 amantem
1321 1877 1506 1974 judicem,

290 1970 413 2045 addito
437 1977 603 2071 promisso
636 1967 864 2073 teni'pesti'vae
899 1975 1117 2052 liberationis
1152 1976 1194 2048 ab
1221 1973 1504 2084 oppressoribus,
1536 2055 1542 2064 ,

273 2084 372 2141 'cuin
393 2071 509 2163 Deus,
535 2075 782 2166 longanimitate
798 2077 965 2172 abrupta,
991 2075 1077 2172 (leg
1101 2070 1196 2143 enini
1214 2074 1356 2144 videtur
1373 2072 1418 2164 μᾶ
1436 2099 1506 2166 μα.

202 2241 208 2246 ,
287 2171 464 2261 κςοθυμῶν,
497 2165 550 2239 uti
572 2168 706 2242 Siracli.
730 2169 882 2242 XXXII:
911 2165 985 2266 18.)
1021 2175 1085 2241 cito
1108 2189 1160 2238 ear
1175 2163 1225 2259 fi!
1247 2166 1504 2259 vindicaturus,

288 2262 378 2337 Luc.
404 2264 545 2336 XVIII:
572 2271 679 2341 1—8.
728 2263 828 2363 Quae
846 2264 1037 2360 pericopa,
1059 2262 1146 2337 licet
1169 2263 1368 2357 generalem
1383 2261 1504 2338 conti·

290 2378 373 2431 neat
398 2356 612 2446 dostrinani,
639 2357 747 2432 tacite
773 2359 866 2431 forte
892 2358 1062 2448 insinuat,
1083 2355 1295 2447 Ecclesiam,
1320 2357 1506 2453 aJudaeis

290 2454 507 2541 vexandam,
533 2452 659 2541 brevi,
682 2454 723 2526 ad
747 2454 853 2528 fidem
879 2473 916 2526 et
940 2477 1064 2551 preces
1087 2452 1260 2541 fidelium,
1285 2450 1354 2525 effe
1376 2474 1396 2524 a
1419 2456 1507 2546 Deo¹

292 2548 561 2637 vindicandam,
603 2546 806 2644 hostesque,
847 2568 887 2623 ut
919 2572 996 2646 cap.
1021 2548 1256 2644 praecedente
1286 2547 1507 2643 praedarum

292 2663 389 2733 erat,
431 2642 676 2731 destruendos3
710 2668 777 2740 qua
799 2647 938 2718 ratione
964 2643 1072 2717 etiarn
1096 2644 1260 2739 adparet,
1292 2665 1394 2752 quani
1419 2664 1507 2743 apte

290 2738 529 2837 superioribus
553 2737 728 2832 subjundla
747 2740 801 2815 sit.
848 2739 1014 2837 Sequitur
1039 2740 1201 2836 parabola
1217 2737 1410 2831 Pharisaei,
1439 2765 1505 2816 ex·

291 2836 405 2911 ternis
428 2836 495 2908 suis
518 2833 672 2929 justitiae
698 2855 736 2907 et
761 2835 944 2933 religionis
969 2837 1133 2931 operibus
1165 2832 1327 2925 fidentis,
1360 2860 1401 2911 ac
1425 2837 1506 2934 glo·

289 2931 433 3019 riantis,
473 2932 627 3026 reliquos
651 2952 733 3025 prae
759 2931 920 3028 superbia
947 2932 1162 3025 spernentis,
1201 2951 1242 3001 ac
1267 2929 1507 3008 condemnan-

290 3028 360 3120 tis,
389 3027 427 3101 in
452 3026 561 3101 oculis
581 3025 673 3114 Dei,
699 3046 738 3099 et
755 3050 867 3122 regno
896 3027 1051 3124 gratiae,
1073 3028 1179 3123 longe
1202 3024 1349 3098 minoris
1365 3027 1505 3117 habiti,

291 3149 397 3231 quam
421 3124 478 3200 vel
497 3122 601 3220 ipsius
621 3122 819 3217 publicani,
843 3144 988 3221 peccata
1013 3123 1070 3197 sua
1088 3118 1312 3210 confitentis,
1337 3121 1507 3197 dolentis·

294 3246 384 3318 que,
410 3240 448 3294 et
473 3219 619 3318 gratiam
643 3218 713 3292 Dei
738 3219 774 3292 in
802 3221 943 3293 lorantis
966 3218 1057 3293 serio
1081 3241 1122 3293 ac
1144 3215 1343 3307 humiliter,
1378 3214 1511 3293 in'eos

293 3316 448 3402 diretta,
474 3314 590 3409 quise
612 3245 823 3406 justitiallla
850 3315 993 3407 propria
1016 3311 1229 3412 extulerint,
1255 3329 1292 3383 et
1315 3311 1401 3386 alios
1418 3336 1506 3388 con·

290 3407 497 3496 reinserint,
522 3406 606 3479 ibid.
631 3426 769 3494 4-14,
821 3409 909 3477 Cum
936 3429 1022 3478 vero
1048 3404 1085 3478 in
1117 3404 1248 3479 itinere
1268 3408 1425 3483 nonnulli
1451 3406 1509 3485 in·

223 3526 227 3533 ·
295 3507 412 3582 fantes
439 3527 458 3575 a
483 3500 552 3596 piis
577 3496 789 3572 offerrentur
816 3501 1039 3595 parentibus,
1065 3520 1103 3573 ut
1128 3526 1147 3574 a
1173 3500 1315 3575 Christo
1337 3504 1509 3580 benedic·

293 3600 432 3674 tionem
463 3595 683 3691 acciperent,
709 3618 804 3682 eam,
833 3596 1051 3693 reprehensis
1077 3596 1158 3694 ipsis
1181 3596 1358 3692 discipulis
1382 3600 1417 3672 se
1440 3625 1507 3698 op-

296 3692 532 3795 ponentibus,
565 3689 716 3787 gratiose
746 3690 865 3779 dcdit3
898 3692 948 3766 ib.v
975 3715 1132 3786 15-17.
1157 3693 1263 3766 altera
1287 3693 1370 3767 vice
1391 3693 1510 3770 osten·

297 3793 405 3880 dens,
456 3811 533 3861 uani
563 3788 654 3882 grati
679 3784 741 3857 sibi
767 3784 833 3858 sint
859 3785 1011 3861 infantes
1036 3788 1210 3873 fidelium,
1236 3789 1416 3896 qualesque
1436 3791 1510 3864 sese

296 3885 460 3982 discipuli
483 3881 533 3955 sui
561 3878 731 3977 praestare
758 3881 927 3958 debeant:
953 3905 1054 3959 antea
1071 3882 1167 3958 enirn
1184 3882 1291 3955 finiile
1317 3885 1399 3981 quid
1422 3908 1508 3959 con·

295 3982 458 4077 tigerat,
498 4001 604 4072 quum
638 3977 749 4072 prima
770 3978 851 4050 uice
885 4004 949 4075 per
973 3982 1034 4054 has
1072 4003 1149 4052 oras
1181 3980 1364 4067 tetendit3
1409 3983 1510 4074 cujus

297 4074 435 4151 mentio
460 4071 532 4162 est,
557 4075 665 4146 Mau.
694 4075 794 4145 XIX.
820 4098 899 4146 curn
922 4076 994 4148 hoc
1016 4074 1092 4147 casu
1111 4097 1182 4145 non
1201 4075 1507 4151 confundendum:

300 4197 370 4285 quo
395 4168 503 4243 etiam
527 4167 633 4256 facit,
656 4168 750 4263 quod
775 4167 836 4238 hie
859 4171 991 4262 palam,
1024 4189 1060 4241 et
1089 4168 1125 4240 in
1150 4168 1228 4257 uia,
1262 4171 1318 4242 sed
1345 4172 1393 4242 ibi
1422 4196 1508 4247 con·

296 4269 422 4368 tigerit
444 4268 545 4352 domi,
579 4284 618 4338 ut
643 4287 687 4335 ex
714 4264 828 4336 Marc.
854 4267 899 4338 X:
931 4291 975 4338 10
999 4283 1036 4336 et
1065 4287 1118 4356 17.
1145 4265 1261 4338 secun'i
1284 4265 1435 4355 collatis,
1465 4269 1509 4343 li·

291 4386 395 4473 quet.
446 4361 553 4472 Quod
582 4360 678 4436 idem
700 4381 785 4436 num
808 4361 852 4434 de
877 4359 1054 4466 colloquio
1079 4359 1210 4437 Christi
1239 4383 1319 4435 cuin
1342 4363 1507 4460 praesec-¹

1465 4479 1510 4535 10
