3609 5500
284 989 330 1063 3²
487 902 491 910 Ι
674 952 822 1051 lastaria
843 952 979 1051 Ecckfi
1002 952 1117 1053 christ.

282 1143 387 1217 detur
412 1133 602 1223 sententia,
629 1150 696 1207 tres
713 1132 904 1217 ⁴minimum
931 1155 1042 1208 annos
1065 1132 1192 1209 solidos
1219 1135 1289 1210 elle
1311 1138 1502 1218 admitten-

282 1240 368 1325 dos,
411 1256 449 1309 et
481 1250 616 1329 quatuor
647 1229 877 1325 paschatain
913 1230 987 1325 ejus
1020 1230 1130 1305 uitam
1164 1232 1344 1326 incidille,
1387 1241 1437 1311 ita
1461 1260 1503 1313 ut

283 1350 397 1433 quarto
429 1331 538 1404 fuerit
569 1326 713 1400 occisus.
767 1323 865 1426 Quae
898 1326 1045 1420 opinio,
1087 1321 1173 1401 sicut
1202 1332 1287 1405 Luc.
1313 1335 1412 1406 XIIL·
1439 1360 1501 1429 33.

282 1431 344 1507 ubi
370 1426 524 1501 Christus
556 1424 706 1497 declarat
740 1423 810 1496 sele
835 1419 950 1494 adhuc
977 1424 1067 1495 laodic
1094 1446 1131 1498 et
1154 1452 1228 1499 cras
1257 1428 1386 1502 debere
1414 1455 1502 1525 ope·

282 1526 373 1614 rari,
415 1544 452 1596 et
476 1525 572 1595 tertio
603 1520 661 1592 die
685 1523 779 1591 abire
805 1536 842 1589 et
875 1518 1128 1609 consummari,
1167 1522 1226 1595 seu
1248 1524 1360 1612 mori,
1402 1527 1501 1600 recle

283 1619 476 1708 con-venit,
501 1618 575 1690 dies
599 1639 737 1712 quoque
761 1612 962 1686 emortualis
984 1639 1076 1689 anuo
1100 1615 1150 1689 illi
1175 1638 1258 1715 apte
1284 1621 1500 1716 respondet,

279 1723 328 1795 de
348 1742 417 1813 quo
439 1712 580 1811 postea,
605 1714 658 1787 ita
682 1714 848 1784 extribus
875 1707 971 1781 festis
985 1711 1178 1806 paschatis,
1204 1738 1310 1810 quae,
1338 1737 1503 1813 tanquam

280 1816 409 1891 doctor
443 1811 601 1907 publicus
625 1807 837 1893 celebravit,
878 1823 990 1900 quarto
1021 1809 1187 1904 paschate
1219 1812 1500 1903 consummatus,

282 1914 376 1986 clare
399 1906 665 1980 demonstratur.
721 1927 752 1976 1.
776 1902 942 1990 Primum,
967 1926 1118 1997 quocum
1144 1904 1300 2002 incepit,
1325 1933 1499 1982 memora·

282 2028 340 2082 tur
365 2004 447 2104 Joh.
475 2005 524 2078 11,-
554 2026 608 2095 13.
659 2022 691 2074 2.
718 1999 895 2074 Secundum
918 2002 1031 2073 exstat
1054 2002 1135 2097 Joh.
1160 2004 1209 2074 V:
1238 2028 1268 2077 r.
1295 2004 1355 2079 ubi
1370 2004 1502 2101 festum

282 2103 518 2187 udaeorum,
560 2098 609 2169 ita
633 2096 788 2169 absolute
821 2093 983 2184 dictum,
1025 2097 1070 2170 de
1101 2096 1266 2193 paschate
1296 2100 1504 2196 sumendum

304 2198 355 2287 st;
396 2197 482 2270 sicut
506 2193 733 2265 confirmatur
756 2213 801 2262 ex
836 2212 913 2284 cap„
939 2192 1007 2265 IV:
1035 2216 1092 2287 35.
1129 2194 1187 2265 ubi
1210 2218 1235 2285 4
1259 2197 1394 2284 menses
1417 2216 1503 2271 ante

330 2294 435 2368 effem
470 2287 642 2383 supereffe
669 2285 838 2375 traditur,
880 2308 948 2374 nec
980 2310 1050 2360 non
1085 2312 1130 2362 ex
1163 2291 1250 2363 Luc.
1278 2293 1345 2366 Vl:
1373 2316 1405 2368 1.
1440 2295 1503 2367 ubi

279 2394 457 2470 sabbatum
492 2392 613 2482 δωτερο
631 2383 743 2481 πρῶτον
772 2382 1071 2479 secundo-primum
1102 2385 1250 2459 omnino
1293 2388 1363 2477 est,
1405 2390 1503 2485 quod
1560 2459 1566 2469 ,

279 2486 439 2587 paschati
464 2485 638 2556 adnexum
663 2481 733 2569 est,
758 2501 962 2575 quacunque
989 2481 1126 2554 ratione
1152 2482 1280 2578 phrasis
1307 2485 1414 2558 etiam
1434 2503 1497 2560 ex·

277 2584 451 2683 plicetur:
494 2579 603 2667 mihi,
646 2600 726 2652 eum
752 2577 803 2648 St.
826 2576 872 2649 de
898 2575 994 2649 Brais
1023 2575 1062 2649 in
1095 2578 1261 2674 peculiari
1293 2581 1422 2655 dillert.
1457 2582 1503 2655 ad

279 2680 414 2754 calcem
448 2677 606 2772 paraphr.
633 2671 743 2769 Epist.
769 2672 812 2751 ad
837 2674 965 2762 Rom,
1000 2672 1161 2765 videtur,
1195 2676 1263 2750 elle
1298 2701 1364 2776 pro
1388 2681 1505 2776 πςῦτον

275 2778 320 2860 ua
343 2782 484 2870 δευτέρας
511 2774 658 2869 primurn
683 2790 764 2843 ante
790 2769 905 2857 diem,
947 2767 1110 2863 adpellari
1136 2770 1266 2845 eximie
1297 2774 1436 2848 solitum
1460 2778 1505 2862 111

278 2882 422 2971 δευτέραν
445 2871 503 2944 seu
528 2866 697 2964 postridie
721 2862 881 2950 Sabbati‚
910 2888 980 2957 quo
1007 2863 1065 2936 die
1092 2867 1207 2961 spicae
1232 2868 1494 2964 offerebantur,

179 3052 182 3057 ,
278 2991 483 3066 antequem
510 2989 567 3038 eas
585 2964 740 3049 sumere,
766 2979 824 3032 aut
842 2959 968 3047 edere,
995 2960 1127 3036 nemini
1152 2965 1281 3038 licebat
1298 2991 1362 3064 per
1381 2970 1497 3064 legem

139 3083 140 3087 ’
212 3151 214 3157 s
276 3066 411 3144 Molis:
438 3084 508 3159 quo
532 3056 676 3156 respicit
705 3056 906 3150 exemplum
933 3055 1256 3153 Davidis,pane1n
1284 3066 1494 3159 propositio.

278 3164 337 3241 nis
370 3156 528 3245 edentis,
572 3151 778 3230 aDomino
814 3152 1019 3246 adlegatum.
1068 3155 1230 3227 Conferri
1264 3182 1418 3234 meretur
1443 3163 1496 3237 Cl.

277 3263 339 3335 Fr.
365 3262 480 3331 Burm.
514 3255 637 3327 Harm.
662 3252 726 3324 Eu.
753 3269 778 3324 t.
805 3252 833 3324 1⁴.
857 3249 902 3321 ad
925 3250 1035 3334 Luc,
1077 3250 1137 3322 ubi
1161 3249 1295 3325 fuscet
1326 3255 1430 3330 dodle
1454 3259 1500 3332 de

279 3350 504 3435 audissent,
529 3346 636 3419 variis
660 3366 800 3438 quoque
825 3342 1032 3414 examinatis
1055 3342 1248 3419 sententiis.
1300 3350 1385 3431 Hoc
1411 3378 1499 3427 vero

277 3447 427 3549 pascha,
454 3442 542 3515 sicut
568 3434 813 3543 diuersumest⁸
836 3438 943 3508 abeo
967 3436 1048 3530 Joh.
1076 3440 1144 3528 ll.‚
1171 3440 1222 3513 uti
1246 3441 1349 3518 facile
1375 3469 1497 3543 patet,

278 3545 390 3619 etiam
415 3564 460 3615 ex
485 3561 552 3629 eo,
579 3533 671 3632 quod
696 3551 777 3606 ante
802 3530 886 3616 illud
907 3534 1023 3608 Lucae
1051 3537 1148 3609 varia
1174 3542 1368 3632 patraverit
1394 3544 1499 3620 mira·
1529 3621 1531 3624 ,

277 3643 377 3727 cula,
421 3633 479 3707 scd
505 3653 587 3705 ante
613 3628 695 3704 illud
720 3626 800 3726 Joh.
827 3628 873 3702 ll.
900 3653 993 3716 non,
1033 3630 1083 3703 ita
1107 3657 1247 3729 quoque
1265 3641 1307 3710 ab
1335 3664 1379 3711 eo
1410 3642 1495 3737 Joh.

192 3800 194 3804 .
276 3739 351 3812 ,Vre
378 3755 413 3822 4.
450 3728 543 3825 quod
566 3724 737 3824 posterius
763 3721 834 3811 est3
875 3725 928 3797 uti
952 3749 998 3797 ex
1030 3729 1323 3823 multiplicatione
1346 3736 1496 3821 miracu-

276 3833 352 3910 losa
379 3826 532 3924 quinque
557 3845 687 3920 panum
710 3818 896 3909 elucescit,
938 3820 1029 3894 facta
1056 3825 1149 3896 enim
1185 3827 1236 3900 est
1265 3850 1346 3904 ante
1369 3835 1498 3928 pascha

277 3930 363 4027 Joh.
391 3925 458 3998 Vl.
485 3921 535 3994 uti
562 3943 606 3993 cx
629 3944 664 3991 u.
689 3941 723 4009 4
749 3914 873 4012 etseq.
899 3913 1028 4012 liquet,
1053 3920 1111 3993 sed
1135 3921 1215 4017 post
1237 3927 1361 4020 pascha
1384 3930 1496 4020 Luc,

276 4027 334 4098 uti
356 4021 501 4115 sequens
526 4013 678 4088 narratio
705 4038 735 4093 e,
762 4013 825 4084 tx.
852 4012 968 4088 docet.
1020 4018 1103 4090 Fuit
1128 4017 1244 4115 itaque
1270 4023 1424 4098 medium
1440 4023 1496 4099 in·

209 4111 212 4116 ⁵
278 4141 337 4194 ter
362 4117 432 4189 duo
450 4111 526 4200 illa,
553 4111 634 4208 Joh.
661 4110 696 4181 ll
713 4128 749 4181 et
767 4110 855 4195 Vt,
880 4108 1036 4206 adeoque
1052 4112 1253 4192 secundum.
1324 4174 1336 4190 .
1363 4123 1493 4194 Succe-

278 4219 341 4292 dat
367 4213 497 4285 tertium
533 4207 614 4302 Joh.
641 4206 709 4279 Vl:
742 4228 776 4295 4.
810 4226 1063 4297 memoratum,
1106 4213 1198 4306 quod
1231 4215 1293 4286 Vo
1335 4239 1373 4287 us
1404 4219 1496 4290 male

277 4305 443 4387 confudit
466 4327 545 4378 curn
562 4301 770 4389 emortuali,
795 4323 875 4375 eum
894 4301 977 4375 illud
1002 4305 1119 4380 secuta
1143 4306 1209 4380 sint
1233 4309 1304 4382 duo
1325 4310 1391 4384 alia
1406 4310 1495 4388 festa

279 4402 600 4489 Tabernaculorum
616 4399 698 4497 Joh.
710 4399 818 4490 vu,
840 4417 878 4473 et
894 4400 1146 4482 encoeniorum
1160 4427 1193 4482 c.
1210 4404 1290 4513 Ill.¹
1324 4429 1367 4501 4,
1380 4407 1496 4511 Quar-

269 4531 276 4544 ·
836 4540 849 4576 .·
1236 4552 1240 4564 ·
1427 4518 1499 4582 tum
