3609 5500
692 725 800 842 Serui.
826 761 866 841 1.'
1020 721 1029 736 Ι.
1101 817 1111 826 ‚
1318 793 1394 877 3²3
1513 855 1518 864 ,
1624 711 1630 723 =

183 949 271 1025 hier.
289 941 386 1020 islam
405 939 640 1020 narrationem
656 942 700 1018 de
717 944 871 1022 Nicolao
885 937 961 1020 istis
976 939 1199 1042 hominibus,
1220 965 1387 1052 tanquam

180 1044 363 1133 autoribus,
388 1039 573 1117 adtribuat.
624 1041 773 1132 Dicunt,
798 1043 915 1140 inquit
941 1044 1121 1138 Clemens,
1142 1047 1298 1146 sesequi
1321 1055 1389 1131 Νι.

183 1145 314 1230 taluam,
348 1139 543 1212 &ducentes
572 1139 726 1234 quoddam
755 1139 819 1213 uiri
837 1143 916 1235 'ejus
943 1142 1109 1235 adagium.
1197 1167 1242 1216 uo
1275 1148 1387 1226 etiam

182 1234 294 1312 reserri
315 1232 461 1332 potest,
494 1239 587 1330 quod
613 1227 799 1329 druidarum
822 1231 920 1331 fosso
945 1234 999 1330 fic
1022 1240 1100 1311 diei
1120 1239 1306 1313 burotairae
1327 1245 1388 1319 ad.

181 1335 340 1432 pellentur
366 1327 406 1404 in
434 1327 553 1403 Const.
585 1330 709 1430 Aposb
745 1333 813 1404 VI:
842 1339 875 1412 8.
927 1329 1004 1436 Qua
1037 1334 1175 1408 ratione
1210 1335 1393 1423 Veterum,

182 1429 317 1600 npkditio
343 1423 389 1500 de
415 1422 608 1501 Nicolaitis
640 1425 839 1501 aNicolao
865 1424 968 1500 diors
992 1427 1132 1504 admitti
1157 1451 1297 1530 quoque
1320 1456 1386 1531 po·

182 1545 252 1600 te.
599 1587 606 1600 .

221 1622 249 1720 p.
273 1617 499 1692 CCLXXVI.
544 1617 601 1690 De
627 1637 786 1714 tempore
821 1634 921 1691 ortae
952 1617 1126 1692 haeresros
1160 1641 1232 1696 non
1257 1623 1322 1700 nisu
1347 1625 1418 1702 in'

184 1737 302 1814 gruere
325 1713 454 1810 aliquid
478 1713 581 1785 statui
611 1713 736 1812 potest.
786 1717 873 1786 Corn
901 1716 1023 1787 Petrus
1057 1717 1094 1788 in
1117 1715 1312 1812 posteriore
1328 1724 1387 1797 sua

187 1810 301 1908 episi,
324 1810 429 1906 paulo
451 1829 534 1882 ante
559 1817 710 1884 mortem
738 1808 812 1902 ejus
837 1809 986 1904 scripta,
1013 1811 1072 1883 sub
1097 1809 1200 1886 initia
1223 1819 1387 1911 persecu·
1491 1841 1494 1846 ·

184 1906 283 1980 tionis
296 1903 541 1992 Neronianae,
568 1929 650 1994 eos,
682 1925 842 1998 tanquam
860 1927 944 1978 mox
963 1906 1136 1997 orituros,
1163 1908 1274 1984 futuri
1298 1937 1386 2009 quo·

209 2025 250 2074 ue
265 2000 428 2100 temporis
448 1998 566 2074 verbis
582 2001 677 2091 usus,
702 1997 891 2095 depingat,
919 2001 1041 2096 Judas,
1067 2003 1127 2097 qui
1144 2003 1224 2100 post
1243 2009 1386 2082 Petrum

187 2027 328 2192 scripte,
350 2119 434 2186 eos,
459 2115 621 2191 tanquam
640 2095 732 2170 inter
750 2093 964 2169 Christianos
980 2097 1172 2187 latitantes,
1200 2099 1253 2174 uti
1272 2127 1307 2176 v.
1327 2128 1386 2195 4.,

191 2191 367 2283 describat,
407 2189 446 2264 in
473 2193 591 2286 Apoc.
616 2213 726 2282 vero,
766 2189 826 2264 sub
861 2191 968 2264 finem
1001 2192 1200 2267 Domitiani
1230 2199 1386 2294 Johanni

186 2289 288 2379 sabia,
308 2290 380 2384 jam
407 2287 599 2385 prodeunt,
628 2308 789 2385 tanquam
816 2284 1127 2362 odiost-Ecclesiae
1151 2289 1256 2382 neti,
1281 2295 1387 2370 adeo·

187 2409 248 2482 que
278 2383 453 2471 notiores,
530 2383 684 2456 robabile
714 2379 793 2472 est,
836 2403 896 2452 eos
934 2381 1013 2478 post
1052 2385 1211 2458 Neronis
1248 2407 1387 2488 tempus

187 2507 237 2556 eas
259 2476 468 2578 hypotheses
504 2479 553 2551 rbi
577 2479 757 2566 formasse,
791 2491 828 2549 et
853 2497 989 2568 moros,
1032 2477 1075 2551 iis
1099 2504 1295 2577 congruos,
1330 2490 1384 2562 in·

186 2576 304 2665 duilse,
331 2573 415 2648 dein
430 2576 579 2668 latenter
605 2597 669 2670 pro
695 2569 826 2671 agalse,
853 2589 892 2644 et
910 2573 976 2648 sec.
1003 2573 1071 2671 seq.
1097 2576 1239 2650 demum
1265 2580 1304 2654 in
1323 2608 1386 2678 pe·

189 2672 338 2841 colliarern
371 2667 497 2839 seiippr
522 2671 633 2768 palam
659 2599 848 2759 dceffiffe,
889 2686 927 2742 et
952 2671 1098 2744 nomine
1123 2672 1386 2755 Nicolaitarum

190 2792 231 2843 vu
265 2785 448 2841 ornnotur
478 2788 509 2840 e.
558 2812 561 2819 ·

248 2922 256 2939 .
278 2862 524 2939 CCLXXVII.
548 2860 607 2935 De
622 2854 805 2957 Gnosticis,
829 2856 960 2933 eximie
977 2856 1024 2930 stc
1039 2858 1160 2951 diesis,
1185 2865 1243 2937 seu
1263 2867 1389 2941 Theo·

187 2959 313 3051 retucis,
336 2958 440 3057 hujus
464 2956 638 3031 intervalli
668 2976 852 3051 antequam
884 2949 1063 3061 differam..
1103 2961 1301 3051 generalem
1326 2985 1401 3036 eo·-

190 3076 256 3129 ruur
279 3056 461 3143 notitiam,
486 3072 524 3125 ut
548 3050 672 3124 ordine
694 3049 903 3146 procedam,
928 3065 967 3119 et
990 3070 1070 3143 quta
1086 3052 1152 3125 sec.
1179 3054 1249 3150 seq.
1277 3055 1389 3153 saepi·

189 3174 224 3223 us
244 3152 283 3225 de
306 3151 350 3229 iis
372 3148 545 3247 agendum
562 3146 634 3236 est,
659 3142 897 3250 praemisisse,
912 3142 1024 3216 visum
1048 3141 1134 3220 esta
1151 3170 1189 3219 te
1208 3172 1279 3225 non
1304 3155 1393 3228 alie-

190 3270 283 3337 num,
300 3244 460 3343 respcclu
478 3242 649 3331 nominis,
668 3240 843 3339 capitum,
864 3261 960 3315 circa
977 3261 1064 3336 quae
1080 3242 1293 3335 potiffrmur'n
1309 3272 1390 3323 ver·

190 3342 311 3434 santur,
344 3338 587 3437 hypothesium
618 3337 904 3435 praecipuarum,
938 3354 975 3408 et
1001 3337 1190 3431 temporis,
1224 3364 1294 3437 quo
1317 3347 1391 3425 orti

193 3436 270 3510 sum.
318 3442 443 3513 Nomen
476 3433 656 3523 Gnostici,
699 3432 791 3530 quod
825 3452 895 3505 non
929 3430 1098 3526 peculiari
1130 3434 1234 3509 alicui
1263 3463 1393 3520 eorum

193 3530 292 3607 sedne
316 3531 521 3631 proprium,
554 3529 611 3603 sed
635 3530 796 3602 omnibus
818 3548 1005 3601 commune
1029 3524 1101 3616 est,
1132 3527 1204 3604 five
1224 3532 1295 3629 jam
1321 3536 1394 3613 hoc

196 3626 277 3719 sec,
300 3630 369 3703 sive
392 3628 461 3724 seq.
487 3624 568 3721 ipsus
591 3624 763 3714 inditum,
791 3646 809 3696 a
834 3635 961 3718 precra,
985 3622 1064 3711 seu,
1089 3646 1176 3718 quae
1200 3628 1392 3710 vocis‘non
1443 3661 1447 3667 ·

199 3720 242 3795 eil
258 3720 622 3819 insolitasrgnificatio‚
642 3738 758 3791 rerum
776 3720 1005 3814 perennium,
1023 3734 1262 3814 aeternarum,
1279 3749 1321 3799 ac
1335 3728 1393 3803 di·

196 3820 338 3895 vinorum
352 3819 498 3916 scientia
517 3815 684 3904 tradlum,
709 3812 790 3911 ipsis
813 3810 986 3902 adhaesit,
1010 3812 1104 3909 quod
1127 3838 1203 3890 earn
1226 3842 1299 3895 non
1317 3842 1394 3899 tan·

197 3930 259 3987 tum
280 3940 360 4013 prae
384 3911 525 4010 reliquis
541 3912 602 3987 subi
619 3908 851 4000 vindicarint,
878 3908 1010 3996 sedet,
1035 3932 1100 4003 per
1125 3933 1202 3986 eam
1226 3914 1282 4005 se,
1306 3918 1393 3992 Deo

197 4008 277 4103 qursr
293 4008 563 4097 similesuaeos,
590 4006 796 4083 beatitatem
821 4006 1071 4080 consecuturos
1089 4004 1184 4099 else,
1203 4028 1336 4081 temere
1355 4031 1395 4087 et

197 4102 389 4202 adroganter
424 4100 647 4203 putaverint,
686 4102 760 4177 vid.
794 4102 957 4177 Clemens
988 4100 1175 4176 Alexandr.
1207 4104 1337 4178 strom.
1369 4109 1394 4184 l.

196 4196 240 4273 11:
262 4224 310 4299 3.,
344 4226 424 4281 cum
447 4199 600 4303 gregarii
626 4199 811 4373 credenstpr
836 4220 900 4296 per
914 4198 1017 4297 fidem
1038 4195 1203 4275 servandi
1223 4196 1397 4371 sunt,dse-

812 4314 834 4369 2
1244 4314 1313 4373 (ΠΗ
1338 4320 1396 4379 Um
