3609 5500
809 934 917 1038 Serui.
942 936 1011 1013 ΙΙ..
1433 953 1518 1028 '535

293 1106 436 1200 ¹tiorrum
461 1105 554 1199 Dei,
584 1112 675 1188 nulla
693 1112 729 1187 in
749 1112 819 1188 hoc
835 1116 1017 1214 systemate
1048 1113 1138 1192 sabla
1165 1108 1216 1189 est
1241 1108 1386 1187 mentio.
1439 1110 1514 1185 Ad·

290 1206 341 1277 do
368 1206 469 1279 aliam
494 1207 608 1281 adhuc
635 1211 847 1307 hypothesin
870 1213 1001 1284 autoris
1025 1210 1231 1310 Anonymi,
1255 1208 1292 1281 in
1314 1206 1514 1303 Platanistos

291 1307 435 1391 revelato
452 1326 487 1398 p.
513 1304 542 1377 l.
570 1326 600 1377 c.
628 1313 661 1384 8.
696 1307 755 1399 qui
781 1306 1076 1403 dispensationes,
1108 1327 1145 1380 et
1179 1302 1292 1377 varias
1318 1305 1418 1376 unius
1442 1300 1514 1378 Dei

291 1401 500 1487 relationes,
542 1423 584 1472 ac
619 1403 859 1478 considerandi
891 1404 1043 1495 modos,
1085 1426 1148 1499 per
1178 1421 1304 1475 aeonas
1331 1397 1511 1494 intelligit.

289 1499 406 1573 Prima
437 1493 576 1591 syzygia
600 1496 738 1588 Deum,
774 1498 866 1571 utin
894 1497 929 1570 se
946 1498 1018 1589 est,
1051 1499 1207 1573 absolute
1231 1490 1512 1586 consideratum,

287 1592 458 1676 exhibet:
473 1593 620 1686 jerunda
634 1594 772 1682 Deum,
799 1593 946 1668 relatum
970 1596 1013 1668 ad
1037 1595 1204 1667 mundum
1231 1587 1511 1686 intelligibilem,

288 1709 329 1764 et
344 1688 514 1774 idealem‚
541 1682 648 1775 sistit;
672 1687 722 1763 ita
737 1708 775 1763 ut
793 1690 873 1764 Nus
887 1689 929 1764 lit
957 1689 1174 1779 intelledlus‚
1208 1688 1289 1759 ideis
1313 1706 1434 1757 rerum·
1454 1705 1511 1756 re·
1617 1756 1619 1759 .

326 1804 416 1858 etus.
467 1781 579 1854 Tertia
591 1781 728 1872 Deum,
747 1786 890 1860 decreta
906 1787 1173 1885 exsequentem,
1200 1807 1241 1857 ac
1256 1782 1351 1856 ideas
1369 1801 1509 1876 reprae-

304 1896 506 1966 entantem,
532 1877 658 1966 tradit,
686 1879 743 1953 sed
775 1881 936 1978 respebiu
961 1883 1079 1955 mundi
1108 1878 1273 1954 sensibilis
1296 1874 1333 1949 in
1353 1898 1509 1972 genere,

290 1977 379 2054 ficut
412 1988 526 2067 quarta
560 1972 721 2069 respeelu
758 1978 878 2051 mundi
911 1977 1096 2075 spiritualis
1126 1995 1164 2050 et
1196 1972 1403 2072 euangelici.
1451 1969 1510 2046 De
1545 2066 1547 2069 Ι

291 2070 439 2169 reliquis
467 2067 634 2141 aeonibus
657 2093 812 2145 mentem
838 2096 911 2147 non
934 2073 1115 2171 explicuit.
1429 2116 1435 2127 ·

337 2167 371 2268 §.
398 2164 597 2240 CLXVlll.
622 2164 822 2262 Antequam
838 2169 1024 2266 specialem
1042 2166 1234 2268 systematis
1250 2188 1294 2240 ex
1321 2162 1509 2242 olitionem

288 2261 443 2349 tradam,
479 2260 658 2356 generales
687 2264 845 2357 quasdam
869 2264 1095 2363 praemittere
1119 2263 1232 2339 visum
1259 2285 1279 2337 e
1332 2262 1379 2358 hy
1407 2262 1512 2335 othe·

288 2363 363 2448 ses,
434 2352 564 2461 liquam
592 2359 703 2429 verbo
725 2383 917 2450 monuero,
951 2361 1042 2435 haud
1068 2383 1192 2458 parum
1216 2358 1259 2432 ad
1287 2287 1512 2430 Gnotiidsmi

286 2475 481 2557 genurnum
502 2450 714 2524 intelleiium
731 2454 848 2530 facere
876 2456 1112 2545 crementina,
1138 2477 1207 2528 nec
1231 2475 1304 2525 non
1324 2445 1511 2524 Theodoti

289 2567 482 2645 excerpta,
506 2546 546 2619 ad
563 2547 691 2620 calcem
708 2574 854 2645 operum
880 2555 989 2626 Clem.
1015 2549 1225 2639 Alexandr„
1260 2546 1435 2643 denique,
1463 2566 1509 2624 ex

287 2643 545 2726 recentioribus
554 2643 763 2733 Platonicis,
780 2648 1012 2744 Porphyrium
1022 2646 1058 2720 in
1069 2648 1143 2722 vita
1158 2647 1185 2719 P
1212 2643 1379 2741 thagorae
1396 2665 1427 2718 c.
1449 2648 1508 2720 16.

286 2764 328 2821 et
341 2738 519 2817 Plotinum
536 2737 692 2815 Enncad.
717 2743 766 2815 ll.
793 2740 852 2818 tib.
878 2745 941 2820 lX.
987 2744 1101 2818 Prima
1116 2738 1167 2815 est
1182 2671 1406 2839 iypothests,
1432 2740 1507 2837 ple·

284 2862 388 2917 roma
412 2836 565 2933 primum
597 2836 727 2909 mundo
755 2838 936 2913 Azilutico
968 2857 1007 2912 et
1046 2839 1200 2913 Briatico
1235 2833 1508 2912 Cabbalistarum

285 2934 522 3033 respondere,
547 2931 789 3005 aceoelellem
807 2935 1081 3024 Oeconomiam,
1106 2956 1185 3007 ctrm
1204 2929 1297 3019 Dei,
1333 2950 1407 3002 tum
1438 2929 1508 3025 spi·

286 3032 441 3119 rituum,
465 3027 502 3099 in
518 3024 587 3099 Dei
605 3030 903 3123 contemplatione
920 3053 962 3102 ac
983 3029 1232 3101 communione
1248 3025 1431 3096 arctissima
1450 3024 1507 3098 vi·

244 3176 248 3181 -
286 3126 469 3212 veratium,
495 3121 695 3217 complesti.
744 3122 805 3197 Est
830 3124 926 3199 enim
964 3148 993 3198 1.
1017 3122 1098 3196 illud
1129 3123 1171 3194 ab
1201 3118 1298 3190 omni
1323 3118 1365 3190 ad
1389 3139 1503 3190 mate·

285 3223 377 3301 rium
400 3218 570 3295 relatione
600 3216 802 3312 sejunctum.
856 3244 888 3295 2.
914 3216 1124 3294 Divinitatis
1174 3235 1290 3309 uoque
1314 3211 1504 3291 secundum

290 3314 480 3396 Gnosticos
511 3334 591 3386 corn
618 3316 819 3389 lementum.
872 3338 904 3411 3.
931 3313 1127 3412 spiritualis
1189 3306 1315 3382 ominis
1350 3332 1429 3406 pars
1461 3334 1508 3387 eo

287 3413 477 3500 convolat,
501 3428 540 3482 et
563 3338 616 3482 eli
631 3408 876 3483 Gnosticorum
894 3413 1210 3486 consummatorum
1227 3404 1333 3480 sedes.
1360 3406 1420 3480 Sic
1443 3433 1506 3486 ex·

283 3527 411 3607 cerpta
445 3504 628 3580 Theodoti
665 3505 826 3580 Gnostici
862 3507 893 3607 s.
923 3516 979 3600 64.
1013 3510 1143 3583 habent
1165 3505 1198 3578 lu
1224 3501 1416 3602 πνιυμῶτικα
1430 3504 1506 3605 spi·

288 3605 448 3693 diaulia,
486 3601 663 3675 animabus
688 3602 852 3698 abjeclis,
894 3628 973 3680 cum
1000 3603 1129 3701 sponsis
1155 3601 1221 3675 suis
1253 3603 1421 3699 Angelis,
1463 3603 1503 3680 in

291 3700 477 3783 thalamum
500 3700 588 3769 intra
610 3703 778 3771 terminum
801 3703 945 3795 ingredi,
986 3721 1023 3774 ct
1049 3700 1126 3774 fieri
1145 3707 1250 3774 distat
1273 3702 1507 3797 sospitatores

217 3840 226 3853 ·
290 3796 520 3889 intelligentes.
560 3794 704 3866 Secunda
723 3796 828 3868 habet
846 3795 970 3884 thesis,
1005 3820 1060 3868 res
1083 3796 1185 3889 hujus
1205 3793 1410 3891 ¹pleromatis
1433 3791 1504 3868 elle

290 3888 523 3989 antitypicas,
564 3887 622 3962 seu
649 3913 798 3984 corpora
837 3912 953 3965 rerum
993 3889 1203 3963 inferiorum
1237 3885 1506 3984 hujusmundi,
1553 3955 1555 3961 .

292 3984 409 4086 'aeque
432 3981 613 4060 invistbilis
629 4008 672 4059 ac
694 3982 951 4094 adspeblabilis,
984 3982 1034 4058 ita
1059 4003 1097 4057 ut
1120 3984 1249 4058 haeres
1278 3985 1410 4058 illarum
1437 3981 1505 4060 sint
1568 4003 1571 4009 ·

291 4081 489 4183 imagines,
514 4081 557 4155 ad
579 4105 636 4155 eas
651 4082 846 4177 superiores
862 4080 1062 4178 expressae,
1085 4105 1188 4178 quare
1212 4081 1302 4165 utili
1324 4110 1430 4174 tropat
1446 4080 1506 4154 ad·

285 4176 437 4284 pellavit
454 4176 596 4253 Theod.
622 4177 660 4250 in
683 4181 800 4252 Excer
827 4197 851 4250 t.
878 4175 909 4275 s.
937 4200 993 4270 27.
1026 4177 1086 4251 Sic
1100 4199 1137 4251 et
1159 4176 1275 4345 ¹gersten
1299 4175 1503 4272 spirituale,

286 4305 311 4356 a
333 4295 447 4352 matre
473 4272 697 4363 Achamoth,
723 4203 901 4361 emilium,
928 4272 1155 4347 Ecclesiame
1187 4275 1386 4346 edixerunt
1403 4272 1507 4345 tiriiw·

286 4408 342 4462 w
363 4376 407 4461 lte
429 4367 489 4476 ‘il‘
513 4377 667 4458 lunatim
688 4374 872 4537 antitypa}
889 4367 1067 4464 superioris
1084 4367 1270 4469 Ecclgstae,
1301 4369 1391 4466 apud
1415 4370 1512 4538 llrcns

876 4485 977 4563 xx4
1448 4482 1519 4565 τε,
