3609 5500
429 728 508 812 '454
827 708 978 817 ffistorie
1000 705 1129 809 Eccles.
1157 708 1271 810 Christ.

429 897 518 965 tatis
542 888 736 978 membrat,
777 894 872 983 quam
894 891 966 983 quis
988 910 1046 985 per
1071 888 1264 983 baptismum
1297 889 1428 983 recipit.
1475 882 1623 983 Inteiiigit

432 988 574 1084 aliquod
598 988 683 1061 fidei
709 988 920 1085 symbolum,
953 990 1051 1085 eujus
1080 990 1254 1083 publicam
1278 985 1316 1058 in
1340 980 1493 1061 Ecclesia
1514 986 1619 1073 edebat

428 1082 949 1179 confeffionem·baptizandus.
1000 1106 1033 1173 5.
1061 1085 1223 1180 Denique
1249 1082 1447 1177 orationes,
1473 1078 1619 1151 couieflio

429 1200 685 1279 peecatorum,
725 1199 764 1252 et
784 1179 919 1276 jejunia
947 1180 1118 1275 baptismo
1149 1177 1290 1275 adjungi
1323 1176 1495 1265 solebant,
1534 1176 1619 1246 Tert.

425 1278 476 1350 'de
494 1277 653 1373 baptism.
678 1298 711 1349 c.
740 1297 798 1349 20.
844 1274 1042 1369 Ingreffurus
1065 1276 1257 1370 baptismum
1279 1276 1476 1345 orationibus
1499 1271 1620 1357 crebris,

426 1375 569 1471 jejuniis
591 1392 623 1445 rt
645 1372 939 1467 geniculationibus
965 1375 1104 1459 crebris,
1133 1389 1165 1444 et
1184 1372 1365 1466 pervigiliis
1391 1391 1482 1442 orare
1504 1382 1622 1461 eportet,

432 1487 465 1545 et
487 1490 562 1543 cum
583 1466 772 1565 eorp'effione
805 1471 944 1541 omnium
966 1484 1052 1540 retro
1076 1471 1268 1540 deliiiorrem.
1319 1466 1378 1542 Sic
1407 1482 1445 1537 et
1477 1462 1555 1558 Just.
1577 1464 1621 1533 M.

423 1566 539 1659 Apol.
572 1564 605 1663 5.
634 1587 693 1659 79.
719 1562 779 1661 qui
805 1562 926 1653 addit,
945 1570 1059 1639 ‘tutem
1082 1560 1263 1655 Ecclesiam
1287 1585 1353 1636 una
1379 1558 1478 1656 orasti
1502 1576 1531 1631 et
1547 1560 1619 1654 jeju·

430 1681 454 1732 n
502 1684 520 1733 e

421 1808 426 1817 ·
481 1754 513 1857 p
539 1756 579 1830 C.
613 1752 725 1827 Astus
745 1752 919 1848 essentialis
943 1750 1106 1849 baptismi
1130 1752 1212 1829 fitur
1235 1750 1322 1841 fuit,
1348 1773 1421 1825 non
1445 1751 1481 1825 in
1505 1746 1619 1843 adsper-

419 1852 552 1941 ·srone‚
585 1846 644 1921 sed
670 1850 881 1924 inmersione
904 1848 943 1921 in
967 1872 1110 1943 aquam,
1144 1868 1198 1923 ter
1221 1846 1311 1921 faita
1333 1846 1369 1919 in
1397 1846 1536 1943 singulas
1554 1842 1620 1915 Tri·

422 1946 554 2027 nitatis
577 1944 750 2041 personas.
798 1947 857 2017 De
891 1943 1074 2037 inmersione
1098 1967 1206 2020 voces
1239 1961 1276 2017 et
1300 1943 1442 2038 phrases
1476 1940 1549 2014 satis
1569 1934 1618 2010 tes·

419 2060 569 2128 tantun
595 2058 635 2112 et
659 2039 753 2134 quod
775 2040 812 2113 in
836 2037 969 2129 fluvio,
996 2042 1092 2132 lacu,
1118 2040 1221 2118 fonte
1248 2038 1356 2111 fuerit
1378 2037 1532 2135 paruus
1553 2037 1617 2129 bap·

418 2137 573 2225 ⁴nisenus,
597 2150 639 2207 ut
660 2134 769 2208 tundo
789 2135 984 2211 habuimus.
1034 2138 1137 2213 Tett.
1162 2136 1328 2229 debapt.
1354 2157 1386 2209 c.
1411 2156 1445 2227 p.
1470 2132 1569 2229 egredi
1583 2132 1617 2201 de
1642 2176 1644 2181 ·

418 2236 565 2308 insano
588 2228 762 2327 adpellat,
798 2249 840 2303 ut
863 2250 902 2304 et
925 2254 959 2305 e.
987 2255 1044 2307 20.
1092 2236 1153 2305 Sic
1183 2251 1221 2305 et
1246 2233 1419 2323 mergitari
1451 2232 1494 2303 de
1517 2248 1619 2301 coron.

418 2347 465 2422 τε.
489 2345 528 2399 et
548 2331 633 2399 inire
655 2349 779 2421 aquam
802 2327 848 2399 de
873 2328 1073 2402 Po'enitent
1101 2350 1179 2423 cap.
1205 2334 1239 2407 ό,
1287 2326 1369 2425 Quo
1398 2324 1504 2399 etiam
1532 2323 1619 2395 Gne·

417 2428 553 2493 aeorum
569 2419 740 2501 sinuum,
773 2441 813 2494 et
826 2423 1012 2511 erudivere,
1048 2422 1178 2519 ubique
1209 2438 1450 2511 recurrentes,
1483 2418 1616 2493 tendunt.

417 2516 507 2611 ,Ana
540 2516 741 2589 testimonia
766 2516 834 2590 sec.
860 2517 931 2615 seq.
964 2516 1142 2615 proferam
1176 2540 1221 2591 ex
1246 2516 1448 2612 Cypriane,
1481 2534 1517 2587 et
1538 2510 1617 2597 aliis,
1677 2506 1678 2517 ’

415 2663 422 2673 .
457 2608 553 2683 ostea
580 2611 641 2683 suo
664 2612 757 2685 ioco.
808 2613 884 2687 Hic
910 2616 1019 2686 'verbu
1041 2614 1210 2705 observo,
1235 2609 1466 2710 adsperſsunem
1492 2633 1555 2685 non
1574 2606 1616 2677 fu·

415 2703 493 2782 affe
524 2704 662 2803 prorsus
696 2706 956 2804 proscriptam,
998 2724 1158 2818 tanquam
1192 2710 1401 2806 baptismum
1436 2706 1618 2809 reddenten

427 2803 578 2878 nullum:
622 2800 739 2878 iocum
776 2804 874 2878 enirn
913 2804 1036 2880 habuit
1070 2829 1110 2879 tn
1141 2807 1276 2902 aegris,
1316 2806 1378 2902 qui
1409 2803 1509 2879 iusto·
1533 2799 1618 2874 adiu

429 2918 551 2992 erant,
575 2918 613 2973 et
637 2903 746 2973 clinici
761 2899 1043 2996 adpellabantur,
1069 2899 1263 2998 uti-postea
1280 2903 1322 2976 ad
1345 2900 1416 2976 sec.
1441 2901 1554 2974 Illtun
1569 2915 1619 2966 nu·

428 2997 537 3082 tab03
568 2994 662 3090 quud
689 2995 802 3090 ipsum
825 2995 960 3072 indicat
984 2998 1086 3071 Tert.
1111 2995 1155 3070 de
1178 2999 1290 3072 anima
1322 3020 1354 3072 c.
1381 3019 1441 3087 50.
1473 2995 1527 3091 qui
1549 3013 1614 3064 ner·

425 3091 1181 3262 azuititmtnifidtttitia
1205 3090 1617 3264 iiiiii-‘iiiiii

416 3280 656 3386 mergitamur,
682 3298 808 3350 contra
823 3281 922 3354 Prax.
947 3301 980 3352 c.
1008 3287 1065 3356 26.
1090 3284 1274 3379 perferret,
1287 3244 1358 3381 ,jeu
1381 3215 1435 3358 tir
1449 3283 1490 3357 ui
1502 3206 1614 3382 ,iugata

411 3385 557 3442 -sromme
580 3374 614 3439 in
637 3371 792 3464 personas
815 3371 971 3472 fingnlas
993 3380 1185 3472 tinguimur.
1232 3379 1394 3456 Saneivit
1425 3375 1563 3471 denique
1585 3367 1618 3442 tl·

408 3463 484 3537 iud
514 3485 629 3536 canon
660 3465 784 3560 Apost.
818 3490 967 3557 50mus,
1008 3471 1067 3546 sub
1101 3497 1218 3568 poena
1246 3463 1616 3550 excommunicationis

425 3559 485 3632 De
509 3557 658 3632 formula
684 3563 867 3636 innomine
889 3567 1028 3653 Patris,
1067 3569 1163 3660 iiiii,
1195 3590 1228 3645 et
1250 3573 1394 3667 Spiritus
1420 3571 1459 3642 S.
1483 3561 1618 3640 adhibita

409 3649 564 3725 ·t0nstat
592 3675 732 3750 quoque
761 3678 808 3730 ex
840 3657 927 3755 Just.
961 3661 1018 3734 M.
1050 3667 1192 3765 apolog.
1224 3668 1247 3740 l.
1281 3689 1314 3743 c.
1347 3683 1388 3742 et
1414 3655 1617 3746 Tantalide

423 3747 520 3838 bapt.
549 3765 581 3818 c.
612 3769 668 3840 13.
694 3769 732 3822 et
755 3751 834 3824 adv.
859 3756 961 3828 Prax.
985 3757 1009 3831 i.
1036 3779 1067 3830 e.

406 3854 412 3866 ’
470 3837 586 3947 §3CL
612 3843 715 3951 Ritus
736 3846 957 3942 consequentes
973 3853 1149 3949 complexi
1171 3853 1315 3930 fuerunt
1338 3855 1497 3953 quasdam
1523 3841 1614 3926 caeti·

406 3953 581 4021 'immas‘
614 3941 740 4032 qulbus
770 3963 827 4012 res
853 3943 1046 4037 spirituales
1072 3968 1238 4044 poterant
1263 3953 1420 4048 expingi.
1467 3945 1616 4040 simplice

424 4048 465 4102 et
488 4027 583 4100 nudo
606 4031 897 4141 sacramentorum
922 4038 982 4114 usu
1007 4067 1079 4117 non
1102 4047 1267 4121 contenti
1283 4051 1456 4134 Veteres,
1487 4036 1616 4117 nonnul·

396 4123 477 4262 ⁸ists
502 4143 751 4222 excogitarunt
774 4129 882 4226 ritus,
901 4145 979 4208 euru
1005 4155 1043 4214 ut
1068 4139 1259 4222 externam
1280 4143 1423 4243 aliquod
1444 4141 1491 4220 iis
1514 4127 1621 4308 ionii}

465 4264 470 4272 ·
1037 4297 1049 4308 .
1536 4250 1566 4304 er
