3609 5500
274 969 364 1054 aar
531 915 536 923 ’
690 946 836 1045 maon
857 945 990 1050 scunt
1018 903 1131 1051 onya
1226 978 1229 984 ·

275 1133 446 1299 seqpente
470 1127 642 1227 perinde,
675 1127 763 1204 ortis
787 1132 980 1207 Nazaraeis
994 1158 1047 1208 ac
1067 1131 1269 1208 Ebionitis:
1306 1132 1356 1209 de
1380 1134 1513 1232 quibus

307 1236 341 1299 os
360 1249 410 1301 ea.

123 1323 127 1332 ’
281 1337 302 1361 ·’
329 1322 360 1421 §
384 1324 505 1398 ‚CCX.·
532 1319 661 1393 Tertiae
685 1320 874 1414 haeresim,
900 1347 989 1420 quae
1015 1323 1142 1421 pietati
1167 1348 1210 1398 nc
1225 1320 1350 1398 uirtuti
1365 1326 1517 1420 ,prae-⁴

277 1438 382 1495 textu
409 1416 579 1492 libertatis
605 1415 843 1507 Christianae,
877 1441 1006 1493 nervos
1038 1419 1187 1509 incidit,
1224 1419 1433 1494 tradatione
1461 1422 1508 1495 ad

279 1518 487 1611 sequentem
515 1510 699 1609 periodum
724 1513 850 1602 dilata,
884 1538 965 1588 curn
996 1516 1038 1588 ad
1069 1540 1144 1589 eam
1169 1516 1309 1605 verius,
1379 1539 1437 1590 arn
1461 1516 1507 1590 ad

280 1609 547 1707 ¹Apostosicam,
580 1607 778 1702 pertineat,
811 1608 854 1681 ad
870 1609 1016 1707 schisma
1040 1608 1122 1684 iliud
1149 1613 1309 1684 notabile.
1382 1610 1507 1686 cscfiae

281 1705 535 1782 Corinthiacae
560 1706 680 1797 paucis
700 1704 934 1778 iilustrandnm
965 1728 1091 1803 pergo.
1134 1706 1221 1809 ¹Quo
1245 1705 1308 1778 fini
1330 1726 1413 1779 ante
1430 1730 1507 1782 om·

279 1803 341 1877 nia
368 1800 625 1873 observandum
651 1798 722 1890 est,
747 1800 855 1873 verba
879 1803 976 1875 Pauli
1004 1805 1122 1876 1Cnr.
1147 1803 1178 1874 1:
1207 1825 1266 1888 11,
1295 1824 1350 1875 12.
1377 1803 1507 1897 quibus

276 1898 384 1985 dicit,
412 1895 507 1968 inter
532 1894 738 1968 Corinthios
763 1896 865 1967 asiam
890 1895 1032 1985 dicere,
1066 1922 1122 1991 ego
1140 1894 1220 1992 sum
1246 1897 1368 1986 Pauli,
1398 1899 1506 1973 asturis

271 1992 349 2094 sum
369 1992 510 2086 Caphar,
536 1994 635 2064 asiam
650 1990 727 2084 sum
747 1992 937 2085 Apollonis,
969 1995 1072 2065 alium
1086 1993 1164 2089 sum
1184 1990 1319 2087 christi,
1343 2016 1420 2065 non
1442 1994 1499 2069 in-

278 2087 448 2190 proprie,
474 2107 511 2160 et
534 2088 687 2181 exempli
714 2085 838 2176 instar,
865 2087 935 2160 esse
960 2088 1149 2183 capienda,
1172 2087 1264 2161 adeo
1287 2105 1325 2160 ut
1349 2088 1418 2161 iilis
1443 2089 1507 2164 sub

275 2182 484 2259 nominibus
520 2180 613 2254 fietis
644 2180 708 2276 ipsr
739 2180 1019 2277 perstringantur
1053 2182 1216 2257 dosiores
1252 2180 1506 2259 Corinthiacae

277 2278 475 2366 'Ecclefiae‚
511 2297 670 2372 tanquam
700 2300 720 2348 a
739 2276 868 2444 puibus
889 2277 1023 2351 fuerint
1047 2274 1288 2366 denominati,
1321 2302 1409 2374 quae
1427 2282 1504 2354 vus·

275 2395 361 2478 gata
387 2372 438 2447 est
474 2371 697 2469 hypothesis,
754 2373 798 2444 ed
821 2373 984 2469 proprie,
1025 2373 1075 2446 ita
1104 2372 1332 2468 triphilii,
1361 2375 1504 2449 hicno-

277 2469 424 2557 minati,
451 2470 592 2557 Paulus,
623 2468 772 2561 Apollo,
806 2488 843 2540 et
868 2472 1008 2557 Petrus,
1043 2469 1160 2564 capita
1183 2468 1344 2542 sussionis
1367 2470 1505 2545 fuerint

278 2563 486 2652 constituti,
527 2582 633 2636 etex
659 2561 726 2635 iliis
750 2564 970 2635 occasionem
998 2564 1161 2659 ceperint
1183 2563 1346 2638 donares
1377 2565 1504 2640 sacrio-

273 2673 342 2737 'nes
372 2657 561 2734 formandi.
607 2658 720 2765 Quam
749 2656 981 2753 posteriorem
1016 2658 1246 2748 sententiam,
1278 2658 1361 2828 post
1393 2655 1527 2760 Ligt·'

276 2759 417 2845 fotum,
445 2755 598 2851 pluribus
618 2753 851 2830 adstruxitc.
878 2753 1048 2852 Vitringa
1067 2756 1149 2831 Obs.
1175 2759 1209 2831 S.
1235 2758 1256 2831 l.
1303 2757 1348 2830 ss.
1395 2759 1507 2834 Nulla

275 2847 1505 3042 bsssstshpsshhssiahsedhsshsshhihs?

279 3046 440 3121 tionibus
464 3040 653 3115 formandis
680 3040 797 3114 habita
821 3043 933 3129 tati03
970 3045 1083 3116 multo
1114 3042 1249 3132 minus,
1293 3066 1398 3137 qnare
1430 3065 1504 3121 tam

129 3189 130 3193 =
275 3139 506 3218 distinsieet
537 3137 611 3212 fuse
636 3136 812 3212 diversam
848 3135 940 3211 suam
969 3156 1005 3209 et
1029 3138 1213 3235 Apollonis
1243 3138 1399 3213 docendi
1426 3165 1502 3214 mc-

216 3292 221 3299 ·
276 3240 431 3314 rhodum
474 3235 724 3325 enarraverit„
747 3259 791 3307 ac
823 3232 1032 3308 defenderit.
1100 3234 1247 3312 Nassum
1281 3233 1389 3309 etiam
1419 3237 1497 3312 fissi

274 3332 395 3407 sensns
415 3333 553 3404 illorum
579 3333 759 3402 nominum
784 3329 855 3400 sese
873 3330 981 3399 offert
998 3329 1181 3405 indicium.
1231 3328 1336 3403 Dicit
1359 3331 1505 3428 quidem

281 3453 312 3504 e.
338 3430 406 3500 IV:
441 3431 477 3499 6.
502 3425 537 3497 se
563 3422 658 3495 dissat
678 3424 723 3495 de
747 3423 781 3494 fe
804 3439 840 3491 et
858 3421 1035 3517 Aposione
1062 3425 1270 3499 considerari
1287 3427 1506 3518 vesle‚,tan·

278 3546 381 3621 quam
401 3522 516 3615 figura
540 3520 677 3614 quadam
702 3514 861 3589 transsata
885 3518 928 3591 ad
956 3518 990 3590 se
1014 3537 1051 3591 et
1076 3521 1210 3617 ipsum,
1235 3541 1274 3595 ut
1299 3522 1505 3611 suoexem·

277 3620 339 3718 plo
366 3615 499 3689 discant
525 3613 686 3687 dosbores
710 3611 748 3684 'se
780 3637 852 3684 non
887 3614 1025 3686 efferre·
1051 3616 1150 3711 supra
1183 3637 1220 3690 et
1254 3639 1378 3690 contra
1410 3621 1502 3694 alios

275 3712 343 3791 fibi
361 3711 537 3811 aepuaies3
562 3709 711 3781 sednon
730 3707 922 3802 significat,
942 3708 1105 3784 <tonores
1123 3711 1201 3785 illos
1220 3715 1361 3787 nomina
1381 3714 1500 3809 Apos-

278 3812 433 3887 tolorum
466 3828 537 3877 non
564 3804 821 3900 praetexuiffe3
855 3804 937 3879 imo
956 3807 987 3879 ‘e
1013 3827 1157 3896 contra,
1198 3834 1259 3888 eos
1291 3811 1329 3882 id
1352 3809 1499 3901 fecisse,

275 3919 360 3983 'curn
380 3902 462 3976 inde
480 3901 590 3975 ansam
616 3903 754 3996 ceperit
778 3903 916 3993 Paulus,
943 3903 987 3976 de
1012 3903 1049 3975 se
1072 3923 1108 3976 et
1127 3907 1302 3998 Apollone
1326 3906 1410 3979 illud
1429 3926 1503 3983 tra·

272 4001 408 4077 uendi:
433 4021 502 4070 nec
519 3999 627 4072 etiam
653 3999 693 4071 ad
714 3999 830 4072 omnia
849 3999 1045 4095 superiora,
1071 4001 1129 4072 sed
1152 4000 1193 4072 ad
1214 4002 1375 4095 proxime
1396 4026 1499 4090 prae·

275 4094 471 4181 cedentia,
492 4095 551 4165 ubi
569 4097 603 4167 se
626 4112 662 4166 et
681 4095 891 4189 Apollonem
917 4121 984 4191 pro
1002 4093 1167 4166 ministris
1184 4114 1316 4170 tantum
1343 4097 1502 4192 Christi,

280 4213 319 4269 et
342 4190 634 4286 dispensatoribus
659 4190 903 4277 mysteriorum
928 4189 1022 4275 Dei,
1047 4189 1115 4264 esse
1143 4190 1320 4268 habendos
1345 4194 1503 4270 declara·

280 4289 357 4375 vit,
382 4306 419 4359 et
443 4285 596 4358 officium
620 4288 715 4358 suum
741 4287 938 4382 descripsit,
965 4286 1087 4358 referri
1113 4287 1226 4384 poffit.

121 4428 123 4433 <
269 4421 292 4429 ··
328 4382 362 4486 s.
387 4382 513 4464 ccxl.
545 4384 626 4462 Hac
646 4381 743 4480 jana
766 4381 976 4482 hypothesi,
1000 4382 1506 4564 schifinatisiutellesiusfflsese

873 4530 877 4537 ·
1479 4505 1508 4558 e
