3609 5500
253 974 354 1056 ‚160
389 1035 393 1042 .
662 959 829 1062 historia:
843 958 972 1062 Ecciefi
996 959 1112 1064 Christ.

282 1150 361 1224 sunt
381 1134 614 1251 includenda)
642 1154 731 1216 rrrrrrr
760 1140 827 1241 est,
867 1146 923 1240 qui
941 1141 1033 1218 'mr‘ln'
1062 1139 1219 1311 grarJlrr.
1255 1139 1333 1242 (seu
1355 1137 1415 1217 me
1439 1138 1507 1217 est'

276 1238 530 1339 praestantror:
558 1254 597 1309 ut
619 1238 686 1310 dliv
711 1235 753 1310 srt
775 1260 842 1335 pro
863 1245 932 1312 ilo
955 1248 1000 1318 ele
1021 1262 1066 1314 vc
1101 1236 1170 1337 ln.)
1450 1291 1452 1296 -

171 1347 173 1352 ’
275 1405 281 1420 ,
331 1336 363 1435 s.
390 1331 572 1416 CXLVII.
597 1332 804 1430 Apostolatu
828 1333 1028 1437 descripto,
1064 1333 1218 1429 ipsorum
1245 1328 1498 1429 Apostolorum

278 1430 393 1508 danda
410 1427 462 1503 est
486 1426 597 1523 aliqua
613 1428 761 1518 notitia,
785 1428 901 1525 primo
918 1430 1109 1528 generalis,
1138 1427 1222 1504 dein
1245 1428 1494 1506 nonnullorum

280 1524 477 1627 specialior.
524 1522 583 1595 Ad
607 1527 790 1618 generalem
822 1523 980 1624 pertinet
1012 1548 1192 1613 numerus,
1232 1541 1270 1595 et
1293 1519 1398 1595 status
1434 1542 1497 1594 eo·

281 1646 360 1698 rum
391 1637 474 1691 ante
510 1616 834 1715 inaugurationem,
875 1620 1028 1718 denique
1055 1620 1080 1694 ·i
1108 1620 1140 1692 sa
1173 1616 1394 1715 inauguratio
1426 1640 1493 1726 per

281 1716 462 1816 Spiritum¹
480 1713 516 1786 S.
551 1713 587 1784 in
611 1712 706 1809 ipsos
727 1714 886 1792 effusum.
939 1739 970 1791 r.
995 1645 1173 1790 Duodicr'm
1205 1713 1328 1788 sunta
1353 1710 1497 1786 elmsto

281 1808 408 1900 elesii,
440 1828 478 1881 et
504 1806 666 1903 Apostoli
690 1808 895 1901 constituti,
930 1813 1047 1899 relate¹
1063 1810 1108 1885 ad
1132 1808 1283 1890 totidem
1306 1806 1419 1882 tribus
1443 1804 1493 1881 ls·

280 1905 404 1995 raelir,
429 1902 601 2011 inspecie
616 1903 845 2001 Phylarchus,
872 1907 932 1981 seu
955 1907 1072 2002 oopita
1089 1905 1264 1991 tribuum,
1287 1901 1496 1997 quibuscum

282 2022 482 2098 comparant
508 1998 856 2106 possunthpostoli,
886 2021 1079 2097 quatenus,
1103 1999 1191 2073 srcut
1212 1998 1282 2086 illi,
1307 2020 1377 2092 quo
1403 2017 1497 2072 tem·

281 2122 372 2198 pore
404 2095 517 2171 forma
540 2116 578 2169 re
606 2093 721 2167 imrnrs
747 2096 979 2171 Theocrariei
1004 2096 1042 2169 in
1066 2095 1190 2170 israele
1217 2096 1334 2168 locum
1357 2093 1496 2184 tenuit,

280 2191 378 2293 quast
406 2186 531 2265 vicarii
580 2187 716 2284 upremi
741 2190 835 2286 regis
865 2188 1025 2265 coelestis
1046 2189 1254 2265 considerari
1280 2204 1497 2283 potuerunt,

280 2290 334 2365 ita
350 2283 511 2383 Apostoli
527 2281 609 2357 vice
630 2281 780 2373 Christi,
807 2284 849 2358 ad
866 2285 1026 2360 dextram
1044 2284 1154 2359 Patris
1176 2283 1350 2372 sedentis,
1376 2282 1495 2359 funeri

283 2386 378 2462 sunt.
434 2380 516 2478 Quo
550 2376 724 2454 Christus.
743 2379 900 2491 respexit
940 2383 1047 2456 Mart.
1078 2379 1178 2454 XIX:
1214 2400 1273 2471 29.
1313 2376 1496 2475 Apostolir

277 2478 463 2570 sessionem
487 2473 589 2570 super
617 2495 663 2547 ra
687 2471 854 2565 thronis,
883 2475 927 2550 ad
952 2474 1132 2551 ratribus
1152 2472 1377 2574 judicandas,
1408 2498 1495 2571 pro·

281 2576 450 2670 ¹mittens,
490 2587 529 2642 et
550 2569 584 2643 A
612 2626 621 2643 .
645 2569 715 2645 IV.
748 2593 887 2667 quoque
912 2570 1085 2645 adluditur
1118 2570 1156 2644 in
1181 2592 1229 2660 24
1251 2569 1493 2678 presbyteris,

282 2671 333 2771 ph
360 2664 506 2754 larehis,
523 2681 562 2736 et
578 2592 773 2761 Xpostolis:
801 2666 854 2738 uti
872 2664 915 2738 ad
930 2667 1039 2742 Matr.
1056 2666 1153 2765 XIX.
1171 2660 1374 2737 observavr.
1421 2666 1495 2741 Ex·

282 2769 320 2857 ci
345 2766 374 2837 it
402 2759 543 2857 quidem
575 2760 680 2854 Judar
698 2759 929 2854 Apostolatu,
969 2760 1028 2836 sed
1059 2762 1134 2856 ejus
1156 2762 1283 2834 locum·
1306 2757 1390 2834 dein
1414 2760 1493 2859 sup·

282 2857 397 2961 plevit
423 2853 616 2943 Matthias3
656 2855 697 2928 ad
727 2878 911 2929 numerum
943 2855 1038 2930 illurn
1070 2854 1320 2929 restituendum
1353 2854 1436 2932 het.
1461 2858 1492 2933 1.
1528 2852 1533 2859 ”

282 2961 372 3037 Cum
398 2972 487 3024 vero
504 2949 638 3058 Gentes
664 2973 804 3119 quogkue
830 2951 1008 3025 vocandae
1033 2950 1144 3026 esseut
1166 2951 1209 3023 ad
1234 2949 1379 3023 eandem
1396 2973 1496 3026 com·

282 3049 488 3129 munionem
508 3044 579 3119 Der
597 3061 635 3117 et
655 3046 738 3119 clm
771 3070 807 3135 1,
829 3046 987 3143 adeoque
1003 3048 1117 3120 Israeli
1135 3044 1359 3135 inserendae,
1386 3046 1496 3129 Rom.

216 3229 227 3238 ‚
283 3151 368 3238 XL,
393 3140 523 3218 eledtus
541 3137 593 3214 est
614 3163 727 3215 novus
744 3140 933 3237 Apostolus
946 3143 1089 3232 Paulus,
1113 3160 1150 3215 et
1167 3139 1309 3235 reliquis
1332 3139 1492 3234 additus,

283 3264 448 3338 tanquam
473 3237 510 3313 in
538 3234 653 3332 speeie
674 3237 844 3327 Gentium,
869 3237 922 3310 uti
950 3237 1095 3312 constat.
1145 3238 1244 3308 Sicut
1271 3234 1390 3332 itaque
1403 3262 1492 3334 gen·

282 3360 338 3415 tes
364 3333 552 3408 conversae
586 3331 629 3401 ad
651 3332 810 3403 Israelem
834 3355 956 3404 verum
980 3350 1018 3403 et
1042 3330 1256 3425 spiritualem
1286 3330 1491 3426 pertinent,

280 3450 427 3507 etcum
455 3420 597 3521 Judaeis
625 3420 668 3493 ad
696 3445 737 3496 12
766 3424 988 3513 illustribus,
1028 3425 1077 3498 ita
1104 3445 1140 3496 et
1165 3427 1286 3499 Paulus
1318 3427 1363 3500 ad
1385 3428 1490 3501 colle·

283 3525 383 3627 glum
408 3515 657 3627 Apostolorum
679 3516 885 3593 duodecim:
925 3518 969 3594 de
995 3542 1065 3620 quo
1088 3521 1132 3595 ad
1158 3522 1266 3595 Matr.
1292 3524 1314 3596 l.
1340 3544 1372 3599 c.
1404 3546 1492 3620 quo·

282 3613 590 3825 quiegisiiiilll.
633 3705 795 3814 arQuod
823 3710 865 3786 ad
894 3710 1023 3822 starum
1055 3681 1176 3821 eorum
1201 3732 1282 3789 ante
1315 3712 1492 3789 solennem

279 3814 586 3907 inaugurauonem
612 3803 767 3894 adunet,
792 3831 825 3880 a.
853 3829 968 3883 notari
995 3810 1122 3898 velun,
1154 3835 1234 3900 eos,
1268 3809 1291 3883 s1
1318 3832 1390 3882 non
1415 3834 1491 3884 om·

250 3965 253 3971 ,
279 3933 367 4003 nes,
390 3898 513 3995 utique
537 3901 724 4010 maximam
745 3901 852 3999 longe
876 3926 1031 3997 partem,
1064 3905 1164 3979 fuisse
1191 3903 1362 4000 Johannis
1384 3902 1489 3979 disci·

306 4004 400 4087 ulos,
424 3997 466 4070 ab
484 4018 528 4066 eo
546 3998 586 4068 ba
615 4014 769 4085 trzatos,
782 4015 819 4069 et
835 3999 877 4071 ab
901 4024 946 4074 eo
971 4001 1090 4094 urique
1110 4020 1270 4095 tempore
1294 4001 1391 4074 vitae
1407 4023 1490 4094 pro·

277 4029 372 4180 gaer
392 4088 445 4164 uti
469 4114 514 4163 ex
540 4018 621 4187 Joii.
647 4093 674 4198 ¹:
699 4092 886 4199 colligitur.
937 4096 1002 4170 Cui
1028 4117 1099 4167 uon
1123 4096 1254 4188 obstat,
1278 4093 1372 4194 quod
1395 4095 1493 4170 Levi

278 4215 319 4285 er
344 4185 567 4275 Matthaeus,
612 4183 712 4259 srnlr
736 4186 801 4259 srnt
824 4189 971 4278 diversi,
1011 4187 1055 4261 de
1080 4214 1150 4286 quo
1174 4215 1279 4280 mox,
1317 4192 1492 4287 publicani

276 4288 435 4377 fuerint,
470 4281 608 4381 quando
634 4282 753 4387 vocati
778 4280 856 4359 sunt
881 4310 902 4358 a
927 4282 1087 4376 Christo,
1126 4312 1205 4362 curn
1232 4307 1269 4361 et
1291 4285 1386 4362 inter
1408 4286 1498 4364 illoc.

276 4385 411 4475 fuerint
442 4402 465 4456 a
495 4377 656 4477 Johanue
687 4373 819 4472 trosti,
859 4380 913 4458 uti
943 4377 1110 4485 constare
1148 4405 1217 4459 uec
1251 4382 1489 4554 etiampquglod

662 4528 674 4563 r,
1398 4502 1417 4554 ἃ
1453 4500 1493 4556 U!
