3609 5500
813 913 921 995 Serui.
945 915 998 995 ΙΙζ
1104 914 1119 980 ''-
1384 950 1386 953 ·
1433 923 1512 1019 '533'

284 1094 507 1187 differentia,
535 1094 628 1193 quod
646 1117 819 1195 quemque
837 1100 968 1172 docere
985 1095 1122 1193 poterit
1147 1097 1298 1175 collatio.
1326 1100 1440 1176 'Idem
1456 1091 1515 1172 fe}

286 1196 437 1270 rendum
461 1194 602 1268 videtur
627 1196 671 1267 de
694 1193 925 1283 Platonismo,
968 1196 1026 1267 vel
1053 1195 1339 1289 Pytlragorismo,
1365 1196 1510 1271 recoslo

285 1291 482 1391 judicium,
508 1289 592 1361 licet
617 1290 694 1362 lieri
720 1293 898 1384 potuerit,
924 1309 962 1362 ut
981 1292 1023 1362 ab
1047 1290 1114 1361 illis
1139 1311 1175 1361 et
1194 1290 1395 1366 Cabbalistis
1418 1316 1507 1367 non·

288 1389 380 1464 nulla
399 1386 602 1473 sumserint,
629 1410 685 1460 ex.
709 1408 762 1481 gr.
789 1386 964 1459 silentium
990 1385 1265 1483 quinquennale,
1290 1388 1333 1459 ad
1358 1391 1507 1483 proban·

287 1486 370 1559 dum
395 1482 644 1576 discipulorum
670 1485 824 1571 animos,
853 1484 909 1556 vel
934 1486 992 1556 sex
1009 1504 1200 1571 annorum,
1227 1501 1266 1555 ut
1282 1483 1413 1556 habent
1429 1486 1507 1556 Cle·

286 1579 447 1655 mentina
471 1579 509 1649 in
534 1577 690 1651 Patribus
719 1576 843 1673 Apost.
871 1576 1061 1666 Cotelerii,
1085 1575 1233 1652 studium
1261 1578 1424 1676 dogmata
1446 1600 1506 1651 ce·

287 1673 402 1765 landi,
429 1674 473 1746 de
490 1696 559 1768 quo
578 1672 649 1746 vid.
674 1675 846 1749 Dodwell.
871 1673 959 1747 Diu:
985 1677 1078 1747 Iren.
1104 1674 1172 1747 IV.
1193 1696 1329 1749 morem
1346 1675 1403 1749 sua
1418 1674 1507 1771 dog·
1540 1698 1542 1702 ’

288 1790 384 1848 mata
400 1794 481 1844 caro
497 1768 672 1840 vendendi
689 1770 827 1864 pretio,
843 1772 946 1844 'lren
972 1772 1001 1843 l:
1025 1790 1060 1857 4.
1085 1768 1218 1864 aliaque
1242 1770 1371 1845 similia.
1424 1771 1508 1873 Quo

290 1866 447 1944 amultis
469 1863 557 1937 cibis
580 1864 844 1955 abstinentiam,
871 1866 978 1961 ipsam
1003 1863 1152 1960 primam
1181 1867 1354 1963 tetrastyn
1379 1883 1508 1960 quater·

292 1967 435 2052 sionem,
467 1959 509 2034 ad
533 1960 770 2033 imitationem
796 1962 1006 2058 Pythagor,
1042 1982 1182 2054 quoque
1206 1961 1339 2036 referre
1362 1964 1508 2052 liceret,
1560 2034 1562 2040 .

291 2059 353 2136 sed
382 2080 427 2131 ex
450 2075 570 2128 mente
597 2056 751 2128 Platonis
782 2076 841 2129 aut
865 2058 1083 2154 Pythagorae
1109 2077 1182 2129 non
1208 2078 1330 2153 putem
1361 2056 1509 2157 systema

289 2150 497 2231 Gnosticum
530 2151 787 2248 exponendum.
835 2154 893 2226 De
918 2154 1020 2241 Deo,
1045 2170 1131 2247 sopp
1156 2154 1323 2245 Sermone,
1351 2175 1390 2229 et
1414 2153 1506 2254 ψυχμ

290 2254 406 2326 animo
428 2247 572 2337 mundi,
600 2264 761 2343 tanquam
781 2246 891 2322 tribus
914 2248 1122 2345 principiis,
1148 2249 1259 2324 locuti
1276 2252 1415 2348 quidem
1432 2256 1510 2327 sunt

291 2342 496 2441 Philosophi
523 2344 594 2431 illi,
620 2340 679 2416 sed
704 2343 979 2417 Christianorum
1006 2343 1220 2418 Trinitatem
1244 2370 1315 2418 non
1340 2348 1508 2421 videntur

289 2442 331 2517 in
356 2442 465 2515 oculis
488 2437 660 2513 habuisse:
687 2438 808 2607 utiyue
826 2442 970 2529 Deum,
989 2438 1103 2529 ideas,
1131 2456 1168 2511 et
1186 2441 1353 2514 mundum
1379 2442 1510 2516 anima·

293 2557 370 2612 tum
392 2536 568 2611 intellexit
591 2535 709 2623 Plato,
756 2554 829 2609 rcur
853 2538 989 2625 Deum,
1021 2537 1135 2623 ideas,
1167 2533 1344 2610 materiam
1377 2558 1413 2611 et
1436 2540 1509 2612 sor·

289 2657 405 2721 mam,
439 2654 503 2727 per
534 2633 625 2704 suam
659 2631 926 2726 quaternionem
953 2633 1174 2728 Pythagoras.
1222 2633 1306 2706 Nec
1339 2635 1509 2731 ejusmodi

288 2725 514 2806 ‘recenfiones
535 2727 782 2801 attributorum
805 2751 847 2800 ac
864 2728 1124 2819 emanationum
1142 2726 1214 2803 Dei
1234 2753 1412 2807 noverunt
1429 2732 1510 2806 Phi-

290 2823 446 2922 losophi.
495 2823 637 2897 Possunt
663 2841 779 2896 tamen
805 2822 899 2896 sorte
919 2824 956 2895 in
976 2823 1223 2899 Gnosticorum
1248 2826 1432 2924 systemate
1449 2853 1510 2904 ex·
1590 2895 1594 2903 .

312 2921 463 2996 ‘onendo
485 2942 549 2992 nos
570 2920 692 3014 juvare
717 2918 917 3013 Philosophi
941 2919 1002 2992 illi.
1050 2923 1148 2993 Vera
1172 2941 1289 2993 autem
1315 2925 1417 3018 origo
1443 2923 1510 2994 mi·

290 2948 507 3114 liipetenda
538 3017 680 3088 videtur
713 3038 758 3086 ex
784 3013 1005 3106 Philosophia
1029 3015 1223 3104 Orientali,
1264 3037 1343 3088 cum
1373 3020 1509 3089 Graeca

293 3115 424 3188 mixta:
449 3113 492 3185 de
512 3135 581 3206 quo
596 3110 669 3183 vid,
696 3109 861 3182 Bruclrer.
888 3106 981 3181 Hist.
1006 3109 1093 3180 Phil.
1117 3128 1203 3180 tom.
1229 3111 1294 3182 lll.
1344 3110 1505 3184 Walchi·

296 3208 396 3284 usin
423 3210 593 3304 syntagm.
618 3223 848 3278 commentat.
876 3201 1065 3277 Michaelis
1090 3229 1124 3299 p.
1150 3205 1195 3276 ll.
1221 3203 1289 3279 alii.

341 3303 560 3403 ychvl.
596 3305 682 3374 Cum
706 3301 751 3372 de
776 3299 916 3397 origine
949 3319 987 3373 et
1012 3323 1133 3373 norma
1167 3299 1373 3396 hypothesis
1397 3299 1511 3377 Gnos-

293 3401 447 3477 ticorum
474 3396 674 3493 exponendi
699 3396 835 3469 diverse
868 3394 1020 3469 sentiant
1047 3393 1178 3485 noeti,
1204 3420 1265 3470 eos
1289 3422 1427 3496 quoque
1451 3425 1512 3476 va·

299 3500 356 3573 rie
398 3499 435 3574 in
469 3495 542 3591 ipsa
574 3492 868 3587 interpretatione
910 3491 1123 3582 instituisse,
1171 3493 1298 3567 mirum
1332 3519 1405 3570 non
1445 3497 1510 3571 est.

277 3588 491 3670 'Malluetus
509 3613 572 3686 per
588 3589 734 3684 primam
752 3587 1016 3683 quaternionem
1036 3592 1191 3680 Patrem,
1211 3592 1326 3664 Deum
1343 3594 1513 3668 summurn
1584 3588 1586 3590 ’

298 3710 380 3760 cum
413 3687 478 3760 suis
520 3684 794 3781 proprietatibus
829 3704 866 3757 et
898 3684 1180 3775 emersionibus,
1222 3689 1404 3780 separatim
1438 3710 1511 3760 non

298 3777 583 3869 subsistentibus,
609 3780 800 3867 intellexit,
841 3802 906 3874 per
929 3783 1075 3876 reliquas
1098 3802 1183 3852 vero
1206 3804 1333 3854 aeonas
1360 3783 1513 3855 totidem

298 3879 477 3974 Angelos,
500 3877 675 3952 variorum
699 3877 860 3946 ordinum
876 3898 917 3946 ac
933 3873 1188 3969 perfectionum
1207 3873 1356 3969 spiritus.
1402 3879 1512 3953 Sermo

293 3973 357 4050 seu
381 3975 490 4071 λόγος,
514 3974 653 4068 angelus
679 3969 750 4059 est,
785 3966 865 4065 qui,
901 3971 971 4041 Dei
997 3971 1125 4042 mentis
1149 3969 1343 4065 interpres,
1378 3979 1516 4050 oracula

294 4069 419 4147 divina
446 4071 573 4145 ceteris
600 4067 746 4162 pandit,
772 4087 809 4138 et
837 4085 899 4159 per
926 4088 1005 4154 eos,
1032 4064 1183 4139 maxime
1198 4064 1418 4163 saluatorem,
1444 4097 1514 4145 ma·

298 4167 460 4242 nisestari
477 4184 592 4253 curat,
618 4163 746 4258 quique
763 4184 876 4233 rerum
894 4162 1051 4234 omnium
1068 4161 1163 4236 ideas
1178 4187 1219 4236 ac
1235 4164 1407 4253 rationes,
1433 4191 1516 4261 quas

295 4288 397 4340 mens
414 4262 547 4335 Divina
564 4257 828 4352 complectitur,
858 4281 920 4351 per
937 4258 1119 4351 Bythium,
1147 4277 1319 4351 ageraton,
1345 4277 1413 4334 etc.
1439 4285 1516 4332 cet-

293 4379 332 4443 ra
347 4358 584 4458 proportione
599 4378 639 4432 ac
656 4376 777 4429 norma
793 4353 831 4430 in
847 4353 1051 4522 spretorem
1066 4354 1221 4446 derivat,
1242 4373 1282 4428 ut
1298 4354 1359 4427 hic
1368 4409 1379 4447 ,
1397 4357 1520 4431 secun-

899 4469 1004 4546 κη
1229 4466 1232 4471 ·
1439 4455 1525 4541 dum
