3609 5500
296 947 372 1040 136
686 937 992 1039 ffistot·io,ssEcclrrfi·,
1010 937 1125 1039 Christ.

295 1117 388 1215 apud
410 1120 565 1197 Veteres
591 1118 691 1208 usus,
716 1141 755 1194 et
770 1119 916 1193 minoris
940 1118 1156 1208 autoritatis,
1182 1118 1515 1212 sublimiora,.acu-¹

297 1233 357 1304 ta,
378 1235 416 1288 et
440 1214 586 1313 mystica
602 1213 732 1289 Christi
755 1216 847 1290 distr
863 1217 1050 1311 praecipue
1069 1216 1360 1309 comprehendit,
1385 1239 1431 1289 err
1450 1239 1508 1313 gr.

297 1311 356 1392 De
379 1328 539 1407 tempore
565 1310 734 1384 adventus
761 1312 811 1385 sui
834 1314 1088 1405 interrogatus,
1122 1311 1319 1405 respondit:
1353 1337 1425 1385 cum
1444 1315 1509 1384 duo

294 1420 389 1480 crant
413 1432 510 1480 unam
536 1404 622 1503 (pax
646 1424 683 1477 et
707 1400 915 1500 concordia)
947 1425 979 1478 et
1004 1409 1084 1497 quod
1096 1406 1208 1500 foris,
1249 1424 1286 1480 ut
1311 1411 1392 1501 quod
1414 1403 1515 1504 intusj

295 1499 407 1596 (nulla
430 1496 641 1597 hypocrisis)
666 1519 699 1573 et
722 1503 882 1598 inosculus
908 1526 980 1574 cum
995 1499 1166 1593 foemina,
1192 1524 1250 1575 uec
1275 1526 1346 1574 mos
1362 1499 1509 1594 netfoe·

293 1601 381 1668 miuo
417 1595 525 1693 (nulla
567 1596 856 1693 concupiscentia
893 1596 1067 1685 carnalis,
1108 1598 1218 1670 nullus
1251 1593 1505 1765 concubit&

295 1693 419 1786 quando
453 1716 508 1764 uos
541 1694 690 1766 mulieres
714 1692 855 1782 definitis
884 1709 1011 1783 parere.
1065 1692 1217 1763 Videtur
1242 1715 1327 1763 vero
1350 1692 1394 1763 ab
1491 1733 1507 1750 -

292 1785 426 1882 gyptiis
450 1784 672 1876 Christianis,
717 1786 966 1860 Gnosticorum
991 1788 1046 1860 vel
1075 1786 1278 1859 Elleborum
1310 1783 1513 1880 opiniones

293 1880 522 1970 tenentibus,
567 1905 713 1977 quorum
744 1881 841 1955 sedes
877 1901 952 1954 erat
983 1879 1022 1952 in
1059 1882 1264 1977 AEgy‘pto,
1306 1879 1345 1951 in
1377 1877 1506 1973 primis

291 1974 548 2065 Alexandriae,
575 1975 797 2063 consessum,
823 1998 890 2048 nee
906 1977 975 2048 ullo
999 1976 1106 2047 modo
1138 1998 1217 2048 cum
1243 1971 1368 2045 nostris
1383 1973 1510 2050 Euan·⁸

287 2068 392 2236 peliis
430 2070 730 2167 comparandum,
770 2089 830 2144 aut
863 2092 931 2167 pro
969 2067 1125 2166 genuino
1157 2066 1319 2165 Apostoli
1354 2068 1503 2167 alicujus

307 2183 391 2238 oetu
418 2164 634 2239 habendum:
668 2184 705 2237 ut
731 2165 834 2238 facile
858 2182 969 2261 patet.

338 2257 370 2357 s.
395 2261 580 2335 CXXVII.
621 2260 833 2356 Symbolum,
872 2259 919 2331 stc
951 2258 1082 2334 dissum
1114 2254 1350 2351 Apostolr'cum,
1388 2256 1505 2334 hodie

286 2352 395 2428 etiam
419 2353 599 2443 usitatum,
633 2357 746 2450 probe
767 2358 810 2429 ab
838 2353 985 2450 antiquo
1010 2354 1311 2447 distinguendum,
1350 2374 1429 2424 cum
1454 2352 1503 2429 stt

285 2448 485 2540 extribus,
511 2452 672 2524 Romano
699 2452 857 2537 Vetere,
883 2450 1076 2539 Orientali,
1101 2471 1143 2520 ac
1160 2444 1373 2542 Aquilejenfi
1396 2467 1500 2523 com·

311 2543 436 2617 osrtum
453 2544 653 2634 a-Ruffiuo,
678 2542 891 2641 Aquilejensr
917 2544 1152 2643 Presbytero,
1176 2540 1243 2615 sec.
1272 2542 1343 2629 V.,
1367 2539 1419 2614 uti
1445 2567 1497 2621 ex

282 2660 298 2711 1
324 2637 361 2710 so
385 2639 496 2713 Ruffs
509 2659 626 2733 patet,
668 2639 756 2712 solet
788 2638 927 2734 quidem
955 2663 1025 2746 pro
1059 2635 1214 2733 genuino
1244 2632 1497 2735 Apostolorum

301 2750 384 2809 oetu
412 2731 532 2807 haberi
563 2760 583 2808 a
610 2733 1000 2819 Catholi'co·Romanrs,
1042 2731 1123 2831 qui,
1168 2728 1390 2804 Ambrosium
1430 2734 1494 2810 vel

282 2826 464 2903 Ruffinum
489 2829 618 2916 secuti,
660 2827 742 2902 illud
767 2831 809 2902 ab
834 2826 1013 2922 Apostolis
1045 2851 1089 2904 12
1114 2824 1313 2901 confestum
1345 2846 1494 2924 putant,

280 2920 321 2997 in
349 2922 505 2997 tesseram
530 2923 613 2997 fidei
645 2924 857 3012 communis,
881 2947 952 3019 quo
970 2943 1128 3019 tempore
1145 2946 1163 2996 a
1183 2919 1391 2995 seinvicem
1410 2922 1492 2997 sue·

281 3035 364 3091 runt
387 3041 453 3114 per
482 3019 605 3093 orbem
630 3017 792 3114 dispersi,
831 3020 881 3091 ita
907 3038 945 3092 ut
977 3017 1098 3117 singuli
1131 3039 1238 3089 unum
1273 3019 1494 3093 contulerint

280 3111 484 3203 articulum,
509 3115 601 3189 unde
627 3132 663 3187 et
687 3137 815 3188 nomen
837 3114 1005 3211 symboli,
1022 3132 1075 3207 vet
1100 3135 1263 3184 numerus
1291 3134 1335 3185 12
1361 3110 1492 3187 articu-

281 3210 395 3282 lorum
417 3234 463 3292 ¹re
491 3210 616 3285 etitur:
645 3209 702 3281 sed
727 3210 798 3283 sine
816 3209 927 3282 solido
945 3209 1192 3296 fundamento,
1219 3226 1255 3278 et
1272 3225 1395 3280 contra
1412 3209 1493 3281 Ve-

281 3303 366 3375 teris
392 3236 565 3378 technae
588 3303 883 3375 consuetudinem.
933 3304 1174 3396 Praeterquam
1205 3303 1296 3396 quod
1327 3323 1395 3372 nee
1417 3302 1495 3375 Lu·

281 3417 339 3467 cas
362 3395 400 3468 in
424 3396 542 3482 Astis,
575 3418 640 3467 nec
666 3395 801 3489 antiqui
825 3394 1018 3490 primorum
1038 3394 1257 3483 seculorum,
1290 3395 1362 3490 ejus
1377 3395 1492 3472 „ullam

281 3489 435 3563 fecerint
459 3491 697 3575 mentionem,
722 3489 885 3586 nusquam
902 3491 945 3563 ad
968 3489 1300 3587 illud‘provocarint
1315 3489 1353 3563 in
1370 3489 1496 3587 dispn-.

282 3585 474 3658 tationibus
496 3607 575 3657 cum
603 3584 811 3673 haereticis,
837 3585 929 3680 quod
954 3584 1060 3659 solum
1082 3587 1166 3660 huic
1189 3584 1372 3681 hypothesi
1388 3586 1489 3662 labe·

279 3679 458 3755 sanandae
484 3679 675 3768 sufficeret,
720 3704 750 3752 1.
775 3679 856 3752 falso
881 3679 1006 3754 nititur
1032 3682 1276 3768 fundamento,
1310 3681 1347 3753 in
1373 3681 1488 3757 nomi·

279 3801 325 3855 ne
349 3795 386 3850 et
407 3798 551 3849 numero
576 3774 801 3848 articulorum
825 3773 948 3869 possto.
996 3779 1196 3873 Symbolum
1221 3775 1314 3847 enim
1338 3798 1408 3849 non
1425 3777 1488 3850 de-

280 3892 379 3951 notat
396 3871 610 3956 collationem,
635 3871 700 3945 acsr
725 3868 884 3967 Apostoli
900 3869 1020 3966 singuli
1037 3872 1219 3947 articulum
1238 3870 1486 3962 contulissent,

278 3969 371 4067 quod
395 3970 456 4042 Gr.
482 3989 552 4039 non
575 3970 745 4061 captato,
784 3967 842 4039 sed
872 3971 1009 4061 copton»,
1030 3969 1235 4064 adpellatur',
1279 3965 1337 4038 sed
1363 3985 1487 4043 notam

277 4083 315 4140 et
338 4061 496 4136 tesseram
524 4063 627 4151 fidei3
669 4064 804 4159 qualem
827 4064 1049 4158 conspertum
1074 4081 1110 4135 et
1137 4060 1233 4136 usum
1258 4083 1337 4134 cum
1362 4059 1401 4132 hi
1426 4084 1483 4143 ar·

277 4158 377 4239 tituli
400 4158 589 4246 haberent,
621 4155 705 4234 hinc
729 4178 859 4231 nomen
882 4156 1027 4255 symboli
1052 4154 1122 4230 suit
1148 4177 1284 4242 ortum,
1317 4177 1385 4228 nec
1408 4153 1484 4232 fine

275 4258 391 4356 aliquo
423 4251 579 4352 respectu
610 4251 652 4326 ad
686 4251 845 4326 tesseram
875 4251 1088 4341 militarem,
1133 4252 1214 4348 quia
1252 4269 1339 4323 tunc
1372 4250 1483 4326 variis

275 4351 462 4437 Christiani
485 4366 583 4433 erant
612 4348 709 4427 malis
733 4345 880 4445 exposui
903 4344 1010 4426 instar
1035 4346 1187 4427 militum
1204 4340 1345 4445 Christi.
1396 4344 1484 4518 3⁰⁰

436 4461 439 4469 '
1433 4462 1491 4519 et·
