3609 5500
1692 528 1693 583 t

422 710 503 805 430'
819 696 966 801 Historia
997 698 1124 799 Ectses.
1151 698 1264 801 christ.

1692 830 1693 915 s

425 882 594 961 meritam
611 878 804 972 unionem,
827 904 871 957 an
887 880 1109 981 specificam,
1133 880 1313 977 statuerit,
1330 881 1435 980 paulo
1449 882 1630 962 adcurritur

426 979 479 1055 est
503 977 771 1076 inquirendum,
797 979 938 1074 ejusque
963 979 1135 1055 sententia
1160 1004 1224 1076 per
1242 1000 1360 1077 partes
1382 1002 1517 1076 quoque
1532 982 1625 1054 exhi·

426 1076 562 1163 benda;
596 1073 648 1147 uti
676 1073 715 1145 in
739 1073 975 1169 superioribus
1000 1072 1084 1149 feci.
1136 1100 1169 1151 1.
1198 1075 1373 1150 Christum
1397 1074 1498 1172 saepe
1520 1076 1628 1170 adpel-

425 1173 474 1247 lat
497 1174 626 1259 Deum3
665 1166 719 1242 uti
740 1168 785 1241 de
808 1170 967 1259 Patiert,
1002 1193 1077 1263 cap.
1106 1194 1162 1267 13.
1189 1172 1234 1245 de
1262 1171 1392 1246 Anima
1415 1193 1447 1243 c.
1471 1192 1530 1262 41.
1543 1174 1629 1267 sisar

425 1269 518 1344 Deus
532 1264 606 1360 stne
625 1282 781 1358 peccato,
817 1264 903 1358 strias
928 1268 1014 1339 homo
1030 1263 1103 1356 stne
1132 1283 1266 1363 peccato
1302 1264 1467 1363 Christus,
1506 1270 1577 1363 prtia
1599 1285 1628 1340 tt

423 1364 518 1438 Deus
545 1361 704 1460 ctrrtstus:
729 1359 776 1433 de
798 1383 903 1434 came
922 1360 1052 1437 Christi
1079 1386 1111 1436 c.
1139 1388 1172 1457 3.
1223 1362 1387 1460 Clu-issar,
1414 1362 1561 1435 hominem
1582 1366 1629 1433 ir·
1692 1410 1693 1433 r

425 1462 541 1547 datus,
575 1460 667 1531 Deus
687 1454 925 1553 perseverarit:
965 1476 1004 1530 ut
1026 1475 1063 1528 et
1086 1480 1118 1534 c.
1143 1480 1166 1548 5
1198 1483 1239 1532 ac
1268 1482 1323 1550 14.
1356 1476 1536 1553 praeterea
1557 1458 1630 1535 adv.
1692 1488 1693 1517 t

423 1554 604 1629 Marcion.
645 1554 667 1627 1.
709 1554 755 1625 11.
788 1575 821 1628 c.
856 1560 914 1630 16.
946 1551 1124 1648 Christiani
1151 1553 1259 1629 Deam
1301 1570 1459 1627 mortuam
1501 1554 1629 1629 credunt.
1692 1562 1693 1649 ᾗ

424 1650 496 1724 Sed
525 1649 576 1723 ita
598 1649 739 1745 ubique.
792 1670 826 1724 a.
852 1648 981 1723 Filium
1006 1646 1076 1721 esse
1100 1647 1266 1725 essentiae
1293 1650 1405 1723 Patris
1428 1650 1629 1745 participem
1692 1650 1693 1731 s

424 1748 519 1823 clare
543 1742 707 1833 testatur,
739 1767 774 1820 a.
798 1766 879 1818 eum
904 1742 974 1818 esse
998 1768 1072 1819 verr
1093 1763 1131 1818 et
1157 1743 1302 1841 proprie
1328 1742 1375 1819 fic
1396 1743 1529 1819 ditium
1558 1748 1626 1820 De·
1692 1762 1693 1807 s

424 1866 506 1931 um,
528 1840 658 1915 adserit
680 1858 807 1914 contra
829 1841 947 1915 Marc.
973 1841 1023 1913 V:
1049 1862 1107 1913 20.
1134 1840 1192 1913 ubi
1216 1862 1296 1914 cum
1321 1840 1509 1929 habeatur,
1541 1860 1579 1914 ut
1599 1838 1630 1915 id
1692 1840 1693 1921 ἶ

425 1936 545 2012 obiter
567 1936 771 2026 observem,
795 1937 876 2029 quod
887 1933 923 2029 fi
948 1936 982 2008 itt
1004 1932 1113 2031 effigie
1138 1952 1170 2007 rt
1192 1940 1351 2031 imagine,
1375 1960 1437 2031 qua
1454 1936 1557 2010 silias
1571 1938 1632 2009 Pa·

424 2038 513 2123 tris,
534 2054 607 2107 rere
623 2029 690 2105 Dei
700 2033 910 2125 praedicatas
932 2028 1001 2127 est,
1025 2050 1094 2107 etc.
1119 2030 1265 2105 omnino
1281 2030 1469 2128 legendum
1483 2056 1556 2108 vere
1572 2034 1633 2105 Di·
1692 2026 1693 2101 i

423 2154 487 2219 us,
519 2146 559 2202 ut
578 2150 625 2202 ex
674 2124 883 2201 raecedente
904 2145 944 2199 et
967 2148 1060 2200 nexu
1082 2126 1230 2201 constat.
1277 2128 1385 2200 Deum
1408 2124 1511 2223 saper
1539 2133 1634 2202 omnia
1692 2124 1693 2169 ²

424 2227 621 2301 benedictum
647 2152 754 2298 Rom.
781 2220 847 2297 IX.
872 2240 969 2297 cont.
993 2222 1093 2296 Prax.
1116 2245 1148 2299 c.
1180 2246 1234 2316 ¹3·
1260 2228 1291 2297 b.
1318 2223 1379 2295 ubi
1406 2242 1445 2296 et
1465 2246 1569 2298 verus
1587 2224 1634 2297 di·

424 2322 519 2395 citur
541 2343 583 2409 ac
604 2318 729 2393 unicus
754 2317 827 2392 Dei
852 2316 979 2407 Filius,
1004 2338 1035 2390 c.
1060 2318 1134 2391 imo
1166 2318 1270 2391 Patr'e
1295 2342 1356 2390 non
1380 2322 1481 2391 minor
1508 2320 1632 2397 advers.

421 2418 542 2491 Marc.
567 2415 637 2487 IV:
665 2436 725 2503 25.
759 2417 834 2509 qaia
861 2436 922 2485 non
947 2414 1063 2486 minori
1080 2412 1122 2510 st
1146 2414 1248 2489 tradit
1271 2416 1377 2487 omnia
1399 2412 1496 2491 Filio.
1542 2416 1633 2583 QpFae
1692 2420 1693 2427 ’

422 2510 533 2585 'verba
558 2505 654 2581 Patri
686 2530 760 2581 non
791 2506 950 2581 adimunt
985 2505 1131 2603 aliquam
1155 2508 1436 2606 praerogativam
1472 2534 1557 2609 prae
1609 2510 1635 2586 i·
1692 2508 1693 2577 s

424 2604 497 2695 lio,
535 2601 630 2700 quod
652 2601 728 2697 ejus
749 2602 863 2677 menti
894 2601 989 2675 foret
1020 2604 1253 2695 contrarium,
1296 2623 1334 2677 ut
1363 2628 1451 2680 mox
1484 2606 1634 2703 patebit,
1692 2616 1693 2675 t

423 2702 502 2782 imo
535 2718 574 2773 et
605 2713 720 2776 contr.
751 2698 848 2774 Prata
880 2720 913 2774 c.
938 2721 984 2790 9..
1007 2718 1045 2773 et
1068 2698 1153 2776 huic
1177 2701 1279 2789 loco,
1314 2698 1372 2773 ubi
1395 2702 1502 2776 Pater
1525 2702 1634 2778 omnia
1692 2684 1693 2776 i

424 2797 557 2876 dicitur
579 2793 671 2870 Filio
694 2795 891 2886 tradidisse,
916 2793 974 2869 sed
994 2812 1127 2870 tantum
1151 2797 1296 2882 volunt,
1321 2793 1450 2872 Filium
1474 2821 1548 2874 non
1572 2799 1635 2873 effe
1692 2783 1693 2864 i

424 2892 604 2982 diversae,
636 2907 675 2964 et
697 2890 864 2980 minoris,
895 2887 1087 2981 essentiae,
1126 2913 1206 2964 cum
1241 2889 1352 2966 Patris
1377 2891 1421 2966 srt
1446 2894 1632 2994 particeps

426 2988 636 3088 Opponitur
651 2985 772 3085 itaque
789 2986 959 3084 Angelis,
983 2984 1045 3082 qui
1069 2986 1223 3060 minores
1240 2983 1339 3079 sunt,
1362 3007 1435 3062 eta
1452 2987 1632 3066 substantia
1692 2977 1693 3012 s

423 3088 537 3162 Patris
568 3082 695 3170 alieni,
727 3078 803 3157 ise
832 3103 922 3154 vero
955 3081 1098 3156 consors
1131 3081 1226 3178 ejus;
1268 3101 1309 3155 ut
1329 3083 1489 3180 loquitur
1515 3106 1634 3160 contra

304 3249 308 3254 ,
424 3182 525 3256 Prax.
551 3199 584 3252 c„
611 3199 644 3272 3.
690 3178 724 3250 d.
794 3194 850 3248 ter
872 3177 1068 3251 sermonem
1092 3201 1138 3253 ex
1161 3177 1205 3274 se
1220 3177 1285 3272 ipso
1312 3181 1463 3254 traditur
1473 3181 1631 3276 ptotusis-
1692 3217 1693 3258 r

422 3275 482 3364 se,
511 3291 609 3347 cont.
634 3273 755 3344 Marc.
774 3273 797 3346 Ι.
824 3272 871 3344 Is.
895 3293 928 3346 c.
956 3294 1013 3364 27.
1039 3271 1087 3346 sic
1112 3291 1150 3346 et
1175 3292 1271 3346 cont
1297 3275 1398 3350 Prax.
1424 3298 1457 3348 c.
1481 3295 1516 3368 7.
1543 3274 1634 3349 filius
1692 3303 1693 3346 ς

422 3367 552 3483 dicitur
573 3369 781 3480 migeaitat,
821 3386 858 3438 at
871 3365 967 3459 satsat
990 3389 1033 3480 ep
1053 3368 1125 3441 Deo
1146 3369 1301 3482 genitas,
1328 3375 1459 3538 prppria
1481 3371 1520 3442 (st
1542 3375 1635 3486 vairp
1692 3361 1693 3422 s

424 3468 531 3544 corsus
559 3486 653 3559 rjus,
682 3483 721 3535 et
743 3464 792 3536 rb.
815 3483 848 3538 c.
874 3485 908 3555 3.
958 3463 1080 3536 Umtat
1102 3489 1144 3536 ex
1157 3463 1264 3561 semet
1287 3467 1358 3560 ipsa
1418 3481 1511 3539 rivae
1533 3465 1636 3544 Trim-

423 3579 546 3649 tatem,
570 3577 610 3631 et
632 3578 664 3630 c.
687 3579 724 3646 4.
776 3557 897 3632 silium
921 3581 982 3630 non
1008 3559 1138 3632 aliunde
1158 3562 1295 3649 deduco,
1310 3559 1376 3657 sad
1394 3565 1433 3635 de
1446 3557 1638 3659 substantia
1692 3619 1693 3652 ,

258 3703 265 3714 κ
386 3684 390 3690 ·
424 3660 555 3735 Patris.
604 3650 665 3727 Sic
687 3652 735 3728 ib.
762 3675 796 3728 e
824 3661 880 3733 18.
903 3653 1132 3728 cumdicitur
1150 3679 1232 3727 anas
1249 3657 1340 3729 Deus
1357 3657 1482 3746 Pater,
1506 3663 1636 3734 erastus
1692 3657 1693 3716 s

424 3760 469 3830 ab
492 3776 527 3825 eo
550 3773 612 3822 not
634 3745 703 3840 eli,
733 3771 794 3822 non
816 3749 921 3822 sistas
947 3766 1102 3844 negatur,
1133 3747 1196 3846 scd
1217 3754 1304 3823 alias
1327 3751 1442 3840 Deus,
1479 3774 1636 3828 ceterum

423 3849 511 3925 alius
533 3845 673 3919 aPatre
687 3847 784 3941 filius
807 3869 869 3919 nott
892 3842 961 3942 cst:
985 3845 1135 3940 denique
1159 3842 1207 3920 ib.
1230 3869 1265 3920 c.
1291 3869 1325 3938 9.
1349 3849 1455 3922 Pater
1479 3849 1635 3948 totasab·
1692 3905 1693 3916 .

415 3945 547 4049 stantia
571 3937 640 4038 est,
665 3941 773 4015 Filius
794 3965 883 4015 vero
907 3943 1062 4014 derivatio
1086 3942 1185 4012 totius
1209 3963 1241 4018 et
1262 3945 1388 4036 portio:
1413 3945 1513 4040 quod
1539 3971 1584 4020 ex
1600 3946 1636 4020 si·

409 4033 703 4126 militudinibus,
728 4035 853 4134 quibus
873 4059 920 4110 eo
947 4035 985 4110 in
1007 4037 1096 4110 libro
1120 4037 1220 4133 saepe
1238 4038 1369 4129 utitur,
1392 4041 1500 4114 clare.
1514 4042 1638 4116 confir·

422 4157 549 4219 matur.
599 4131 728 4209 Filium
747 4131 838 4212 dicit
853 4135 978 4210 raditis
992 4131 1178 4230 fruticem,
1191 4133 1305 4242 [ontis
1321 4133 1483 4231 flurium,
1510 4134 1639 4308 aolosis

1499 4259 1517 4309 r
1559 4253 1644 4324 mm,
