3609 5500
766 498 771 512 k

1405 785 1412 801 Ο

271 958 351 1052 ,464
678 946 823 1049 sustuna
846 948 978 1051 Eccles.
1005 950 1118 1052 Cirrisl.

273 1127 336 1208 da
381 1153 416 1203 u.
442 1126 531 1204 Cum
557 1133 698 1204 curtibus
721 1134 929 1207 antelucanis
959 1131 998 1207 in
1028 1160 1126 1208 unuru
1161 1129 1262 1208 coire
1283 1153 1472 1232 coeperam
1486 1145 1589 1209 c,

279 1242 321 1300 et
343 1223 584 1300 eucharistiam
608 1227 806 1318 celebrare,
840 1249 879 1301 ut
906 1251 951 1302 ex
968 1229 1055 1306 Psin.
1081 1253 1138 1329 ep.
1163 1229 1196 1329 s.
1219 1252 1280 1323 97.
1306 1229 1368 1303 lin
1394 1230 1438 1302 E
1478 1229 1581 1300 et

281 1321 386 1396 Tem
412 1322 456 1395 de
487 1345 562 1397 cor„
586 1324 659 1397 mil.
693 1346 725 1397 e.
753 1348 786 1418 3.
812 1323 970 1413 constat,
1008 1349 1139 1423 agapae
1164 1348 1237 1399 non
1271 1323 1416 1398 suerunt
1453 1320 1571 1395 w

278 1439 361 1494 cum
391 1417 600 1492 eucharistia
632 1441 835 1509 connexae,
878 1440 917 1491 ut
951 1422 1077 1496 eodem
1110 1440 1273 1516 tempore
1302 1405 1567 1494 celebratab.

276 1510 366 1603 sunt,
391 1537 491 1605 cum,
511 1513 602 1611 quod
614 1514 701 1587 Plin.
718 1515 846 1587 diserte
862 1514 976 1604 dicat,
1000 1520 1113 1610 quibua
1124 1518 1286 1612 perattu,
1313 1537 1430 1588 urorum
1437 1484 1565 1608 stis

278 1606 461 1707 discedendi
482 1609 609 1705 fuisse,
649 1606 818 1706 rursusque
851 1613 983 1683 coeundi
1013 1615 1058 1685 ud
1090 1614 1280 1707 capiundum
1302 1616 1412 1686 cibuut
1431 1583 1581 1732 μή

276 1704 456 1803 ruiscuum,
486 1709 584 1781 crium
607 1720 637 1778 rt
662 1709 849 1795 iuuouiuur,·
883 1729 970 1799 ergo
988 1730 1061 1781 non
1085 1708 1124 1782 in
1145 1707 1274 1781 eodem
1303 1723 1491 1789 convertur
1575 1761 1590 1780 ,

183 1876 186 1880 .
280 1821 379 1894 tum,
412 1801 505 1901 quod
527 1825 655 1899 agapae
678 1801 815 1899 semper
840 1800 993 1895 tempori
1024 1800 1232 1913 uespertino
1257 1801 1395 1877 suerint
1421 1798 1489 1878 adi·
1582 1854 1607 1883 a

280 1917 404 1999 gatae,
446 1917 485 1971 ut
508 1921 554 1972 ex
580 1899 683 1973 Tert.
705 1900 788 1974 Ec.
814 1895 996 1972 eluceant:
1020 1897 1111 1973 dicut
1132 1900 1245 1987 enim,
1275 1900 1331 1971 ita
1343 1897 1494 1995 sutura·
1601 1949 1621 1976 a

279 2013 357 2086 tur,
383 1996 494 2089 utqui
520 1996 742 2084 meminerint,
775 1997 873 2066 trium
899 1996 1101 2085 pernoctem
1124 1994 1322 2092 adorandum
1345 1994 1418 2069 esse
1433 1995 1496 2068 De·
1610 2052 1623 2076 .

278 2114 361 2182 um,
385 2091 500 2179 addit,
532 2089 706 2186 disceditur
731 2113 791 2161 uun
814 2092 848 2160 iu
872 2105 1023 2162 cateruas
1046 2088 1245 2184 caesarum,
1278 2113 1345 2163 nac.
1360 2093 1400 2165 iu
1422 2083 1500 2183 rsus·

270 2183 331 2287 sas
360 2183 586 2281 discursonum
627 2203 697 2262 etc.
739 2206 827 2280 quae
857 2183 1028 2257 nosiurna
1062 2185 1141 2259 sunt
1180 2184 1378 2261 latrocinia.
1436 2180 1499 2260 Sed

279 2287 316 2362 d.
341 2281 443 2357 aliter
458 2282 530 2354 sese
555 2303 611 2353 res
627 2278 770 2369 habuit,
796 2301 878 2353 curn
895 2298 1094 2354 conuentus
1117 2279 1160 2353 ad
1183 2279 1430 2356 eucharistiam
1446 2302 1499 2354 ee·

279 2377 480 2456 lebtaudam
505 2375 613 2454 etiam
635 2373 756 2474 uesperi
779 2373 926 2465 fierent,
953 2375 1046 2470 quod
1072 2377 1160 2449 male
1186 2394 1294 2471 negat
1319 2375 1500 2474 Albaspiu.

280 2477 386 2552 Teru
419 2473 564 2549 decor.
598 2470 672 2550 mil.
705 2494 737 2547 c.
765 2494 798 2567 3.
823 2470 904 2565 ipsn
921 2471 1039 2544 verbis
1061 2470 1145 2544 iliud
1169 2468 1320 2560 adserit,
1359 2471 1503 2563 dicent,

278 2568 496 2665 amburiflr'ur
509 2566 753 2665 sunamcutum
786 2580 819 2638 rr
847 2569 1044 2658 intempore
1075 2569 1200 2656 uictu,
1239 2583 1271 2639 et
1296 2569 1331 2639 in
1357 2571 1501 2644 omuibus

279 2668 468 2751 mandatum
486 2688 507 2735 u
523 2665 680 2753 Domino,
707 2664 808 2733 eriam
833 2664 1039 2741 uutrlucunt‘s
1063 2664 1229 2736 curibus:
1254 2662 1384 2738 vocula
1406 2667 1504 2740 etim

278 2760 403 2859 utique
421 2759 548 2849 docet,
573 2781 646 2833 non
662 2758 817 2853 semper,
841 2757 916 2832 imo
942 2780 987 2833 ue
1010 2758 1247 2835 communiter
1273 2757 1442 2854 quidem,
1467 2758 1504 2835 id

280 2856 382 2946 fieri,
416 2853 550 2929 indicat
575 2852 669 2926 eninr
692 2854 886 2927 communis
911 2851 1173 2928 consuetudinis
1197 2852 1345 2951 aliquam
1371 2878 1461 2932 exce

280 2952 428 3035 tionem.
476 2951 561 3023 Erat
581 2948 723 3046 quidem
747 2968 909 3044 tempore
936 2949 1104 3046 Cypriani
1127 2949 1304 3039 usitatius,
1329 2950 1504 3029 eucharis·

281 3050 370 3134 tiam
393 3071 485 3122 mune
507 3047 703 3136 celebrare,
729 3063 769 3121 ut
794 3069 838 3119 ex
864 3042 974 3141 Epist.
1000 3045 1073 3140 ejus
1097 3053 1155 3139 63.
1180 3045 1224 3118 ad
1252 3044 1449 3122 Caecilium
1465 3047 1506 3122 ri·

282 3166 388 3248 quet,
412 3144 471 3219 sed
496 3143 652 3219 nondum
674 3143 755 3218 hoe.
780 3139 846 3219 see.
897 3143 1005 3214 Erant
1030 3141 1148 3237 itaque
1166 3163 1295 3238 agapae
1319 3159 1408 3218 tunc
1423 3165 1506 3220 cum

282 3240 490 3319 eucharistia
516 3263 718 3327 connexae,
743 3260 823 3310 curn
840 3255 998 3331 tempore
1014 3234 1218 3330 vespertino
1236 3239 1504 3330 celebrabatur,

282 3338 364 3424 sed,
390 3336 461 3407 five
479 3336 604 3407 eodem
617 3355 786 3427 rempore
812 3355 894 3403 mox
912 3329 989 3425 post
1006 3330 1247 3404 eucharistiam
1274 3331 1409 3407 fuerint
1424 3358 1506 3431 aga·

282 3454 349 3529 pae
367 3429 526 3512 habitae,
566 3429 637 3501 five
662 3425 813 3521 ejusdem
842 3425 913 3504 diei
930 3424 1072 3498 diversis
1099 3426 1307 3515 momentis,
1335 3447 1434 3503 erant
1463 3447 1502 3504 et

282 3524 472 3613 manebant
496 3522 569 3614 ejus
590 3522 795 3613 adpendices,
821 3543 928 3613 quare
961 3521 1251 3598 exobsationibus
1266 3521 1506 3600 eucharisticis

282 3615 471 3698 instrustae
496 3616 657 3704 suerunt,
682 3633 719 3687 et
745 3619 921 3689 corruiuium
947 3619 1136 3694 dominicum
1153 3619 1344 3713 adpellatae
1362 3643 1384 3692 a
1403 3621 1506 3699 Tert.

285 3716 332 3794 ad
355 3716 467 3797 Uxor.
491 3710 550 3791 lib.
577 3713 622 3783 11.
675 3710 845 3794 Accedit,
871 3734 916 3785 eu
941 3713 1100 3804 corporis
1124 3733 1161 3785 et
1178 3712 1355 3810 Enguinis
1372 3714 1507 3790 Christi

286 3807 486 3893 vocabulis,
511 3804 547 3878 in
566 3804 772 3878 eucharistia
788 3804 940 3893 usitatis,
967 3808 1171 3886 calumniam
1188 3808 1389 3884 Gentilium
1402 3809 1507 3888 fuisse

287 3901 424 3991 natam,
453 3899 669 3974 Christianos
693 3925 791 3976 carue
816 3903 956 3980 huruuua
981 3902 1067 3998 uesci
1093 3906 1130 3976 in
1153 3903 1282 3999 agapis.

332 4000 365 4099 s.
392 3998 508 4071 thl.
543 3997 704 4092 Suujeeta
734 4002 917 4090 patientia,
956 4000 999 4071 de
1026 3997 1149 4094 quibus
1201 4003 1310 4090 rimu,
1347 4019 1387 4075 et
1422 4001 1508 4079 dein

285 4121 308 4173 u
333 4096 478 4179 entibus,
511 4090 690 4180 disseram,
725 4094 796 4167 five
813 4095 998 4189 personae,
1024 4096 1148 4188 quibus
1163 4025 1385 4171 sderamentis
1404 4116 1505 4173 uten-

287 4194 326 4266 ἀι
350 4190 400 4271 ‘us
422 4203 516 4276 erat,
553 4186 696 4260 suerunt
714 4189 768 4258 vel
790 4193 914 4281 adulti,
961 4191 1017 4261 vei
1054 4190 1212 4284 infantes.
1264 4194 1321 4266 De
1359 4193 1508 4284 adultis,

287 4214 361 4359 resJ
371 4280 450 4355 ebio
472 4284 660 4377 baptismi,
686 4282 774 4356 nihil
797 4286 912 4359 habeo
936 4284 1026 4380 quod
1046 4290 1145 4382 supra
1169 4289 1214 4361 de
1230 4288 1507 4363 Catechumenis

286 4376 326 4459 di
364 4378 390 4454 's
413 4376 553 4460 addam:
586 4380 669 4489 sed,
706 4382 821 4475 quoad
854 4379 1118 4476 eucharistiam,
1149 4405 1222 4462 uon
1245 4384 1383 4481 possum
1419 4381 1506 4524 qupn
