3609 5500
594 793 612 836 η
714 735 820 828 Srcr'tl.
844 751 877 826 Ι.
910 743 915 754 ’
960 737 968 747 ’
1359 769 1411 850 53

186 930 375 1032 plerarum
392 927 613 1030 principem,
638 952 754 1006 novae
770 932 828 1006 seu
844 931 1018 1006 coelestis·
1030 929 1261 1006 oeconomiae
1280 929 1405 1007 condi·
1497 940 1504 950 “

188 1049 322 1117 rorem,
350 1029 411 1101 seu
426 1028 576 1102 Veteris
590 1027 879 1118 reformatorem,
908 1029 1015 1103 instar
1031 1029 1143 1103 Mosrs
1169 1047 1207 1102 et
1224 1029 1343 1118 Eliae,
1368 1027 1411 1104 in

191 1128 331 1198 coelum
347 1147 510 1220 quoque,
526 1123 765 1221 praesentibus
781 1123 980 1219 discipulis,
996 1123 1103 1198 instor
1118 1123 1238 1214 Eliae,
1262 1127 1407 1198 elevem

191 1219 291 1311 dnm,
324 1219 585 1316 repraesentat,
618 1219 713 1294 simul
740 1218 917 1314 Christum
945 1219 1078 1316 ipsum,
1112 1245 1181 1318 qua
1205 1220 1411 1309 hominem,

189 1316 323 1392 intuitu
346 1315 545 1412 pastionum
566 1316 712 1390 subinde
733 1317 998 1411 perturbatum,
1022 1321 1317 1398 corroborarent
1333 1315 1408 1390 ani·

191 1433 285 1486 mare
310 1409 447 1508 potuit.
499 1415 665 1486 Ceterum
699 1434 782 1489 com
802 1409 917 1484 Eliatn
951 1429 1022 1488 tam
1047 1412 1123 1485 cito
1141 1409 1318 1498 oidilient
1341 1411 1407 1486 dis·

189 1527 392 1607 parentem,
416 1529 521 1602 quem
548 1507 671 1604 Judaei
693 1508 864 1603 putabant
888 1508 983 1581 inter
1008 1506 1112 1581 vivos
1135 1508 1267 1584 diutius
1294 1509 1411 1583 versa·

191 1626 326 1694 torum,
353 1626 397 1676 ac
416 1602 513 1676 viam
536 1603 684 1677 Meffiae
708 1619 930 1698 paraturum,
965 1603 1139 1677 Christum
1168 1603 1213 1678 de
1238 1627 1283 1678 eo
1305 1628 1408 1701 roga·

193 1719 290 1792 runt,
314 1719 355 1772 et
381 1698 589 1794 responsum
615 1699 787 1787 tulerunt,
811 1698 948 1772 venille
967 1698 1040 1796 jam
1065 1698 1200 1787 Eliam,
1224 1719 1264 1774 et
1287 1699 1411 1776 officio
1464 1719 1470 1756 1

197 1799 305 1892 probe
326 1791 492 1868 firnftom
516 1795 607 1885 else,
648 1792 706 1868 sed
723 1791 895 1888 rejectum
921 1813 961 1869 et
995 1798 1105 1870 mnltn
1120 1791 1281 1892 pamm,
1322 1795 1413 1870 srcnt

202 1905 237 1965 et
255 1890 332 1965 filio
362 1888 522 1964 hominis
546 1890 702 1967 eveniet.
751 1888 858 1964 Unde
883 1890 930 1964 de
959 1891 1125 1988 Jolranne'
1147 1889 1301 1989 baptiste
1326 1889 1413 1968 inno

198 1985 462 2084 intelligendum
487 1986 557 2061 elle
581 1988 809 2086 collegerunt.
1112 2008 1115 2016 ’
1264 2020 1267 2030 ·

205 2095 211 2104 ’
236 2081 268 2182 5.
294 2081 462 2158 L11.De
486 2101 611 2156 monte
636 2080 846 2179 adireliqoor
867 2081 1055 2181 discipulos
1079 2084 1258 2176 reversus,
1284 2105 1413 2184 magna

196 2177 256 2276 jam
278 2177 471 2254 hominum
499 2181 600 2253 turba
625 2178 780 2268 cinctos,
803 2177 886 2273 qui,
911 2178 1001 2254 fama
1029 2179 1159 2256 Christi
1181 2205 1248 2277 per
1274 2205 1317 2256 ea
1333 2183 1413 2256 loca

193 2277 321 2446 fsparso,
347 2298 395 2348 eo
420 2273 683 2367 confluxerant,
708 2273 941 2366 Lanaricum,
968 2275 1027 2371 qui
1056 2276 1159 2351 multa
1178 2275 1289 2374 poffits
1313 2299 1411 2371 erat,

207 2371 326 2444 cilicet
350 2396 374 2444 a
397 2373 606 2459 Daemone,
634 2395 738 2468 quem
763 2370 924 2469 discipuli
949 2370 1098 2446 liberere
1123 2393 1196 2444 non
1218 2382 1413 2469 poterant,

197 2467 348 2558 ramvit,
371 2465 557 2564 postquam
580 2465 688 2541 fidem
710 2464 822 2540 Patris
846 2466 921 2562 ejus
943 2459 1135 2556 olicuiffet,
1161 2485 1198 2540 et
1222 2470 1411 2570 adiscipu·
1568 2539 1572 2550 .

197 2563 237 2636 lis
250 2562 388 2636 interro
433 2581 512 2653 tus,
539 2585 647 2660 quare
669 2561 734 2659 ipsr
760 2583 833 2636 non
846 2558 1055 2658 potuerint,
1070 2568 1155 2664 fidei
1179 2563 1356 2642 defetlum
1371 2569 1412 2642 in

197 2657 294 2732 ‘causa
317 2657 372 2731 fui
400 2684 421 2732 e
446 2659 621 2750 declarat,
661 2657 809 2750 addens,
848 2658 940 2756 apud
963 2661 1079 2735 Marc.
1105 2661 1168 2734 lX:
1196 2681 1276 2753 29„
1318 2665 1414 2738 unde

195 2754 236 2830 ad
257 2756 371 2828 Matt.
396 2756 519 2830 XVII:
545 2777 625 2846 nn,
662 2754 724 2829 ubi
753 2756 872 2829 locum
895 2778 969 2830 non
1003 2756 1139 2854 reperit
1162 2760 1414 2851 commodum,

193 2850 249 2924 est
273 2848 476 2925 tnnssntum
497 2874 566 2948 per
589 2845 768 2941 librarios,
809 2853 867 2924 loc
887 2876 992 2947 genus
1015 2856 1215 2928 daemonum-
1232 2878 1294 2925 non
1319 2863 1413 2928 rrr're

198 2943 268 3037 rrifi
290 2948 437 3039 procilos
459 2963 489 3017 rt
504 2947 595 3043 fide3
639 2970 708 3045 qua
731 2946 920 3039 discipulos
942 2946 1090 3019 camille
1120 2945 1228 3019 modo
1256 2948 1414 3023 dixerat:

194 3040 292 3139 (pro
315 3068 414 3121 rrrrru
434 3040 523 3116 enim
552 3043 623 3138 leg.
655 3039 797 3117 videtur
826 3060 930 3127 mrem
956 3037 1089 3113 renim
1123 3057 1167 3113 et*
1184 3065 1231 3129 rr,
1263 3058 1305 3113 ut
1338 3062 1417 3131 etr,

192 3158 238 3211 nc
259 3168 273 3207 ι
294 3136 401 3212 facile
415 3156 679 3235 permutantur,
705 3167 729 3212 a
748 3136 975 3234 exsequente
992 3158 1107 3227 voce,
1139 3158 1220 3210 cunr
1239 3136 1413 3218 ealitrem

192 3230 417 3329 incipiente,
442 3254 521 3307 orta
546 3229 628 3333 est.)
658 3234 776 3309 'Sicut
799 3256 924 3328 precer
948 3254 1028 3307 cum
1053 3230 1124 3305 fide
1148 3255 1290 3330 quoque
1306 3258 1416 3333 copri-

195 3328 310 3403 lantur
339 3330 452 3404 Mart.
483 3328 584 3404 XXI:
621 3352 679 3404 nn.
719 3327 845 3441 quibus
882 3322 996 3402 omnis
1028 3326 1160 3427 petitio
1203 3329 1414 3425 impetratur.

196 3422 296 3501 Hinc
317 3446 390 3523 per
413 3426 609 3509 Galilaeam.
627 3425 864 3522 superlorem,
889 3426 949 3499 seo
973 3424 1301 3524 septentrionalem,
1336 3448 1413 3504 ten·

195 3520 301 3611 deor,
325 3520 539 3619 paffionibos
563 3519 652 3611 suis,
677 3522 720 3596 ad
745 3520 998 3617 Apostolorum
1027 3518 1225 3607 tristitiam,
1251 3546 1289 3595 re
1316 3526 1416 3603 eritis

196 3614 235 3691 in
257 3616 415 3707 itinere,
447 3616 551 3691 venit
574 3617 691 3717 denuo
714 3620 1011 3715 Capemaumom,
1052 3632 1136 3689 eta
1165 3616 1264 3691 didm
1312 3624 1417 3696 matis

197 3711 445 3788 collecloribor
515 3736 533 3784 r
560 3714 710 3786 Petrum·
724 3730 889 3808 rogatus,
930 3732 1013 3786 num
1038 3732 1109 3786 non
1134 3712 1309 3787 tribunum
1331 3716 1415 3806 illurl

193 3806 372 3899 solveret,
393 3810 411 3907 j
476 3824 511 3898 t,
536 3824 580 3883 no
589 3809 731 3899 Petrus,
758 3808 855 3905 pisce
871 3804 998 3905 capto,
1024 3826 1061 3881 et
1074 3808 1202 3904 florere
1218 3808 1267 3885 ibi
1288 3811 1415 3891 inven-

194 3922 252 3995 to,
277 3905 364 3979 illud
414 3928 458 3980 ro
482 3906 518 3979 se
542 3923 581 3977 et
604 3906 711 3979 Petro
735 3905 889 3995 faceret,
915 3905 1001 3979 licet
1024 3926 1092 4003 qua
1111 3904 1206 3999 filios
1233 3910 1347 4005 regis,
1370 3914 1415 3986 ad

194 3997 318 4075 idnon
343 3929 435 4077 eliet
457 4000 652 4110 obligatur.
678 3998 937 4111 Matt.XV113
963 4020 1077 4093 24.-
1101 3999 1332 4090 Didrach'ma,
1357 4008 1417 4079 seu

194 4096 452 4190 Semi-liclum,
487 4096 662 4192 intelligi,
704 4098 892 4193 Jehovae,
926 4118 965 4169 m
998 4096 1094 4171 usum
1120 4098 1213 4169 Tem
1243 4101 1266 4171 li
1296 4103 1417 4171 et‘Sa·

189 4212 351 4293 uotum,
373 4198 421 4279 ab
443 4190 621 4273 omnibus
644 4192 813 4364 lfiaelit‘g
835 4192 959 4271 offerri
983 4191 1169 4294 quotannis
1234 4193 1357 4284 lituro,
1373 4204 1420 4287 ,er

835 4311 858 4385 3
1346 4310 1424 4373 non
