3609 5500
703 911 707 918 '
799 901 908 983 Satul.
933 907 987 984 ΙΙ.
1066 923 1071 932 “
1398 984 1402 990 .
1432 923 1527 1005 ⁵37·

285 1083 371 1163 deni
391 1080 612 1174 adtribuere,
647 1081 742 1179 qnod
768 1082 917 1161 Tertull.
934 1083 1158 1174 Valentino,
1190 1084 1248 1159 sed
1264 1084 1508 1173 Ptolemaeus,¹

285 1203 327 1258 ut
349 1205 434 1259 mox
460 1182 594 1268 dicam,
619 1183 767 1275 primam
792 1183 1058 1275 quaternionem
1084 1204 1233 1255 aeonum
1257 1183 1304 1252 ita
1331 1185 1509 1277 interpre·.

284 1298 398 1367 tatur,
421 1282 580 1371 aquibus
596 1278 659 1347 reli
684 1300 747 1349 uae
767 1298 896 1348 aeones
911 1277 1122 1374 discrepant.
1167 1276 1370 1349 Colorbasus
1387 1297 1506 1350 autem

286 1394 326 1447 et
349 1372 550 1469 Epiphanes
574 1303 735 1445 Gnoiici
768 1390 936 1444 notantur
963 1373 1048 1462 soli,
1082 1374 1143 1469 qui
1166 1378 1321 1448 διαθίσιις
1345 1382 1399 1444 aas
1417 1370 1507 1445 durus·

286 1499 357 1570 pne
380 1468 559 1565 potentias
573 1468 823 1541 intellexerunt
841 1490 906 1562 per
922 1490 1067 1546 aeones:
1095 1470 1171 1557 sed,
1195 1491 1231 1543 ut
1249 1467 1343 1559 dixi,
1369 1472 1407 1543 in
1430 1467 1508 1541 ani.

284 1592 349 1644 mo
366 1567 564 1638 habuerunt
579 1563 708 1661 partim
723 1561 940 1656 adsessiones,
967 1564 1095 1660 partim
1115 1568 1345 1640 ettranutitnes.
1396 1589 1427 1640 ι.
1448 1564 1505 1636 In·

285 1657 444 1738 mensum
468 1660 564 1733 enim
589 1659 684 1731 inter
699 1681 827 1731 aeones
844 1658 1036 1736 statuerunt
1060 1659 1266 1752 discrimen,
1299 1684 1379 1736 cum
1405 1664 1505 1747 Nun,

287 1758 347 1833 seu
368 1779 625 1852 monogenem,
648 1755 992 1828 solumcensuerunt
1016 1756 1319 1855 comprehendisse
1342 1759 1505 1843 Patrem,

289 1851 441 1930 caeteris
478 1854 644 1924 aeonibus
677 1849 1062 1945 inconprehensibilem.
1116 1875 1149 1926 2.
1182 1851 1335 1951 Sophiae
1367 1873 1505 1950 pertur-

287 1951 406 2038 batio,
431 1947 513 2021 inde
539 1971 581 2020 ue
598 1965 675 2018 orta
691 1965 805 2018 mater
822 1947 1023 2033 Achamoth
1042 1967 1079 2022 et
1097 1948 1261 2037 materia,
1285 1948 1411 2045 absque
1433 1971 1505 2046 quo

290 2042 482 2145 personalis
506 2066 539 2116 ei
577 2043 750 2115 tribuatur
781 2041 1015 2133 subsistentia,
1053 2044 1155 2140 plane
1187 2043 1339 2139 intelligi
1370 2044 1508 2141 nequit.

293 2165 330 2237 3.
354 2136 576 2214 Frustraneus
598 2149 738 2234 quoque
763 2136 834 2210 sine
859 2137 925 2217 hac
950 2139 1139 2236 hypothesi
1164 2137 1258 2215 soret
1290 2139 1415 2229 horum
1440 2142 1507 2226 hot·

267 2238 425 2318 utinum
451 2253 619 2323 conatus,
651 2257 732 2309 cum
757 2236 924 2310 materiae
949 2254 987 2307 et
1011 2235 1091 2309 mali
1118 2236 1295 2331 originem
1320 2259 1508 2332 exponere

289 2330 471 2409 inanimo
495 2329 711 2417 habuerint,
737 2329 927 2424 absqueut
952 2329 1035 2402 Deo
1058 2331 1248 2409 inmediate
1275 2331 1506 2410 adtribuatur.

292 2452 330 2522 4.
353 2427 517 2534 Denique
538 2427 694 2521 pleroma
709 2423 865 2498 divinam
882 2424 1128 2521 complestitur
1145 2425 1411 2508 oeconomiam,
1439 2425 1507 2499 est·

294 2545 364 2622 que
379 2523 571 2619 spirituum
591 2523 930 2610 consummatorum,
964 2524 1024 2592 seu
1048 2518 1230 2596 hominum
1255 2520 1507 2617 spiritualium,

291 2619 570 2715 receptaculum,
593 2619 753 2713 adeoque
778 2637 850 2688 non
873 2615 1261 2710 adfeebonesuntum,
1287 2617 1344 2691 led
1363 2636 1399 2692 et
1414 2642 1510 2695 ema·

292 2718 481 2799 nationes,
501 2714 828 2808 Deieomplexum.
1497 2762 1500 2787 ι.

302 2832 306 2839 ·
338 2809 370 2909 s.
402 2810 543 2903 CLXX.
581 2811 727 2911 Quarta
759 2806 911 2903 denique
945 2808 1149 2907 hypothefis
1188 2808 1323 2901 habet,
1364 2817 1509 2911 supplan

294 2906 484 3005 syzygias,
507 2903 894 3000 conjunstiones-maris
911 2924 947 2975 et
957 2905 1154 2994 foeminae,
1182 2903 1297 2976 sistere
1322 2909 1504 2984 subsisten-¹

290 3006 379 3093 t'ras',
412 3025 491 3076 eum
515 2999 865 3073 adfectionibussuis.
916 2998 976 3073 Sic
1000 3000 1100 3090 duas,
1144 3023 1227 3095 quas
1253 3003 1347 3090 hyalo
1380 3007 1504 3076 mulie·
1562 3073 1571 3089 ,

291 3100 351 3173 re's
386 3098 523 3173 dabant,
546 3096 737 3169 Ptolemaei
771 3091 951 3189 discipuli,
995 3095 1068 3189 ejus
1102 3094 1170 3175 ell'e
1202 3097 1506 3170 tresbacensi.

293 3195 397 3307 ιιῖμικ
420 3193 614 3290 adfeslt'ones
638 3210 671 3263 et
692 3193 851 3287 potentias
873 3189 1035 3263 adfirmat
1061 3191 1152 3263 lren.
1180 3189 1208 3258 l.
1241 3211 1319 3278 ra,
1344 3194 1438 3288 quod
1457 3218 1505 3292 ex

291 3292 460 3367 altoloco
484 3291 530 3361 ll:
563 3310 618 3361 12.
645 3287 856 3361 adfirmatur.
906 3286 1036 3455 gustata
1056 3283 1127 3372 est,
1159 3283 1504 3387 primamntraslpn',
1574 3364 1584 3383 ,

288 3386 555 3486 quaternionem
585 3406 733 3456 aeonum
770 3379 890 3455 summi
953 3382 985 3454 ei
1013 3380 1206 3467 adtributa,
1245 3379 1392 3477 reliquas
1414 3411 1505 3463 vero

290 3491 419 3572 aeonas
448 3481 559 3553 varias
582 3502 660 3551 com
691 3479 884 3553 rehendere
909 3477 978 3551 Dei
1014 3482 1272 3563 emanationes,
1311 3479 1394 3553 alias
1427 3482 1503 3559 aliis

291 3575 580 3662 excellentiores,
621 3504 688 3647 sei
711 3599 833 3648 omnes
859 3575 941 3646 Deo
965 3573 1164 3653 inferiores.
1212 3569 1332 3740 ¹(quam
1363 3569 1502 3674 insigne

291 3673 507 3763 discrimen,
548 3694 618 3764 quo
651 3690 800 3763 quatuor
830 3669 959 3766 primas
992 3692 1117 3745 aeonas
1149 3669 1346 3764 aretquis
1377 3671 1503 3753 d'strre

291 3766 517 3854 censuerunt,
542 3770 632 3839 clare
657 3763 879 3838 demonstrat.
926 3765 1021 3836 Solus
1038 3765 1139 3851 Nus,
1162 3761 1278 3857 inquit
1303 3766 1395 3839 lren.
1416 3770 1446 3843 l.
1466 3793 1500 3849 c.

311 3862 465 3951 erundum
497 3885 547 3934 eos
575 3861 794 3933 delellabatur
827 3861 939 3933 videns
973 3859 1132 3943 Patrem,
1183 3873 1215 3926 et
1250 3864 1503 3953 anagnitutlt’nrm

286 3954 563 4060 ejusr’nmensam
582 3954 784 4047 confidemus
799 3954 1014 4042 exsultabat,
1046 3953 1157 4049 reliqui
1181 3974 1294 4036 aeonas
1314 3956 1420 4030 omnes
1439 3978 1504 4038 ta·

294 4061 359 4132 'cite
391 4052 620 4148 ,quodammodo
653 4048 876 4143 defiderabant
911 4050 1103 4144 prolatorem
1140 4043 1280 4142 seminis
1305 4046 1365 4146 sui
1395 4058 1503 4131 uidere

289 4171 391 4237 etc,
433 4149 524 4222 unde
549 4179 607 4226 nse
640 4150 810 4246 sparteus
828 4159 893 4225 ,leot
925 4147 1130 4241 πςοζιὶλλοντι
1149 4141 1270 4236 flatilis
1292 4161 1335 4217 at
1350 4154 1507 4243 aequalis

285 4243 464 4347 proferenti
489 4243 630 4320 dicitur.
679 4244 748 4316 Sed
773 4267 837 4340 per
864 4269 929 4317 nun
953 4263 985 4317 er
1011 4247 1195 4324 uletlteiun,
1228 4238 1288 4310 seu
1313 4259 1446 4315 mentem
1474 4259 1508 4319 el

289 4348 484 4424 acritatem,
508 4362 581 4431 non
602 4341 853 4418 intellexerunt
882 4339 1010 4429 Filium
1036 4359 1083 4432 et,
1098 4333 1271 4436 Spiritum
1288 4335 1331 4419 5.
1369 4360 1402 4435 ι.
1421 4342 1511 4509 quia

340 4436 429 4513 Tum.
452 4434 527 4515 ΙΙΙ.
858 4436 961 4544 Υγιγ
1447 4457 1517 4528 uaq
1553 4470 1652 4818 Ι
