3609 5500
548 893 621 988 7⁸⁸
931 867 1081 974 ffistoria
1105 867 1235 986 Eccles.
1264 870 1378 976 Christ.

554 1055 728 1144 Herculei
745 1051 908 1146 ditione,
942 1052 1043 1128 Italia
1067 1073 1156 1152 puta
1172 1073 1212 1129 et
1227 1053 1372 1151 Africa,
1407 1057 1525 1134 miotu
1547 1053 1654 1133 firill'e
1679 1056 1734 1135 tel

559 1178 738 1248 mentem,
776 1177 822 1227 eo
845 1148 1059 1250 potissimum
1084 1151 1334 1244 fundamnto,
1378 1158 1473 1253 quod
1497 1159 1734 1253 inperatore

560 1255 679 1334 minut
703 1245 848 1339 urserit,
887 1250 1052 1348 quodque
1075 1248 1142 1322 alia
1173 1249 1289 1326 edeta
1313 1250 1368 1328 ibi
1392 1252 1524 1327 luerint
1547 1257 1734 1351 promotga

565 1372 604 1430 et
631 1344 820 1424 Christiani
847 1347 918 1422 alio
942 1369 1014 1420 noo
1039 1344 1160 1420 vexati
1184 1347 1350 1439 nomine,
1388 1374 1491 1448 quam
1521 1350 1619 1446 quod
1643 1355 1734 1424 celiel

567 1443 852 1534 celebraverint,
885 1444 943 1516 vel
961 1443 1067 1517 libros
1092 1442 1207 1517 sacrot
1231 1444 1368 1520 tradere
1398 1446 1665 1536 recusaverint,
1707 1447 1734 1520 sn

450 1591 466 1610 .
573 1569 620 1622 ex
641 1541 705 1632 iis,
743 1563 832 1637 quae
855 1539 892 1611 in
923 1538 1046 1613 Africa
1066 1536 1164 1633 gesta
1186 1538 1288 1629 sunt,
1331 1542 1475 1640 colligit
1526 1542 1594 1615 Cui
1629 1542 1731 1638 opini

573 1640 645 1718 sese
670 1637 836 1736 opposuit
860 1634 1040 1722 teutone,
1064 1657 1132 1708 nec
1149 1639 1258 1711 male:
1285 1639 1402 1712 variae
1419 1639 1515 1714 enim
1532 1636 1731 1711 rationese

575 1734 648 1814 ialsr
676 1727 889 1809 convincere
922 1753 961 1804 et
996 1728 1082 1802 mihi
1115 1732 1303 1817 videntum
1353 1757 1437 1830 quas
1465 1735 1579 1807 verbo
1606 1734 1734 1829 proser.

579 1855 613 1910 1.
639 1828 796 1906 Laetam.
821 1849 855 1899 c.
883 1849 940 1915 15.
967 1826 1223 1900 Maximianum
1259 1828 1367 1900 edidis
1398 1827 1520 1926 tmifflr
1551 1831 1717 1903 lubentem

575 1926 674 2024 reiffe
693 1945 751 2020 per
772 1921 934 2013 Italiam,
957 1924 1111 1997 iotuioem
1136 1947 1195 1997 noo
1219 1925 1295 1997 adeo
1321 1926 1525 2014 clementem,
1568 1924 1651 2021 ipsit
1682 1950 1734 1998 vei

579 2022 727 2111 adserit,
761 2041 835 2091 uon
859 2018 975 2116 itaque
992 2041 1103 2107 nora,
1128 2041 1165 2091 et
1182 2020 1267 2092 clius
1288 2025 1446 2115 generis,
1478 2019 1538 2094 sed
1563 2014 1711 2109 eadem;

580 2121 670 2198 adeo
692 2114 871 2190 moderate
895 2139 936 2189 ac
955 2114 1146 2187 clementer
1162 2116 1368 2188 executioni
1385 2115 1574 2191 mandavit.
1602 2118 1663 2189 Sic
1682 2141 1713 2192 c.

580 2235 647 2294 ms
665 2205 888 2310 acerbiffimas
916 2210 1037 2306 beslius
1056 2231 1228 2284 memorat
1262 2208 1474 2303 saevientes,
1514 2211 1734 2287 Diocletiani

582 2309 825 2397 Herculeum,
864 2324 901 2379 et
930 2306 1117 2381 Galerium.
1170 2328 1204 2380 a.
1238 2307 1361 2402 Optat.
1386 2304 1539 2382 Milevit.
1567 2329 1695 2382 contra
1725 2310 1734 2381 l

494 2472 500 2480 .
584 2425 657 2486 nat.
681 2403 796 2480 1:111.
848 2401 1064 2477 Christianos
1086 2399 1184 2476 vario
1207 2402 1349 2475 nomine
1372 2400 1410 2476 iu
1440 2404 1568 2478 Africa
1602 2404 1675 2476 hoc
1712 2425 1734 2477 tt

635 2526 675 2577 re
698 2495 797 2574 fuisse
822 2517 987 2588 vexatos,
1013 2497 1170 2593 adeoque
1195 2515 1233 2570 et
1258 2521 1323 2586 eo,
1346 2500 1439 2595 quod
1466 2496 1656 2574 Christiani
1671 2500 1734 2574 effe

584 2599 684 2676 idolis
705 2593 885 2669 noluerint
903 2591 1109 2680 sacrificare,
1142 2613 1212 2667 etc.
1237 2595 1327 2666 clare
1343 2592 1494 2669 testatur.
1547 2594 1643 2683 Alii,
1671 2598 1734 2690 inq

586 2697 787 2793 urgebuntur
809 2690 929 2784 reotpla
951 2688 1019 2762 Dei
1040 2691 1108 2764 vivi
1122 2686 1333 2786 subvertere,
1370 2694 1432 2765 alii
1465 2688 1629 2787 Christum
1664 2715 1734 2786 orgi

587 2798 651 2870 aiii
676 2792 772 2866 thura
789 2805 918 2881 ponere.
971 2789 1157 2882 Comparat
1181 2808 1318 2882 quoque
1340 2785 1422 2863 ibid.
1446 2784 1728 2897 persecutionem

589 2884 814 2968 Diocletiano
837 2902 875 2956 et
909 2881 1130 2957 Maximiano
1162 2904 1242 2955 cum
1266 2881 1337 2979 urso
1370 2882 1567 2974 saeviente,
1609 2906 1678 2958 nec
1709 2887 1734 2957 ui

592 2985 792 3065 edidlorum
829 2999 1002 3053 memorat
1044 2976 1285 3052 differentiam.
1350 3003 1382 3074 3.
1424 2980 1528 3054 Unde
1562 3002 1730 3077 argumen

592 3080 772 3164 Dodwelli
795 3072 897 3151 facile
922 3077 964 3149 fit
984 3076 1114 3166 solutu,
1146 3073 1239 3170 quod
1257 3074 1385 3166 habet,
1423 3076 1461 3150 in
1486 3075 1607 3151 Africa
1639 3100 1702 3150 eos

622 3207 665 3257 ua
688 3167 903 3252 Christianos
934 3172 1033 3247 fuiffe
1060 3169 1189 3268 passos,
1221 3172 1301 3266 quia
1326 3196 1399 3247 nou
1420 3174 1656 3270 rogabantur,
1681 3173 1734 3247 effi

594 3303 641 3356 ne
673 3268 885 3360 christiani,
926 3268 984 3343 sed
1017 3292 1059 3342 an
1095 3270 1239 3343 coliedas
1264 3265 1427 3360 fecerint,
1462 3269 1651 3366 scripturas
1684 3273 1734 3341 nii.

595 3379 758 3458 iubeant,
803 3385 842 3438 ut
863 3364 915 3439 est
946 3367 983 3438 in
1008 3364 1108 3439 Aliis
1131 3363 1308 3437 Saturnini
1341 3387 1413 3439 etc.
1447 3389 1468 3438 a
1501 3367 1644 3440 Baluzio
1676 3367 1734 3439 edi

596 3471 635 3546 in
653 3463 803 3540 Miscell.
830 3486 864 3554 p.
891 3465 920 3536 l.
972 3461 1158 3536 Christiani
1183 3461 1278 3533 enirn
1303 3462 1401 3535 vario
1423 3460 1529 3535 modo
1551 3463 1595 3538 ad
1628 3462 1734 3536 conse

594 3580 774 3642 nemcom
805 3556 1016 3645 elebantur,
1048 3559 1105 3631 alii
1148 3555 1216 3631 uod
1238 3556 1429 3632 sacrificare
1446 3559 1598 3648 nollent,
1635 3557 1692 3631 alii
1715 3581 1734 3657 q

551 3702 560 3723 x
599 3654 762 3741 colieiias
777 3578 935 3726 iacerent
951 3669 1040 3740 etc,
1065 3582 1226 3726 neiolum
1246 3657 1291 3725 ob
1307 3677 1438 3726 nomen
1457 3653 1630 3752 Cluisiiaoi
1647 3653 1731 3728 vide

598 3782 659 3838 cur
684 3777 745 3830 eos
767 3748 957 3849 persequi,
998 3747 1057 3824 sed
1088 3750 1129 3824 ab
1161 3748 1203 3825 iis
1234 3748 1317 3847 quid
1348 3747 1428 3823 fieri
1460 3753 1678 3840 voluerunt,
1715 3776 1734 3847 e

597 3850 812 3935 Christianae
837 3846 1002 3943 religioni
1029 3848 1262 3936 contrarium,
1287 3864 1325 3919 et
1348 3846 1537 3942 paganicae
1560 3866 1635 3921 erat
1669 3871 1734 3921 con

595 3971 761 4033 taneum3
787 3961 825 4015 ut
848 3945 898 4016 ita
923 3945 1103 4037 legitimam
1128 3945 1401 4038 praetenderent
1425 3943 1628 4017 vexationis
1659 3950 1734 4017 caui

601 4049 681 4152 quia
712 4037 834 4115 edidis
863 4039 1105 4132 Imperatorum
1132 4039 1275 4112 obedire
1297 4037 1509 4116 recusabant
1599 4065 1640 4113 ua
1665 4042 1734 4115 sata

591 4169 677 4227 ¹arte
703 4135 872 4227 deinceps
895 4135 1016 4228 paim
1047 4133 1094 4206 usr
1122 4134 1218 4223 sum,
1256 4131 1368 4206 etiam
1393 4128 1489 4210 inter
1511 4135 1732 4211 Chnstiaoos

603 4248 677 4327 sos,
708 4227 973 4331 persecutores,
1004 4228 1134 4325 quippe
1152 4229 1209 4323 qui
1223 4225 1416 4322 opiniones
1441 4232 1513 4306 finan
1529 4255 1593 4327 per
1614 4232 1734 4306 Princi

598 4342 740 4421 decreta
765 4325 1025 4419 curareiolent
1042 4322 1265 4419 confirmari,
1288 4344 1328 4403 et
1340 4325 1427 4406 dein
1443 4327 1708 4421 mentm,
1728 4386 1734 4397 .

1623 4425 1731 4504 haere
