3609 5500
253 432 1636 730 -ι-

667 913 673 924 ’
797 915 906 995 Serus.
930 917 975 991 1·
1430 935 1502 1016 277

315 1092 442 1170 risorem
466 1087 639 1194 spirante,
664 1094 798 1194 quippe
815 1098 908 1195 -qui,
932 1092 1038 1180 instar
1065 1094 1197 1185 leonis,
1229 1091 1362 1173 vastare
1391 1121 1497 1175 cona‘

315 1209 355 1264 tur
372 1192 418 1266 est
434 1193 644 1283 Ecclesiam,
669 1217 812 1285 curans,
839 1214 879 1268 ut
904 1196 1034 1266 carceri
1063 1191 1360 1284 suerintinclus13
1387 1195 1434 1269 ib.
1462 1219 1496 1292 3.

311 1305 361 1358 uec
378 1288 628 1387 Hierosolymis
654 1308 810 1380 tantum,
845 1312 968 1363 verum
991 1287 1028 1362 in
1055 1287 1190 1361 exteris
1217 1313 1356 1385 quoque
1380 1290 1497 1387 regio·

310 1381 406 1470 illrum
437 1383 491 1456 uti
516 1408 562 1458 ex
588 1383 718 1458 itinere
742 1385 816 1481 ejus
840 1384 1046 1458 Damascum
1071 1384 1182 1479 liquet
1208 1405 1238 1456 c.
1266 1386 1327 1459 IX.
1357 1405 1396 1458 ut
1421 1385 1498 1482 ipse

308 1473 412 1550 iuretur
432 1477 515 1553 Ant„
539 1480 676 1554 XXVI:
708 1503 763 1554 11.
790 1480 849 1554 ubi
873 1485 906 1555 ἐι
931 1483 988 1569 ἔξω
1012 1500 1144 1553 exterae
1170 1483 1266 1551 urbes
1295 1481 1372 1552 sunt
1398 1499 1498 1555 extra

308 1590 412 1681 terram
445 1574 678 1669 Judaeorum‚
720 1572 800 1649 stilo
826 1600 946 1651 eorum
979 1559 1086 1701 mi
1116 1592 1217 1662 nm
1242 1575 1375 1681 sNum
1407 1597 1496 1647 vero

306 1669 388 1764 tquur
404 1666 538 1743 filerr'nt
562 1670 621 1744 alii
639 1668 764 1759 occisi,
790 1696 861 1744 non
879 1671 1026 1747 constat.
1075 1673 1176 1743 Dicit
1193 1668 1332 1766 quidem
1352 1669 1495 1760 Paulus,
1581 1702 1585 1708 ·

312 1763 355 1853 se,
375 1787 442 1838 nrm
466 1769 704 1855 occiderentur,
728 1766 934 1863 suffragium
958 1764 1091 1853 tulisse,
1116 1764 1176 1840 seu
1200 1766 1425 1851 consenfill'e,
1458 1785 1497 1839 et

258 1929 272 1952 ι
306 1860 688 1956 remeoaddurilse„.c.
715 1863 852 1937 XXVI:
883 1888 938 1937 10.
963 1863 1021 1936 sed
1043 1862 1199 1935 oratorio
1220 1860 1355 1936 censeri
1373 1861 1493 1958 potest

309 1953 367 2028 usur
385 1953 480 2046 stilo,
521 1977 561 2031 et
583 1980 658 2031 rem
692 1957 934 2055 exaggerasse,
973 1955 1099 2053 plurali
1135 1979 1282 2030 numero
1311 1957 1493 2049 adhibito,

309 2050 353 2123 rel
371 2049 469 2124 etiam
489 2051 730 2127 intentionem
746 2055 839 2127 suam
864 2053 1069 2142 declarasse,
1094 2075 1195 2149 quam
1221 2051 1295 2147 ipse
1320 2074 1353 2125 c,
1376 2054 1494 2126 XXII:

310 2159 340 2234 ’4.
362 2143 456 2235 litit,
495 2148 695 2233 adymortem
728 2146 924 2224 tetendisse.
976 2147 1113 2223 Habuit
1146 2171 1233 2221 vero
1265 2144 1494 2243 singularem,

312 2243 771 2413 iic‘ililiepi‘lssli‘ls
779 2242 1243 2413 lalsslrilitlu
1268 2245 1495 2413 {trallis

310 2448 385 2520 tum,
405 2452 575 2521 mutatus,
600 2435 644 2507 de
666 2458 735 2530 quo
759 2433 860 2529 supra
878 2435 960 2531 egi,
984 2453 1021 2509 et
1039 2391 1201 2530 disciprili
1226 2431 1368 2529 dispersi
1387 2458 1493 2509 euan-

306 2525 410 2631 gelium
432 2551 497 2629 per
513 2528 697 2625 Judaeum,
723 2529 932 2620 Samariam,
961 2529 1167 2617 Galilaeam,
1195 2528 1351 2624 Syriam,
1376 2548 1414 2603 et
1439 2530 1494 2605 vi·

306 2640 370 2696 nna
385 2624 458 2698 loca
482 2625 781 2717 circumtulerint,
814 2624 992 2735 Apostolis
1016 2623 1272 2719 Hierosolymis
1296 2623 1356 2698 sub
1379 2625 1492 2725 fingu-

306 2713 576 2795 nivernen
604 2739 682 2795 tuto
710 2723 940 2796 manentibus.
992 2723 1157 2795 Ceterum
1184 2717 1310 2794 incidit
1332 2721 1493 2818 persecu·

304 2809 352 2884 tio
370 2811 403 2889 in
422 2838 502 2889 ann.
552 2817 626 2913 Caji
651 2823 809 2913 primum,
841 2819 936 2892 ΑΕΓ.
961 2817 1011 2892 V.
1040 2838 1096 2912 37.
1130 2817 1187 2890 vel
1211 2816 1345 2891 circum
1374 2815 1491 2912 circa,

305 2921 343 3011 ut
360 2930 396 2984 ex
415 2909 551 3007 epocha
574 2913 812 2986 conversionis
837 2910 952 3002 Pauli,
987 2913 1087 3009 supra
1111 2910 1241 3008 posita,
1265 2913 1443 2989 elucescit.

309 3052 313 3057 -
344 2998 631 3100 §ccxxxvii
671 3008 789 3082 Finita
811 3008 877 3081 hac
899 3007 1134 3096 adllillione,
1175 3016 1225 3081 lul
1248 3022 1399 3103 Στεφονῳ
1420 3010 1493 3097 ¹seu

303 3112 398 3205 cantro
414 3101 767 3210 Stephanumeximie
791 3102 884 3176 dista
907 3101 987 3175 Aer„
1014 3102 1078 3211 ill:
1108 3124 1186 3193 19.‚
1212 3104 1263 3175 uti
1289 3104 1385 3176 recle
1412 3127 1492 3176 ver·

303 3196 1492 3388 urrisuntristissimis,²sustulistis{tussit

303 3387 470 3483 temporie,
495 3410 582 3485 pace
651 3387 725 3463 visa
747 3387 798 3462 est
821 3386 976 3462 Ecclesia
1000 3383 1080 3459 Art.
1104 3386 1169 3460 Ill:
1197 3411 1255 3481 3¹·
1287 3412 1350 3484 per
1364 3388 1492 3485 septem

378 3506 502 3573 annor,
519 3507 606 3578 quan
633 3509 655 3556 o
663 3484 809 3581 secunda
825 3509 900 3556 eam
919 3480 1113 3577 corripuit,
1139 3484 1181 3554 ab
1198 3484 1344 3557 Herode
1360 3486 1490 3584 Agrip·

300 3575 523 3745 Emiullituta,
549 3580 653 3675 paulo
681 3600 761 3653 ante
785 3596 956 3668 mortem,
983 3578 1039 3650 sed
1065 3576 1211 3649 minoris
1232 3582 1426 3670 momenti,
1451 3602 1491 3658 et
1521 3597 1524 3603 '

375 3671 452 3748 ‘oris
480 3675 592 3749 adhuc
620 3673 811 3772 temporis,
843 3698 923 3749 cum
951 3692 1089 3769 practer
1116 3673 1286 3769 Jacobum
1312 3676 1490 3769 occisum,

295 3782 335 3839 ct
351 3768 485 3845 Petrum
507 3771 781 3862 incarceratum,
814 3766 873 3844 sed
897 3767 1102 3843 miraculose
1124 3766 1328 3860 liberatum,
1362 3775 1491 3848 nullum

294 3860 413 3959 legatur
434 3867 585 3941 intulisse
613 3870 794 3955 damnum,
827 3890 913 3962 rege
937 3864 1044 3937 etiam
1070 3863 1191 3949 brevi,
1231 3862 1390 3961 singulari
1417 3872 1490 3945 Dei

289 3956 435 4056 ¹J'trdicio,
458 3987 480 4034 e
503 3963 621 4036 medio
644 3962 784 4037 sublato.
837 3963 942 4057 Cujus
958 3956 1086 4032 notitia
1111 3982 1156 4033 ex
1174 3957 1256 4032 Aer.
1279 3962 1360 4036 Xll.
1384 3967 1494 4041 unice

290 4052 340 4129 est
365 4059 525 4153 petenda.
573 4059 631 4130 De
661 4057 808 4132 Herode
838 4056 1017 4152 Agrippa,
1063 4077 1166 4150 quem
1201 4055 1420 4154 Hippolytus
1451 4064 1492 4134 de

289 4149 440 4227 &oderim
465 4150 644 4250 Apostorrs,
672 4154 708 4227 in
733 4154 818 4228 edit.
871 4150 1022 4226 Fabricii
1047 4150 1117 4222 vol.
1146 4150 1175 4225 l.
1199 4156 1288 4224 male
1314 4177 1391 4225 cum
1408 4155 1486 4226 He·

287 4246 367 4319 rode
390 4250 606 4338 Tetrarcha,
632 4250 690 4321 seu
716 4250 870 4345 Antipa,
895 4244 1077 4334 confudit,
1101 4245 1207 4319 etiam
1227 4252 1349 4342 azajore
1371 4245 1488 4335 disto,

285 4341 415 4441 ‘jusque
439 4364 580 4440 morte,
603 4367 686 4421 cum
708 4344 747 4423 in
772 4343 866 4520 Hihldl.
893 4344 971 4439 Jud.
997 4343 1155 4443 egerim,
1178 4340 1489 4509 persecutionisasb

563 4474 567 4481 ·
864 4462 946 4536 1113
1257 4451 1263 4467 ·
1409 4458 1493 4532 ipo
