3609 5500
528 783 531 788 '
934 786 946 810 Ι

697 975 704 986 ·
818 925 928 1020 Secrll.
944 943 998 1018 ΙΙ.
1353 917 1356 923 ’
1454 963 1529 1041 529

290 1121 318 1196 l.
346 1059 436 1195 Vlli
461 1141 496 1216 p.
524 1119 813 1217 337.'pr0tulisse
844 1122 1033 1196 suffecerit.
1083 1119 1187 1214 Signa
1213 1119 1354 1215 Spiritus
1380 1123 1438 1215 S.,
1471 1124 1521 1199 ita

291 1216 441 1301 sonant,
475 1219 666 1307 cursitarunt
684 1217 750 1314 sub
777 1220 904 1291 initiam
933 1220 1186 1310 praedicationis
1208 1218 1315 1311 Jesu,
1340 1220 1403 1316 sul
1423 1224 1523 1315 plura

290 1312 365 1408 post
389 1314 459 1405 ejus
486 1313 733 1408 aestuationem,
771 1312 880 1407 prrflea
906 1311 1017 1408 nasus
1041 1316 1217 1404 pauciora:
1258 1332 1462 1388 veruntamen
1487 1331 1521 1387 er
1609 1385 1611 1395 ,

293 1431 382 1484 nnnc
396 1407 480 1504 junt
506 1414 578 1504 rjus
604 1412 689 1501 apud
707 1431 829 1504 paucos
853 1407 1012 1504 uestigio,
1047 1411 1100 1501 qui
1118 1425 1280 1501 purgatas
1304 1412 1422 1482 itabant
1445 1415 1519 1483 ani·

295 1528 370 1580 arar
403 1508 519 1590 nerlu,
561 1522 592 1575 tt
624 1506 698 1577 ituit
732 1508 989 1577 conuenientibus
1024 1506 1209 1575 utlinnilrus.
1263 1505 1438 1599 Loquitur
1472 1506 1519 1580 de

293 1602 394 1674 dono
422 1600 680 1694 prophetandi3
707 1601 799 1696 quod
827 1602 983 1672 nondum
1006 1599 1077 1670 hoc
1104 1619 1264 1696 ternpore
1286 1600 1423 1673 cellall'e
1441 1599 1519 1698 qui·

292 1698 377 1771 dem
400 1694 511 1768 evicit
530 1696 700 1768 Dodwell.
727 1693 815 1769 Dill.
841 1695 1006 1793 Cyprian.
1032 1695 1147 1783 tha‚
1173 1715 1327 1768 attamen
1344 1695 1454 1771 rarius
1479 1715 1518 1771 et

294 1790 475 1867 insolitum
505 1790 625 1878 fuilsc,
668 1789 785 1863 versus
817 1791 875 1865 fin.
910 1791 968 1864 seu
1000 1788 1079 1883 poll
1113 1793 1266 1864 medium
1303 1794 1428 1882 seculi,
1471 1817 1517 1871 ex

291 1885 534 1964 Montanismi
568 1885 713 1957 historia
737 1886 837 1959 facile
865 1884 1062 1981 colligitur,
1099 1910 1198 1973 cum,
1242 1889 1420 1959 Montano
1450 1888 1518 1986 spi·

293 1986 406 2058 ritum
429 1982 680 2078 propheticum
707 1983 949 2075 praeferente,
976 1980 1151 2078 Ecclesiae
1168 1983 1327 2075 legantur
1354 2001 1518 2079 tanquam

292 2105 330 2154 re
354 2103 436 2152 nora
462 2078 659 2173 perculsae,
694 2077 781 2149 teste
804 2077 950 2178 antiquo
974 2094 1096 2149 autore
1120 2079 1211 2172 apud
1235 2077 1314 2150 nus.
1341 2079 1389 2151 H.
1415 2082 1437 2153 l.
1464 2082 1515 2156 V.

291 2195 328 2250 c.
358 2181 413 2248 16.
464 2172 671 2267 Prophetias
696 2191 733 2245 et
757 2172 909 2245 visiones
934 2171 1086 2246 nondum
1111 2167 1268 2260 cellalse,
1294 2172 1444 2271 liqueret
1468 2200 1515 2252 erc

289 2267 382 2346 'attis
413 2270 447 2342 S.
472 2270 686 2365 Perpetuae‚
727 2287 764 2340 et
788 2268 988 2355 Sociarum,
1022 2291 1108 2361 quae
1141 2292 1172 2342 a.
1200 2291 1280 2363 203.
1308 2270 1514 2368 martyrium

293 2363 409 2440 'ulfic
432 2364 529 2451 sunt,
566 2361 704 2435 iuriis.
732 2361 850 2456 stater.
879 2368 1026 2460 Martyr.
1061 2362 1246 2452 Ruinarti,
1286 2363 1332 2451 sr,
1366 2390 1422 2437 eas
1447 2392 1515 2462 pro

341 2458 522 2535 ontauistis
539 2479 610 2530 non
630 2456 698 2529 elle
720 2458 913 2549 habendas,
940 2456 1126 2531 constaret.
1174 2459 1264 2544 Sed,
1291 2458 1381 2531 dona
1398 2482 1515 2535 extra·

291 2554 469 2634 ordinaria
497 2555 553 2627 vel
587 2554 676 2626 nulla
702 2555 760 2626 vel
794 2577 868 2626 rara
896 2550 997 2626 fuisse
1023 2572 1184 2645 tempore
1210 2551 1398 2647 Origenis,
1434 2554 1511 2654 ipse

290 2653 421 2730 adserit
454 2650 491 2722 in
527 2652 661 2723 Comm.
695 2649 737 2724 ad
770 2651 874 2722 Prov.
906 2651 1032 2722 Salom.
1073 2650 1183 2742 Oper.
1218 2666 1241 2722 t.
1268 2650 1332 2725 111.
1365 2675 1444 2747 pag.
1471 2674 1510 2744 5.

286 2748 382 2826 edit.
418 2770 500 2819 nov.
528 2744 751 2841 Theophilus
782 2769 920 2845 quoque
957 2744 1000 2818 ad
1032 2742 1152 2818 Autol.
1188 2740 1219 2839 s.
1249 2753 1304 2824 18.
1332 2744 1368 2819 in
1395 2747 1510 2831 initiis

289 2846 363 2925 sec.
383 2840 576 2939 sequentis,
602 2842 791 2930 Autolico,
807 2839 945 2936 petenti
962 2842 1161 2934 exemplum
1182 2841 1313 2913 mortui
1333 2843 1513 2920 resuscita·

289 2942 345 3033 ti,
378 2940 420 3012 ad
446 2934 734 3010 resurrcsliotrem
769 2934 1089 3023 demonstrandam,
1130 2937 1180 3007 ita
1205 2934 1410 3027 respondet,
1450 2959 1513 3031 ut,

286 3037 426 3119 ‘nullum
458 3051 543 3105 tunc
574 3031 761 3120 exstitisse,
795 3030 942 3104 innuere
966 3029 1149 3116 videatur3
1192 3040 1296 3115 certe,
1328 3029 1512 3127 inquiens,

282 3132 419 3237 strui
448 3128 721 3223 repraesentarem
755 3128 892 3224 aliquem
919 3148 936 3196 e
964 3127 1098 3197 marteris
1130 3137 1291 3195 erucarum
1324 3138 1356 3196 er
1379 3127 1510 3223 rivum,

293 3254 353 3305 nec
376 3221 437 3301 irot'
458 3227 611 3298 crederes.

338 3322 370 3424 f.
397 3322 521 3396 CLXI.
547 3318 660 3391 Milhs
676 3316 783 3407 viris,
809 3314 987 3405 doflrinae
1006 3335 1043 3390 et
1062 3314 1206 3415 pietatis
1220 3315 1320 3392 laude
1335 3315 1515 3416 praestem

287 3421 406 3510 tibus,
433 3418 564 3512 quippe
592 3437 678 3509 quos
704 3414 801 3511 supra
823 3412 888 3493 suis
912 3413 999 3488 locis
1025 3413 1203 3502 recensui,
1226 3419 1356 3508 puritas
1383 3417 1509 3494 Eccle-

286 3518 381 3607 ¹fiae,
407 3536 473 3609 qua
490 3515 532 3584 ab
556 3508 751 3583 haeresibus
774 3510 886 3585 aliena
902 3508 971 3598 est,
997 3529 1034 3584 et
1048 3530 1119 3605 pan
1136 3511 1394 3602 Ecclesrastica,
1420 3539 1509 3613 quae

283 3602 289 3611 ’
318 3635 356 3685 er
377 3607 536 3685 haereses
559 3624 596 3678 et
621 3602 799 3680 schismata
825 3608 1004 3696 turbatur,
1037 3633 1124 3704 quae
1149 3608 1191 3683 ad
1218 3608 1357 3683 felicem
1384 3612 1510 3686 Eccle·
1622 3642 1628 3651 ·

286 3638 628 3787 1slaeconditionem
652 3703 797 3776 multum
823 3702 985 3792 confert,
1020 3725 1057 3776 et
1081 3703 1245 3783 accidens
1269 3706 1342 3806 ejus
1368 3703 1418 3775 est
1442 3728 1507 3777 no-

292 3799 419 3887 tabile,
444 3797 481 3870 in
505 3800 616 3870 lucem
638 3795 688 3868 est
709 3798 930 3892 proferenda.
982 3799 1156 3869 Dominus
1177 3796 1213 3868 in
1237 3798 1302 3892 Ep.
1328 3796 1369 3868 ad
1386 3798 1504 3890 Ephe-

293 3895 363 3971 fios
391 3892 502 3988 Apoc.
536 3895 583 3966 11:
621 3915 652 3964 u.
687 3899 719 3965 6.
770 3891 960 3962 Ecclefiam
991 3892 1221 3983 Ephesrnam,
1265 3913 1374 3986 quae,
1408 3892 1507 3974 sensu

318 3988 529 4091 rophetico,
563 4005 601 4058 et
627 3984 854 4075 secundario,
895 3984 1084 4069 Ecclesiam
1109 3985 1360 4074 universalem,
1401 3989 1506 4086 hujus

285 4112 329 4167 ru
346 4084 470 4187 primis
495 4082 622 4165 seculi,
647 4081 829 4175 expinxit,
863 4098 902 4151 ut
931 4079 1079 4174 opinor,
1111 4106 1130 4154 a
1154 4085 1299 4175 puritate
1323 4080 1504 4160 doslrinae

284 4183 425 4268 laudat,
450 4180 543 4276 quod
568 4178 669 4251 malos
694 4177 787 4250 ferre
814 4199 893 4248 non
907 4176 1087 4270 potuerit,
1121 4198 1157 4249 et
1184 4177 1506 4271 pseudo-apostolos

286 4276 550 4373 exploraverit,
569 4295 609 4346 ac
627 4272 824 4359 detexerit3
851 4269 1003 4366 denique
1020 4268 1399 4365 operaNic'olaitarum
1418 4276 1504 4350 odio

284 4372 461 4458 habuerit.
514 4372 567 4445 Ex
591 4391 660 4470 quo
689 4366 854 4466 colligere
872 4366 977 4453 licet,
1003 4365 1160 4444 haereses
1180 4367 1251 4445 hoc
1275 4384 1433 4463 tempore
1450 4371 1508 4444 fu·

313 4466 533 4561 antur.¹
889 4460 987 4554 er
1445 4466 1511 4564 rua
