3609 5500
841 973 948 1057 Setos.
973 927 1006 1056 s.
1320 1049 1322 1055 .
1465 999 1539 1078 149

293 1150 444 1249 seritur,
487 1173 525 1231 et
558 1149 838 1236 christianismus
871 1159 1099 1236 constituitur
1124 1176 1228 1251 utura
1270 1157 1359 1236 sicut
1393 1162 1522 1259 Ephess

290 1255 363 1332 lv:
391 1277 428 1346 5.
462 1251 631 1347 habetur,
670 1282 753 1330 unus
778 1259 957 1347 Dominus,
990 1284 1055 1330 ona
1072 1259 1180 1353 fider,
1220 1282 1303 1331 onus
1330 1260 1521 1355 baptismus.

287 1353 358 1428 Cui
388 1352 511 1448 itaque
536 1372 610 1423 non
633 1351 851 1444 adversatur,
893 1355 987 1450 quod
1013 1355 1133 1426 Paulus
1155 1355 1327 1451 baptisino
1352 1357 1523 1450 Johannit

287 1447 428 1523 unetos
452 1444 685 1543 baptizaverit
719 1449 756 1523 in
782 1449 927 1523 nomine
953 1447 1080 1522 Christi
1114 1449 1195 1521 Aet.
1222 1451 1320 1523 XIX:
1356 1470 1414 1538 25.
1440 1472 1523 1525 curn

288 1545 340 1620 ini
368 1566 448 1616 non
473 1540 606 1615 fuerint
630 1567 650 1617 a
699 1545 838 1619 ohanne
864 1544 1056 1640 baptizati,
1082 1543 1140 1616 sed
1168 1546 1243 1641 ejus
1266 1544 1443 1640 baptismo
1457 1549 1517 1620 ab⁴

288 1641 357 1717 iuti
385 1663 465 1735 quo
481 1655 643 1734 ternpore
694 1641 842 1714 ohannis
861 1642 1051 1737 baptismus
1074 1641 1146 1736 jam
1162 1641 1242 1713 ioeo
1267 1642 1518 1739 cesserat-bap

289 1737 403 1813 tisino
420 1733 573 1823 Christi,
600 1735 756 1830 adeoque
780 1737 985 1835 illegitimus
1010 1756 1047 1810 et
1064 1737 1174 1809 nulius
1196 1756 1280 1812 erat.
1331 1738 1522 1834 Accepisse

287 1853 413 1910 autern
442 1852 508 1904 eoa
530 1848 670 1926 praeter
687 1830 935 1928 inpositionem
964 1856 1127 1905 manuum
1152 1855 1291 1931 quoque
1309 1831 1520 1929 baptismum

288 1954 312 2006 a
338 1926 475 2015 Paulo,
509 1948 553 1998 ex
579 1947 673 1999 nexu
696 1926 865 2001 sermonis
894 1951 967 2010 non
993 1947 1147 2016 tanturn,
1180 1927 1300 2002 sedin
1325 1926 1450 2023 primis¹
1473 1951 1520 2005 ex

285 2041 338 2138 ’eo
361 2037 487 2217 indii,
507 2022 615 2192 'qugd
639 2026 811 2192 insontum
836 2023 985 2194 Dominii
995 2024 1084 2119 Jefo
1110 2022 1245 2099 suerint
1268 2027 1380 2098 titini:
1423 2026 1518 2120 quod

289 2143 333 2198 m
385 2143 408 2192 ο
457 2139 535 2190 nmo
589 2137 773 2192 atrmum
799 2141 873 2195 non
920 2144 962 2194 rra
987 2139 1054 2195 rat.·
1329 2173 1331 2178 -
1513 2149 1515 2154 ·

287 2245 295 2260 ·
340 2142 653 2316 §CXXXVIii
701 2214 818 2290 Fuisse
849 2145 1057 2313 badtifmum
1089 2238 1155 2311 per
1188 2214 1436 2290 inmerfionem
1477 2216 1517 2290 in

293 2331 442 2410 aquarn,
465 2329 510 2384 et
531 2332 606 2383 non
621 2309 897 2405 adpersionem,
923 2308 1198 2387 administratum
1214 2312 1253 2386 in
1269 2312 1423 2387 Ecclesia
1442 2313 1515 2410 pri·

292 2407 849 2581 &aridissimis
874 2409 1179 2578 rddidi?
1204 2408 1439 2577 biiii&
1458 2426 1519 2579 n?

408 2598 502 2768 m
518 2595 609 2769 fa
635 2528 792 2769 do
806 2529 1109 2771 nm
1136 2553 1254 2769 ott·
1277 2599 1515 2773 orooro

288 2716 798 2890 nd.v11.pQud⁰1i0m.
834 2794 901 2867 Vs.
936 2815 1075 2898 quoue
1106 2719 1316 2890 resdiciturj
1353 2795 1411 2866 De
1443 2756 1515 2891 qud

290 2891 306 2965 i
336 2888 409 2962 som
435 2886 580 2961 verbum
606 2889 752 2983 turstino
774 2893 948 2983 baptizare
973 2818 1137 2978 tedam,
1172 2891 1264 2987 quod
1317 2912 1358 2960 ro
1381 2889 1513 2984 otispm·

282 2912 383 3083 penne
404 2979 566 3079 nusquam
599 2987 790 3082 inscript.
818 2988 1019 3080 usurpatur,
1062 2986 1249 3079 nequidem
1330 3009 1398 3060 arc.
1428 2987 1514 3060 VH:

286 3092 328 3174 Ζ4.
356 3077 519 3152 securae
542 3081 715 3155 nonnullis
739 3083 851 3155 visum
879 3082 949 3153 est:
990 3105 1057 3153 nec
1082 3084 1124 3153 ad
1149 3079 1214 3154 ads
1232 3079 1400 3151 ersronem
1428 3103 1513 3151 con-

284 3178 336 3254 fu
362 3194 431 3245 ere
459 3173 587 3246 necesse
619 3176 691 3266 est,
733 3178 870 3249 obiter
901 3177 988 3247 millo
1022 3181 1151 3246 onitnot
1175 3107 1313 3244 Cidristo
1346 3196 1410 3265 per
1434 3176 1513 3263 bap·

289 3198 436 3371 arpinum
466 3266 621 3365 leguntur
653 3269 941 3368 adjuniiaeAdi.
968 3272 1100 3359 11:41.
1134 3288 1213 3341 curn
1240 3289 1305 3364 per
1331 3267 1513 3339 inmersro=

245 3386 248 3391 '
286 3390 378 3445 nem
407 3386 519 3461 aeque
550 3389 592 3441 ac
622 3367 876 3467 adspersronem
909 3366 991 3438 iliud
1024 3364 1102 3438 fieri
1135 3364 1315 3460 potuerit,
1359 3363 1513 3439 maxime

287 3482 372 3541 'ctrrn
404 3482 479 3535 non
505 3460 602 3537 srmul
635 3467 794 3559 legantur
821 3463 1032 3559 baptismum
1063 3458 1247 3556 recepisset
1294 3460 1393 3533 Num
1425 3485 1514 3534 vero

288 3558 449 3637 Christus
487 3558 599 3636 Matt.
633 3562 806 3634 xxvln:
845 3556 900 3649 19'.
941 3557 1125 3643 formulam
1155 3563 1188 3627 in
1223 3579 1333 3629 ttotnen
1359 3558 1507 3649 Patris,

286 3656 369 3732 filii
396 3682 440 3730 ac
471 3655 614 3750 Spiritus
638 3658 672 3731 S.
706 3658 921 3729 verbotenus
952 3651 1215 3750 exprimendam
1254 3651 1425 3743 voluerit,
1466 3676 1511 3729 an

286 3753 398 3829 sidem
429 3748 636 3847 simpliciter
669 3771 706 3825 et
732 3751 881 3847 scopum·
901 3749 1063 3844 baptismi
1095 3747 1319 3843 expresserit,
1362 3749 1511 3822 definire

286 3865 364 3925 non
388 3845 520 3937 ausim,
551 3870 631 3922 curn
657 3873 697 3921 ea
727 3847 873 3920 formula
896 3868 966 3918 non
992 3847 1150 3942 legantur
1176 3845 1223 3917 usr
1249 3844 1432 3939 Apostoli,
1455 3843 1509 3921 'in

314 3968 422 4019 enere
455 3947 493 4015 in
519 3968 630 4017 nornen
656 3942 770 4040 Christi
805 3942 1033 4040 baptizarint,
1077 3940 1203 4013 souin
1234 3940 1307 4035 ejus
1341 3941 1446 4014 fidem
1472 3960 1510 4017 et

288 3968 508 4129 dominam,
533 4042 655 4115 Paulus
682 4064 819 4150 quoque
846 4038 909 4111 vix
932 4036 1051 4110 dicore
1076 4055 1162 4107 tunc
1184 4036 1364 4130 potuerit,
1398 4039 1505 4134 suspi-

268 4136 434 4211 -eionem
464 4136 620 4232 potuisse
655 4137 761 4226 orrri,
803 4137 836 4209 se
860 4140 893 4206 in
916 4133 1014 4226 strum
1042 4155 1150 4206 nornen
1184 4137 1359 4229 baptizare
1387 4160 1401 4208 1
1426 4140 1507 4208 Cur.

293 4232 422 4324 11:15.
471 4232 541 4306 Sed
574 4232 723 4305 invaluit
757 4231 926 4326 deinceps
961 4230 1015 4302 iliu
1049 4230 1218 4319 formula3
1254 4231 1357 4322 idque
1391 4230 1510 4313 reite,

298 4325 377 4399 ficet
401 4329 446 4403 ad
486 4327 687 4425 legitimum
710 4328 924 4401 reddendum
959 4324 1185 4421 baptismum,
1226 4329 1332 4397 modo
1356 4348 1408 4396 res
1435 4323 1509 4417 ipsa

284 4421 789 4525 .a1r2s1t,nonpertineat;
821 4425 933 4594 muilto
962 4426 1075 4501 minus
1102 4426 1211 4513 trino,
1244 4427 1303 4497 vel
1327 4442 1398 4491 una·
1416 4441 1515 4589 mppr--
1622 4432 1676 4818 Ι
