3609 5500
1426 712 1638 792 Secul.
1687 713 1794 792 II.
1933 756 1948 770 «κ
2680 732 2771 809 52
2788 734 2822 793 1

379 891 455 973 Bi
488 891 680 972 zeias
708 916 851 971 eos
898 887 1426 989 inflammavit,
1457 895 1567 971 uti
1622 919 1714 971 ex
1740 891 2072 1003 Ignatio,
2121 897 2254 991 pe'r
2282 911 2525 971 omnes
2554 894 2821 997 Epist„

376 994 461 1068 in
510 992 757 1091 primis
799 994 893 1069 ad.
932 996 1238 1071 Roman.
1266 992 1654 1068 elucescit:
1718 990 1909 1087 quod
1957 990 2214 1065 Plinius
2259 1016 2533 1091 quoque
2579 996 2656 1067 in
2702 1017 2824 1090 ep.

378 1090 595 1185 saepe
657 1089 874 1163 citata
938 1090 1249 1165 testatur.
1347 1089 1519 1165 vid.
1584 1105 1660 1162 et
1719 1085 1891 1183 Just.
1954 1088 2071 1160 M.
2140 1107 2333 1163 cont.
2402 1090 2680 1186 Tryph.
2748 1113 2820 1185 p.

386 1208 560 1277 249.
653 1184 1002 1259 Audiatur
1050 1188 1253 1260 Tert.
1302 1184 1519 1281 Apol·
1563 1207 1628 1257 c.
1686 1204 1801 1257 21.
1851 1180 2200 1272 Dicimus,
2281 1199 2344 1257 et
2385 1186 2613 1276 palam
2661 1189 2827 1259 dici-

381 1305 569 1370 mus,
650 1300 715 1354 et
759 1284 937 1355 vobis
985 1284 1424 1379 torquentibus
1475 1281 1792 1371 lacerati,
1841 1297 1906 1352 et
1939 1282 2302 1369 cruentati,
2352 1279 2824 1370 vociferamur:

381 1380 603 1453 Deum
650 1378 913 1452 colimus
949 1396 1069 1472 per
1121 1373 1479 1473 Christum.-
1545 1375 1640 1449 fic
1690 1393 1765 1447 et
1814 1394 2017 1450 antea
2067 1375 2235 1450 ibid.
2284 1397 2347 1449 c.
2404 1397 2466 1446 1.
2516 1380 2833 1451 neminem

373 1474 620 1571 pudet,
708 1477 1020 1547 neminem
1072 1477 1397 1567 poenitet,
1463 1472 1585 1566 nili
1607 1474 1803 1566 plane
1846 1487 2019 1545 retro
2046 1495 2187 1546 *non
2229 1467 2443 1565 fuiffe
2493 1471 2829 1546 Christia-

384 1591 600 1644 num:
633 1565 705 1661 fi
734 1570 1112 1660 denotatur,
1157 1572 1521 1664 gloriatur,
1552 1569 1623 1662 st
1664 1568 2048 1665 accusatur,
2096 1590 2217 1641 non
2247 1569 2580 1663 defendit,
2626 1571 2832 1642 inter·-

389 1680 692 1764 rogatus,
716 1666 820 1738 vel
845 1666 1012 1737 ultro
1051 1669 1428 1764 confitetur,
1479 1669 1827 1741 damnatus
1855 1666 2121 1760 gratias
2156 1668 2323 1759 agit.
2425 1663 2830 1755 Defiderii,

445 1783 539 1835 uo
599 1760 673 1834 in
744 1760 1159 1857 martyrium
1228 1761 1663 1849 ferebantur,
1746 1758 1846 1833 fin
1898 1760 2080 1832 ulare
2147 1759 2364 1833 habet
2428 1762 2827 1857 exemplum

469 1875 599 1929 ert.
651 1853 735 1929 a‘d
787 1858 988 1951 Scap.
1040 1879 1103 1931 c.
1153 1879 1223 1948 5.
1327 1855 1501 1933 Vid.
1569 1878 1643 1930 et
1706 1855 1796 1930 de
1895 1855 2162 1950 peetac.
2212 1879 2276 1930 c.
2337 1880 2398 1932 1.
2447 1874 2524 1930 et
2571 1877 2833 1956 marty-

380 1952 571 2027 rium
598 1952 961 2048 Polycarpi
993 1950 1070 2025 in
1121 1949 1437 2026 Patribus
1481 1948 1844 2046 Apostol.,
1926 1970 2006 2023 ut
2058 1970 2133 2024 et
2186 1951 2596 2044 Blandinae,
2662 1955 2828 2051 piae
2871 2027 2875 2032 .

388 2044 791 2137 foeminae,
873 2047 951 2120 in
998 2047 1244 2122 Galliis
1289 2048 1471 2145 apud
1517 2050 1675 2123 Euss
1727 2048 1829 2122 H.
1879 2047 1979 2121 V:
2036 2070 2100 2120 1.
2167 2071 2339 2143 quae
2402 2048 2588 2144 ipsos
2637 2052 2834 2128 defa-

385 2140 1060 2337 ,ἴὲῗῖἶῗίἷέξοὲῖῧὶ
1096 2143 1351 2334 ,2322
1365 2142 1593 2313 ³¹¹²&ss
1612 2144 2177 2315 ἀὲῗὲ-ῗεεῧῗέῗ
2191 2142 2440 2333 22ssssssst
2422 2149 2603 2313 3233?
2629 2148 2700 2243 s
2681 2174 2832 2319 '1421‘

250 2374 259 2384 ·
366 2337 693 2433 spernunt
752 2351 1069 2407 tormenta
1120 2334 1527 2431 praesentia,
1597 2356 1662 2409 et
1708 2341 1872 2409 mori
1915 2358 2036 2407 non
2081 2336 2331 2409 timent.
2430 2334 2614 2433 Legi
2664 2362 2836 2436 quo·

444 2455 533 2506 ue
577 2450 890 2503 meretur
934 2430 1023 2502 de
1088 2429 1327 2527 infigni
1391 2447 1747 2526 martyrum
1794 2430 2256 2519 fortitudine,
2334 2431 2616 2529 ejusque
2665 2459 2832 2512 cau-

448 2552 522 2617 ε,
569 2525 954 2600 dissertatio
999 2527 1389 2616 Dodwelli,
1435 2528 1621 2599 inter
1671 2527 2122 2622 Cyprianicas
2164 2525 2439 2604 XlIma.
2852 2593 2859 2599 .

489 2623 554 2725 §.
605 2622 863 2697 CLIV.
928 2641 997 2710 5.
1051 2622 1163 2695 Ab
1223 2622 1418 2696 omni
1467 2621 1863 2697 idololatria
1910 2646 1994 2698 ac
2041 2622 2112 2695 su
2210 2619 2534 2699 r-stitione
2575 2625 2833 2701 Genti-

384 2718 484 2810 15,
536 2716 830 2812 adipsas
880 2716 1209 2791 minutias
1256 2717 1509 2816 usque,
1562 2718 2033 2793 vehementer
2065 2740 2104 2791 a
2153 2717 2627 2811 horruerunt,
2692 2743 2833 2796 nee

398 2818 622 2891 ullum
644 2867 665 2902 ‚
714 2813 837 2885 nifi
875 2837 1121 2887 verum
1157 2815 1432 2904 Deum,
1481 2837 1626 2886 non
1660 2812 1951 2887 Sanaos
1983 2830 2106 2887 aut
2144 2814 2503 2907 Martyres
2532 2865 2554 2900 ,
2592 2815 2832 2890 colue-

390 2927 606 2997 runt,
685 2926 765 2979 ut
814 2907 1008 3005 supra
1058 2907 1446 2984 habuimus.
1552 2907 1911 3007 Quicquid
1968 2906 2217 2983 civilem
2283 2905 2353 2979 su
2413 2928 2561 2981 erat
2606 2909 2838 2982 hono·
2919 2899 2976 2967 -’
3022 2983 3031 2994 ,

394 3029 600 3094 rem,
650 3001 1044 3081 idololatriae
1092 3006 1373 3078 nomine
1408 3004 1533 3079 infi
1573 3003 1779 3095 ‚nitur
1825 3026 1867 3077 a
1916 3003 2122 3077 Tert.
2170 3001 2259 3074 de
2297 3004 2328 3075 1
2382 3003 2543 3078 0101.
2592 3026 2656 3080 c.
2713 3026 2832 3097 15.

397 3102 604 3198 cujus
663 3095 842 3172 liber
886 3100 1072 3172 hanc
1134 3099 1210 3173 in
1274 3124 1426 3175 rem
1490 3122 1528 3173 e
1658 3097 2007 3196 egregius.
2107 3097 2561 3172 Idololatriam
2607 3099 2839 3177 decla·

389 3217 504 3273 rat
558 3192 696 3270 ess'e
737 3196 1097 3288 principale
1141 3199 1380 3280 crimen
1441 3199 1696 3295 generis
1740 3197 2041 3285 humani,
2126 3219 2401 3268 uminum
2429 3193 2643 3293 seculi
2688 3222 2846 3274 rea·

392 3310 577 3384 tum,
630 3305 835 3364 totam
863 3288 1132 3386 causam
1151 3295 1437 3388 judicii,
1487 3291 1679 3367 fimul
1712 3290 1985 3365 crimen
2019 3290 2068 3364 il
2097 3293 2186 3364 ud
2218 3290 2537 3366 latissime
2581 3314 2836 3370 exten·

392 3388 543 3464 dit:
595 3387 776 3460 nulla
824 3411 980 3476 ars,
1029 3386 1299 3482 inquit,
1352 3389 1533 3462 nulla
1590 3384 1936 3484 prqfqffio,
2005 3387 2184 3459 nulla
2231 3391 2616 3481 negotiati0‚
2679 3415 2842 3484 quae

394 3504 517 3560 aut
567 3480 995 3578 instruendis,
1040 3499 1159 3555 aut
1190 3481 1565 3572 formandis
1614 3487 1839 3574 idolis,
1868 3480 2344 3580 administrat,
2398 3508 2615 3558 carere
2704 3502 2840 3557 ote-

396 3581 499 3653 rit
554 3579 738 3651 titulo
789 3579 1231 3666 idololatriae,
1311 3601 1375 3656 c.
1430 3601 1543 3655 11.
1646 3581 1801 3652 lmo
1865 3602 1928 3653 c.
1983 3578 2097 3653 20ss
2153 3596 2365 3673 negat
2419 3578 2627 3652 dicen
2680 3604 2842 3671 um,

398 3673 796 3762 mehercule,
847 3675 1372 3769 mediusfidius,
1439 3698 1574 3748 nec
1629 3675 1933 3772 patitur,
1988 3678 2223 3768 jurare
2263 3693 2383 3769 per
2432 3673 2661 3765 Deos,
2724 3694 2845 3753 aut

386 3793 508 3845 eos
566 3772 894 3842 nominare
955 3769 1168 3858 Deos,
1238 3769 1366 3844 nisi
1437 3770 1677 3844 addito
1730 3769 2097 3864 epithet0,
2183 3790 2275 3842 ex
2340 3789 2482 3862 quo
2553 3791 2836 3865 pateat,

346 3872 520 3942 ‘nos
567 3889 674 3938 eos
729 3882 848 3958 pro
896 3865 1054 3938 Diis
1115 3885 1261 3938 non
1331 3866 1632 3940 habere:
1719 3885 1929 3942 omne
2047 3887 2217 3936 enus
2274 3862 2616 3961 imagines
2667 3891 2841 3964 quo·

384 3982 529 4057 que
567 3959 828 4035 refutat
863 3982 928 4034 c.
977 3984 1161 4051 4:³—
1207 3959 1355 4034 imo
1389 3959 1802 4049 Christiani,
1856 3982 2016 4056 per·
2092 3960 2321 4056 empla
2359 3961 2789 4035 transeuntes
2813 4023 2837 4051 ,

377 4059 741 4158 fumantes
794 4080 953 4129 aras
1003 4054 1429 4154 despumant,
1473 4073 1566 4131 ἐι
1627 4053 2093 4160 exsufflabant.
2141 4076 2203 4128 c.
2282 4077 2397 4130 1-1.
2512 4055 2837 4151 Denique

388 4151 532 4245 Ori
589 4172 705 4225 en.
752 4153 1261 4232 coneaecelffl.
1295 4153 1523 4232 ··v111.
1626 4161 1667 4227 .'
1695 4160 1868 4243 426.
1919 4151 2306 4230 moriendum
2356 4153 2536 4226 nobis
2577 4155 2837 4262 pot-im,

558 4269 686 4325 om.
738 4247 885 4326 ΠΙ.
1579 4328 1584 4338 ,
1678 4271 1793 4353 vv
2628 4247 2845 4352 dic-at,
