3609 5500
239 432 1610 688 —

598 706 602 714 .

315 752 323 762 .
1312 754 1314 759 .

541 951 543 955 -
685 893 690 902 ’
757 948 760 954 ·
807 903 915 985 Sosus.
933 901 1007 983 til.
1129 988 1132 1006 ι
1176 940 1179 944 ·
1445 895 1548 1006 735·

292 1084 468 1194 privatum
496 1086 676 1165 adseritur.
724 1086 831 1191 Quod
856 1093 995 1179 ta'men,
1021 1099 1104 1162 ante
1132 1081 1288 1163 Cornelii
1303 1084 1517 1170 eiectionem
1569 1124 1571 1127 ⁴

293 1189 364 1263 else
382 1186 531 1277 fanum,
557 1183 697 1260 nonest
715 1199 803 1260 adeo
820 1203 969 1260 certum.
998 1183 1086 1259 Vid.
1113 1184 1320 1262 'sillemont
1346 1187 1368 1263 l.
1394 1186 1458 1263 cit.
1475 1187 1515 1266 iu

295 1283 646 1359 notiadCornelium.
697 1286 862 1357 Ceterum
880 1283 987 1379 longe
1002 1281 1141 1378 lateque
1157 1281 1227 1356 sese
1243 1282 1332 1356 lraec
1349 1280 1438 1361 seila
1455 1308 1518 1362 ex·

299 1382 448 1476 pandit,
473 1380 571 1454 etin
597 1380 748 1478 Phrygia
774 1401 813 1453 ac
838 1375 1095 1476 Paphlagonia,
1121 1397 1270 1475 propter
1287 1377 1516 1462 austeriorem
1646 1417 1651 1427 ·

292 1476 389 1553 istius
413 1475 532 1574 gentis
550 1472 723 1563 indolem,
750 1476 893 1550 altiores
908 1473 1168 1573 egit'radices3
1195 1473 1282 1549 teste
1299 1477 1434 1553 socrat.
1459 1465 1512 1555 HI

254 1629 262 1636 .
293 1576 365 1649 lv:
395 1583 453 1652 28.
500 1574 567 1645 Per
588 1572 805 1669 AEgyptum
829 1590 867 1647 et
892 1569 1099 1643 Armeniam
1119 1593 1259 1668 quoque
1285 1592 1516 1669 propagatam

292 1666 418 1759 fuisse,
436 1666 613 1766 Epistolae
627 1668 791 1766 Dionysii
807 1665 1116 1755 adeasEcclesias,
1134 1666 1178 1740 de
1191 1670 1391 1762 poenitentia
1409 1668 1518 1770 scrip·

291 1783 372 1859 tae,
413 1763 662 1842 demonstrant.
696 1766 774 1841 Etis.
807 1765 859 1837 H.
895 1764 965 1838 Vl:
988 1768 1062 1854 4⁶·‘
1101 1762 1255 1838 Duravit
1285 1765 1393 1843 etiam
1424 1769 1516 1843 liaec'

262 1930 266 1941 .
292 1861 387 1937 sesla
455 1860 675 1957 rsequentia
700 1860 832 1962 aliquot
851 1859 985 1949 secula,
1009 1858 1147 1932 Romae
1173 1880 1245 1933 non
1270 1878 1427 1951 tantum,
1452 1864 1515 1945 ubi

293 1957 451 2055 incepit,
477 1956 535 2030 sed
560 1973 598 2029 er
614 1955 739 2047 CPoli,
764 1976 800 2032 et
823 1953 930 2031 variis
953 1951 1102 2030 initiae
1120 1954 1337 2050 provinciis,
1362 1961 1515 2036 Alexan·

293 2055 412 2144 driae,
445 2054 481 2126 in
498 2051 642 2219 Asililcla,
670 2070 708 2126 et
726 2051 822 2129 alibi.
858 2050 947 2130 Vid.
972 2048 1180 2125 Tillemont
1207 2074 1354 2131 memor.
1378 2053 1516 2137 Eccles,

293 2168 382 2225 tom.
406 2151 471 2224 lll.
524 2204 533 2221 .
614 2201 621 2216 .
952 2202 958 2211 .
1275 2169 1277 2171 ·
1662 2224 1666 2233 ,

343 2246 375 2345 s.
400 2173 569 2321 CXXlill.
603 2240 790 2318 Versatum
813 2241 884 2316 fuit
901 2260 1089 2341 utrumque
1108 2239 1287 2334 Schisma,
1312 2264 1352 2320 ut-
1379 2244 1515 2347 caasam
1553 2304 1557 2310 -

296 2360 335 2417 et
359 2341 534 2416 rationem
560 2340 729 2434 pandam,
756 2341 850 2415 circa
872 2338 1092 2436 disciplinam
1118 2337 1329 2413 admittendi
1344 2364 1514 2442 peccato·

292 2462 352 2512 res
376 2459 441 2534 per-
463 2434 722 2532 pocnitent'iam
753 2434 796 2509 ad
827 2434 1002 2510 Ecclesiae
1028 2433 1333 2526 communionem3
1366 2438 1423 2513 sed
1450 2462 1552 2538 opu

293 2531 418 2633 politis
441 2531 646 2605 rationibus.
697 2530 895 2607 Felicillimi
920 2533 1015 2606 enim
1041 2531 1123 2606 illud
1150 2530 1515 2635 qualescunque,pee·‚

293 2648 450 2719 catores,
476 2626 659 2737 speciatim
682 2626 813 2720 lapsos,
856 2628 930 2701 fine
956 2630 1060 2724 plena
1081 2646 1118 2698 et
1142 2625 1301 2725 legitima
1326 2634 1515 2725 poeniten·¹

294 2727 366 2816 tia,
393 2721 620 2819 recipiendos
644 2719 777 2811 voluis,
811 2723 915 2805 aede
940 2724 1049 2797 nimia
1073 2721 1276 2817 disciplinae
1302 2722 1518 2824 severitate,

292 2845 395 2922 quani
421 2816 614 2916 Cyprianus
640 2816 743 2904 ursit,
770 2817 997 2921 conquestum
1022 2817 1082 2891 est.
1135 2821 1202 2893 Sed
1228 2822 1428 2899 Novatiani
1446 2825 1512 2924 hy·

295 2914 453 3017 pothesrs
476 2914 547 2990 fuit
571 2911 808 3003 schismatica,
834 2914 947 2988 nullos
972 2915 1101 3011 lapsos,
1127 2914 1188 2990 seu
1212 2915 1411 2991 mortalium
1429 2936 1515 3018 pec.·

292 3034 452 3089 catorum
479 3033 580 3100 reos,
604 3009 689 3082 licet
703 3008 962 3106 poenitentiam
980 3008 1169 3105 professos,
1197 3014 1242 3084 ab
1269 3011 1425 3087 Ecclesia
1442 3017 1521 3099 effe,

293 3105 542 3198 adsumendos,
575 3125 698 3180 verum
723 3104 792 3179 Dei
818 3104 957 3202 judicio
981 3104 1246 3201 relinquendos,
1277 3105 1434 3205 adeoque
1461 3113 1517 3189 ni.

293 3205 403 3282 miam
426 3201 631 3300 distiplinae
663 3201 1030 3298 publicaelenitatem
1055 3224 1097 3276 ac
1121 3200 1375 3299 indulgentiam
1393 3229 1513 3305 repre·
1554 3292 1557 3297 .

293 3298 430 3376 hendit.
481 3298 536 3373 Er
559 3320 653 3394 quo,
678 3294 834 3370 medium
859 3295 956 3372 inter
980 3298 1051 3370 duo
1075 3297 1164 3371 haec
1179 3319 1337 3373 extrema
1364 3303 1525 3383 tenuisse*

293 3394 484 3473 Ecclesiam
506 3394 705 3490 publicam,
738 3391 916 3468 elucescit.
975 3391 1271 3488 Temperameatum
1292 3396 1428 3488 salubri
1447 3427 1512 3477 mo.

292 3495 457 3569 mistione
491 3491 709 3582 libravimus,
748 3487 865 3586 iuquit
896 3491 1059 3589 cyprian.
1092 3513 1147 3584 ep.
1185 3513 1243 3583 55.
1278 3514 1318 3566 ne
1348 3498 1381 3568 iii
1412 3513 1523 3583 totum¹

285 3591 366 3692 spes
389 3589 688 3664 communicationis
707 3603 739 3659 et
752 3589 846 3679 pacis
869 3585 1212 3684 lapſssdeiiegarctur,
1238 3613 1294 3662 nes
1311 3605 1419 3664 tamen
1440 3618 1514 3670 siis·
1540 3663 1549 3674 .

285 3687 351 3788 fiir
371 3685 504 3781 censura
527 3684 719 3779 euangelica
716 3681 937 3850 dirimeretur,
968 3699 1003 3759 ut
1020 3685 1063 3757 ad
1077 3687 1390 3759 coimmunicmimem
1414 3702 1512 3762 tsine·

296 3806 334 3859 re
356 3781 548 3874 prassinus.
600 3779 749 3853 Divera
772 3799 890 3853 autem
916 3802 957 3854 ea
983 3779 1100 3876 praxis
1123 3778 1245 3852 innixa
1269 3802 1409 3875 quoque
1436 3801 1513 3858 erat

295 3875 442 3955 diversit
457 3873 655 3973 principiis.
703 3872 901 3948 Novatiani
918 3873 1090 3949 Ecclesiae
1111 3897 1284 3973 negarunt
1301 3869 1522 3972 potestatem,

295 3990 503 4071 competere
530 3969 640 4068 lapsos
671 3968 887 4066 recipiendi,
928 3969 1022 4045 simul
1048 3993 1113 4068 per
1139 3992 1261 4045 eomm
1295 3974 1516 4050 communio·

294 4095 378 4150 irem
396 4068 558 4144 dixeram
575 4065 808 4143 contaminari
825 4067 1027 4143 Ecclesiam.
1050 4066 1226 4144 Catholici
1244 4089 1431 4165 utrumque
1451 4095 1530 4147 ne·⁴

387 4186 448 4258 ns,
472 4184 510 4241 et
533 4160 751 4261 disciplinam
777 4164 996 4262 temporibus
1014 4182 1204 4239 tenuerunt
1220 4165 1289 4240 else
1314 4166 1516 4242 adcommo-

321 4263 467 4339 andam:
503 4279 543 4337 ut
569 4281 613 4335 ex
640 4258 752 4358 Epist.
778 4258 886 4336 citata
909 4261 1032 4358 liquet.
1084 4259 1281 4336 Novatiani
1314 4284 1444 4355 porro,
1479 4278 1523 4338 ut

296 4355 762 4459 fclrlsinatii-aeccllltsitem
784 4355 1042 4529 degradarent,
1065 4355 1129 4451 se,
1164 4356 1263 4456 salva,
1280 4353 1519 4451 conscientiis,

311 4503 321 4539 2,
334 4481 368 4520 ¹.
866 4472 996 4546 zzz4
1426 4473 1528 4539 coine
1576 4533 1589 4549 ,

1338 4802 1416 4817 h...
