3609 5500
383 712 462 798 '494‘
770 668 926 801 Wstoria‘
941 701 1070 803 Eccles.
1097 697 1211 803 Clirljs.

390 904 486 972 non,
510 904 584 958 non
608 874 756 959 constat
803 882 979 975 Accedit,
1006 900 1136 959 vocem
1156 858 1252 958 illam·
1272 878 1417 957 subinde
1443 875 1613 958 latiorem

384 979 570 1054 admittere
593 978 847 1077 significatum,
873 980 925 1055 ita
948 999 989 1054 ut
1009 1002 1059 1072 40
1081 982 1153 1055 dies
1169 979 1305 1077 semper
1320 1002 1393 1052 non
1416 976 1598 1076 fignificet.

383 1074 444 1149 De
468 1100 538 1171 quo
560 1076 634 1151 vid.
657 1076 822 1151 Dallaeus
846 1079 868 1152 l.
900 1098 932 1151 c.
966 1077 1145 1174 Jejunium
1179 1075 1436 1171 ante-paschale
1459 1075 1608 1148 nomine
1707 1090 1708 1099 ’

385 1172 648 1278 quadrageſsimo
663 1172 823 1271 insigniri
838 1170 980 1271 potuit,
1005 1174 1062 1246 vel
1079 1172 1171 1271 quod
1195 1195 1245 1264 40
1263 1172 1366 1245 horas
1381 1169 1499 1267 passim
1516 1194 1608 1245 con·

384 1275 553 1360 tinuerit,
577 1272 635 1343 vel
659 1286 797 1365 tempus
820 1266 925 1343 ablati
946 1266 1080 1365 sponsi,
1115 1269 1152 1343 iii
1180 1267 1281 1363 cujus
1303 1266 1508 1339 memoriam
1533 1266 1606 1339 suit

382 1360 601 1455 institutum,
632 1388 678 1439 eir
703 1383 759 1439 tot
782 1364 881 1441 horis
912 1362 1130 1456 constiterit,
1163 1365 1220 1439 vel
1246 1362 1355 1436 etiam
1380 1362 1513 1436 imitari
1539 1386 1608 1436 vo·
1707 1436 1708 1439 ,

384 1456 514 1535 luerint
534 1460 708 1559 jejunium
731 1458 861 1535 Christi
891 1476 948 1533 tot
972 1458 1131 1552 dierum,
1158 1458 1309 1533 totidem
1328 1456 1521 1532 substitutis
1536 1460 1604 1531 ho·
1707 1520 1708 1525 ,

383 1554 455 1645 ris3
488 1576 527 1632 ut
565 1554 618 1631 est
643 1556 680 1630 in
703 1554 815 1653 Epilb
842 1554 974 1655 Ignatii
1005 1556 1047 1631 ad
1071 1556 1186 1653 Philip
1215 1612 1224 1631 .
1250 1576 1282 1630 c.
1317 1576 1349 1628 a.
1376 1555 1603 1651 interpolata.
1707 1544 1708 1635 J

379 1752 545 1825 monebo.

381 1652 441 1726 De
465 1653 604 1750 origine
627 1676 715 1729 vero
747 1652 848 1728 vocis
876 1651 1137 1749 quadragestmas
1163 1580 1211 1727 ad
1243 1648 1311 1725 sec.
1335 1650 1483 1747 sequens
1514 1650 1601 1747 quid
1707 1698 1708 1769 ss

426 1841 458 1943 §4
485 1846 627 1919 CXXX.
666 1846 725 1921 De
748 1842 1017 1919 circumstantiis
1046 1842 1180 1919 locorum
1213 1860 1251 1915 et
1275 1858 1448 1935 temporum
1483 1842 1601 1917 cultus
1707 1896 1708 1923 ι

379 1940 512 2108 publici
530 1940 708 2049 agendum
734 1938 839 2014 unice
864 1938 987 2029 restat,
1028 1938 1133 2015 Licet
1158 1962 1178 2014 a
1205 1938 1401 2033 Templorum
1426 1938 1634 2044 vocabulo
1707 1994 1708 2021 ,

395 2036 443 2108 ibi
466 2036 613 2108 sollicite
645 2034 807 2111 caverint
833 2034 1039 2128 Christiani,
1081 2036 1165 2134 quin
1187 2034 1397 2133 negaverint
1428 2032 1491 2107 sibi
1510 2032 1597 2115 ,else

380 2131 550 2229 Templa,
575 2129 627 2205 uti
644 2130 695 2206 est
712 2129 802 2228 apud
819 2131 915 2207 Min.
939 2132 967 2204 F
969 2132 1013 2206 el.
1041 2132 1078 2207 in
1098 2131 1272 2223 octavio,
1296 2130 1443 2225 Origen.
1471 2146 1601 2203 contra

378 2226 466 2303 Cels.
490 2228 513 2304 l.
530 2228 605 2303 Vll
620 2249 657 2302 et
672 2229 779 2304 viil.
804 2248 842 2303 et
856 2246 938 2303 ante
955 2251 1017 2301 eos
1032 2229 1141 2305 Clem.
1166 2228 1270 2301 Alex.
1289 2230 1419 2299 Strom.
1444 2224 1467 2299 l.
1494 2226 1597 2317 Vll,

312 2350 318 2359 ·
377 2323 462 2399 inde
479 2324 715 2421 colligendum
733 2347 806 2398 non
824 2320 896 2415 est,
920 2346 981 2397 eos
997 2323 1077 2399 fixis
1094 2343 1131 2399 et
1151 2320 1248 2395 statis
1266 2320 1411 2397 caruisse
1435 2342 1598 2393 conven·
1707 2314 1708 2371 l

375 2434 434 2489 tus
458 2418 610 2513 religiosi
635 2420 809 2508 aedibus,
838 2442 919 2493 cuin
947 2442 992 2494 eo
1016 2418 1092 2517 ipso
1119 2439 1300 2515 tempore,
1332 2440 1402 2513 quo
1433 2414 1595 2512 amplissi·
1707 2436 1708 2515 ζ

375 2516 447 2586 mas
471 2512 665 2587 babuerunt
690 2514 861 2609 basilicas,
886 2515 956 2587 sec.
982 2518 1040 2591 lV
1064 2535 1101 2588 et
1126 2516 1199 2605 V.‚
1226 2516 1337 2586 abeo
1363 2514 1508 2586 nomine
1533 2510 1597 2585 ad·
1707 2528 1708 2559 ³

293 2674 301 2691 ,
375 2606 446 2683 liuc
469 2608 588 2704 passim
607 2606 854 2699 abstinuerint3
879 2628 916 2681 et
932 2609 1005 2683 siias
1026 2611 1130 2685 aedes
1155 2609 1384 2707 opposuerint
1403 2608 1587 2703 Templis,
1707 2614 1708 2633 l

375 2704 429 2779 uti
452 2728 498 2780 eii
521 2704 655 2780 Arnob.
680 2723 776 2780 cont.
802 2706 912 2781 Gent.
937 2702 960 2779 l.
985 2706 1052 2783 Vl.
1079 2705 1231 2781 Hieron.
1255 2728 1310 2803 ep.
1338 2705 1381 2779 ad
1406 2704 1593 2801 Ripnriuiii

372 2806 640 2973 presbyterum,
665 2821 700 2875 ct
723 2801 820 2892 aliis,
844 2797 991 2877 constat.
1042 2804 1162 2876 Sumta
1176 2801 1294 2898 itaque
1309 2802 1390 2875 sunt
1413 2801 1593 2894 Templa,
1649 2811 1657 2826 “

392 2900 471 2974 ensu
495 2899 708 2992 Gentilium,
733 2922 800 2995 pro
822 2898 909 2973 locis
926 2896 1200 2987 sublimioribus,
1225 2914 1324 2970 certo
1342 2895 1445 2971 alicui
1462 2895 1598 2970 Numi·

374 2998 410 3090 lii
447 2998 497 3069 ita
529 2996 678 3084 dicatis,
726 3015 765 3069 ut
797 2994 834 3067 in
867 3018 908 3068 ea
950 2991 1140 3068 adtruslum
1180 2992 1305 3065 ritibus
1344 2990 1592 3090 superstitiosis
1707 2993 1708 3002 ’

377 3093 469 3188 lpuasi
491 3091 557 3163 illis
580 3090 838 3176 includeretur,
871 3089 989 3163 saltem
1016 3089 1169 3164 adfixum
1194 3106 1396 3179 teneretur,
1422 3105 1459 3160 et
1485 3087 1595 3162 unice

274 3224 276 3229 ·
375 3185 563 3260 conveniri
596 3185 752 3257 deberet.
801 3181 888 3258 viu
922 3205 1063 3280 praeter
1099 3187 1176 3260 loca
1206 3185 1312 3260 citata
1342 3183 1503 3258 Lauini.
1531 3186 1591 3256 sn·

374 3281 445 3356 stit.
472 3281 519 3354 11:
553 3302 585 3353 2.
611 3279 671 3352 Sic
687 3298 724 3350 ct
742 3278 933 3372 Templum
957 3281 1115 3354 Deorum
1138 3303 1179 3354 ac
1201 3278 1353 3354 Ecclesia
1376 3279 1592 3354 Christiano·

374 3401 451 3452 rum
469 3394 696 3471 opponuntur
712 3373 748 3447 in
764 3373 918 3468 Epistola
937 3375 1118 3450 Aureliani
1144 3376 1187 3448 de
1208 3375 1305 3448 libris
1321 3373 1522 3472 Sibyllinis,
1550 3395 1592 3448 ut

279 3486 283 3495 '
374 3487 491 3552 narrat
515 3469 693 3564 Vopiscus
719 3471 756 3543 in
774 3469 977 3546 Aureliano.
1026 3469 1239 3546 Christianos
1266 3493 1351 3545 vero
1367 3471 1439 3546 hoc
1464 3471 1591 3566 etseq.

373 3571 487 3674 seculo
510 3567 647 3665 gavisos
669 3565 738 3640 else
764 3565 870 3640 certis
896 3586 934 3640 et
959 3565 1037 3640 fixis
1058 3567 1145 3641 locis
1170 3565 1359 3662 religiosis,
1392 3566 1457 3640 etsi
1483 3565 1594 3664 aliqui

373 3663 554 3760 negarint,
596 3686 651 3737 res
681 3662 770 3737 milii
803 3661 946 3737 videtur
972 3662 1251 3759 exploratiffima.
1301 3661 1388 3736 Vid.
1414 3663 1529 3736 Mede
1555 3662 1593 3733 in
1707 3689 1708 3692 ¹

374 3761 523 3840 imitatu
543 3760 610 3833 hac
625 3760 668 3832 de
685 3784 722 3833 re
737 3759 890 3853 Anglice
907 3756 1060 3855 scripto,
1086 3761 1194 3864 Oper.
1220 3757 1306 3832 Vol.
1332 3758 1359 3829 1.
1407 3759 1590 3832 Proferam

373 3853 451 3939 loca
466 3855 585 3951 hujus,
609 3875 647 3928 et
661 3856 694 3927 se
721 3853 872 3938 ‚seculi‚
891 3872 973 3926 ante
987 3851 1268 3954 persecutionem
1287 3851 1592 3941 Diocletianeam,

374 3955 456 4034 satis
480 3952 580 4024 clara.
604 3881 759 4022 Ensis.
785 3950 808 4020 l.
837 3949 1002 4024 Vlllzi.
1028 3969 1066 4022 ut
1084 3950 1244 4047 generale
1259 3947 1594 4056 ejus-testimonium

368 4045 613 4154 praemittam,
638 4041 813 4119 Ecclesiae
837 4043 1106 4141 prosperitatem
1125 4041 1211 4140 post
1237 4045 1453 4141 Cyprianum
1479 4047 1523 4118 ad
1540 4045 1602 4117 sua

373 4147 479 4247 usque
494 4159 653 4242 tempora
673 4139 889 4236 describens,
916 4159 1011 4220 inter
1027 4143 1091 4220 alia
1107 4141 1252 4236 dicens,
1275 4161 1326 4216 eos
1335 4194 1348 4233 ,
1368 4140 1492 4240 priscis
1508 4139 1602 4306 aebli-

366 4256 372 4266 ’
656 4257 661 4266 ’
707 4293 715 4298 -
1565 4254 1609 4309 RS
