3609 5500
717 660 826 747 Serui.
848 659 904 743 II.
1349 684 1432 777 5²?

195 848 278 931 vita
292 841 566 924 Christianorum
592 842 826 937 demonstrat,
850 846 903 922 uti
929 840 961 947 5.
991 872 1048 940 11,
1075 864 1133 945 27,
1149 844 1217 935 ‘28ss
1242 874 1316 931 non
1335 857 1426 936 enim

186 960 234 1029 in
259 948 485 1034 meditatione,
511 945 606 1018 inter
631 942 696 1017 alia
724 942 859 1039 inquit,
874 941 1054 1040 sermonir,
1079 963 1112 1019 et
1126 946 1293 1045 siendum
1309 958 1421 1029 nerbo-

191 1060 297 1131 r‘rnn,
330 1041 444 1140 sedin
468 1046 564 1115 relus
589 1060 677 1138 opere
700 1042 926 1129 declarandis,
966 1057 1120 1137 tanquam
1145 1046 1288 1122 dodrina
1323 1058 1421 1151 nina,

181 1137 346 1245 profeffio
371 1136 478 1239 nostra
498 1136 603 1231 postca
626 1134 694 1233 est:
719 1134 871 1235 denique
897 1136 929 1237 5.
957 1160 1014 1235 30.
1041 1161 1086 1213 ex
1109 1139 1220 1214 servis
1253 1146 1420 1223 Christia-

189 1260 350 1322 norum,
374 1255 461 1331 quos
491 1234 673 1333 aliquando
698 1230 916 1328 poffidebant
938 1232 1109 1329 gentiles,
1133 1236 1223 1311 nihil
1238 1241 1421 1341 criminis,

186 1363 217 1414 a
234 1330 436 1407 Christianis
450 1327 664 1426 perpetrati,
689 1326 892 1427 exsculpere
919 1352 980 1402 eos
994 1330 1116 1429 posse,-
1137 1332 1274 1409 adserit.
1327 1336 1420 1411 Tere

188 1432 275 1508 tull.
298 1426 343 1500 ad
360 1425 496 1521 Scapul.
520 1448 553 1499 c.
573 1446 607 1499 2.
629 1441 827 1515 tamennon,
853 1422 988 1523 inquit,
1013 1451 1087 1531 quos
1104 1421 1288 1526 sacrileges
1306 1429 1420 1533 existi·

188 1530 323 1613 matie,
347 1547 407 1597 nce
427 1525 461 1593 in
472 1518 574 1617 furno
589 1542 727 1619 unquam
752 1522 939 1615 deprehendi
970 1518 1019 1613 is,
1045 1528 1158 1599 nedum
1174 1526 1427 1627 insaerileg'ioa

188 1622 363 1702 adfirmat
379 1639 516 1716 quoque
540 1616 649 1707 ibid.,
677 1612 871 1713 Christianos
896 1642 956 1690 non
979 1622 1107 1693 aliunde
1133 1626 1238 1717 magis
1256 1624 1424 1717 noscibileu

190 1745 297 1819 qnam
320 1717 370 1788 de·
390 1715 605 1789 emendatione
627 1714 780 1789 mitiorum
801 1712 1031 1813 pristinorum:
1061 1718 1230 1793 rursus-c.
1253 1743 1278 1812 4
1301 1722 1422 1817 depost·

184 1836 268 1895 tum
283 1837 344 1887 non
368 1813 586 1905 abnegamus,
620 1810 858 1883 matrimonium
875 1810 994 1887 nullius
1010 1812 1250 1905 adulteramus,
1279 1821 1424 1915 pupillos·

188 1918 255 2014 pie
278 1912 477 1997 tradamur,
501 1905 721 2000 indigentibus
744 1902 996 2003 refrigeramus,
1020 1909 1100 1981 nulli
1122 1912 1241 1985 malurn
1264 1930 1323 2008 pro
1339 1918 1429 1990 molo

190 2008 374 2087 reddimur.
420 2001 607 2097 Denique,
634 2001 708 2074 Cleri
738 2003 849 2075 ianam
870 2003 1009 2096 sedam,
1037 2006 1184 2100 adserit,
1210 2007 1363 2109 incestam
1390 2026 1426 2087 et

194 2104 362 2197 crudelem
388 2122 477 2173 nemo
499 2113 593 2169 tanto
621 2114 758 2193 tempore
783 2099 958 2191 probavit,
1000 2099 1087 2177 vid.
1104 2102 1228 2178 'etiam
1259 2129 1279 2177 c
1324 2106 1425 2203 egiua

195 2196 381 2293 iocunde
414 2191 601 2290 Pruesrript
632 2194 766 2267 haeret.
799 2214 830 2268 c.
863 2217 925 2289 43,
959 2218 1019 2289 44.
1075 2196 1238 2272 Tandem
1306 2200 1423 2298 rigen.

192 2314 303 2373 cont.
328 2291 415 2365 Cels.
439 2291 461 2364 i.
481 2292 510 2364 1.
534 2311 570 2385 p.
602 2313 634 2379 1,
654 2313 686 2366 2.
711 2287 820 2363 vitam
847 2288 1124 2367 Christianorum
1139 2292 1340 2389 testaturstc
1358 2300 1426 2373 cri·'
1501 2346 1504 2351 Α

193 2392 395 2468 minutiones
413 2381 495 2479 Celti
520 2382 688 2481 refutare,
712 2401 748 2458 nt
764 2388 871 2460 ruerbis
889 2406 966 2481 opus
981 2414 1042 2463 non
1051 2385 1120 2481 fit,
1146 2388 1234 2466 Vid.
1252 2411 1290 2465 et
1305 2418 1342 2490 p.
1364 2416 1427 2471 21.

192 2487 265 2565 ubi
293 2483 482 2559 veritatem
507 2480 680 2578 euangelii
709 2502 754 2554 ex·
778 2483 1008 2557 conversione
1033 2483 1240 2580 hominum,
1283 2510 1428 2563 eorum·

223 2606 273 2659 ue
296 2578 391 2669 vita,
424 2574 658 2667 demonstran
689 2573 763 2649 imo
787 2577 810 2651 l.
834 2578 898 2652 Ill.
925 2600 961 2676 p.
989 2589 1073 2660 128.
1104 2581 1212 2672 dicit,
1255 2584 1428 2677 Ecclestar

241 2676 517 2867 σίὀρρτῇιιάιὶτω)
543 2673 768 2841 “cetllutesugdi
783 2673 1082 2844 ¹nattlprerrepxscoetntp¹
1105 2677 1429 2849 witi-mmmm&

234 2793 640 2848 nreenmmoec.
831 2793 1101 2844 ruse—eurr
1183 2797 1251 2846 tarn
1321 2827 1330 2846 .
1413 2825 1428 2850 .

196 2805 245 2978 ἶ.
276 2889 357 2963 ιῃ.
406 2867 506 2942 Plura
528 2793 689 2962 profem}
705 2863 935 2959 supersedeo,
977 2794 1005 2922 ·q
1108 2826 1120 2863 ’

474 3049 855 3132 ncclnumunum
877 3046 1151 3131 uccuusmu.

248 3250 285 3354 5.
310 3248 416 3328 CLX.
448 3247 611 3322 Felicitas
634 3245 834 3338 Ecclesiae,
854 3245 922 3320 hae
945 3265 1043 3344 parte
1059 3243 1317 3340 consideratae,
1344 3267 1430 3330 clun

200 3347 300 3425 dona
323 3343 596 3422 extraordinaria
613 3343 764 3441 Spiritus
781 3345 836 3432 S.,
869 3342 1000 3434 Viros,
1027 3343 1186 3419 doiirina
1222 3367 1259 3421 et
1292 3345 1428 3444 pietate

202 3442 377 3533 illustres,
400 3441 553 3538 denique
576 3461 720 3538 pacem,
745 3461 810 3536 per
833 3437 1045 3514 haereseaet
1063 3441 1246 3515 schismata
1262 3468 1334 3515 non
1352 3445 1427 3525 turi·

203 3536 342 3624 batam,
367 3538 573 3626 contineat;
594 3535 638 3609 de
663 3535 729 3609 ilsrs
753 3532 877 3607 ordine
902 3533 1131 3608 differendum
1157 3533 1217 3608 est.
1243 3533 1348 3610 Dona
1365 3559 1431 3609 exe
1573 3537 1577 3542 ’

203 3631 458 3722 traordinaria,
482 3652 520 3706 et
543 3631 788 3706 miraculorum
814 3629 1079 3724 patrandorum,
1103 3629 1173 3702 itnc
1197 3630 1318 3703 seculo·
1336 3653 1429 3718 nous,

203 3729 293 3804 dum
317 3723 506 3815 cessarunt,
530 3731 615 3804 lieet
664 3724 718 3799 ost
734 3723 852 3796 Marci
884 3725 1020 3797 Aurelii
1040 3743 1200 3820 tempora
1218 3725 1426 3802 minttssue·

202 3826 281 3900 rint
306 3823 524 3923 frequentia,
550 3843 609 3897 aut
631 3749 707 3895 ἐπεὶ
736 3817 886 3894 insolita.
938 3819 1134 3908 Rationes,
1161 3847 1248 3918 quae
1275 3823 1428 3921 ejusmoi

204 3921 243 3996 di
269 3921 363 3995 dona
394 3921 574 4018 requirere
600 3917 787 4016 videntur,
819 3915 897 3988 hoo·
914 3935 1074 4016 tempore
1108 3917 1349 3992 adhuclocum
1369 3921 1436 3991 hae

204 4017 383 4104 buerunt,
422 4039 479 4092 ex.
504 4039 556 4113 gr.
584 4038 612 4088 1.
640 4012 727 4086 fides
757 4013 1003 4086 nonnullorum
1036 4013 1311 4088 Christianorum
1344 4014 1469 4092 niva'

204 4131 246 4189 tt
274 4110 420 4207 efficax,
453 4135 541 4213 quae
563 4131 673 4212 preces
699 4107 816 4277 redigt
840 4103 1021 4202 efficaces,
1053 4130 1091 4186 et
1113 4109 1279 4189 miracula
1300 4111 1438 4208 produt

210 4229 217 4247 ·
814 4223 921 4295 unu
1348 4225 1438 4299 mm
