3609 5500
432 672 502 782 ips
818 677 1120 785 inpoenitens.
1144 684 1259 785 etsist.

427 861 579 961 grerl‘uni
604 860 804 961 tendentia)
831 866 867 941 ln
884 882 951 939 soso
973 872 1136 963 praetorio
1162 866 1278 969 (inter
1299 862 1427 941 milites
1448 850 1619 961 praetoria·

427 984 516 1047 nos,
541 980 577 1033 et
597 961 693 1031 aulae
717 963 871 1035 Caesaris
895 962 1129 1053 domesticos,
1155 984 1214 1037 aut
1238 984 1425 1059 cognatos,
1449 958 1549 1031 etiam
1570 976 1618 1048 pa·

427 1054 536 1129 kttina
559 1054 733 1150 dignitate
758 1056 951 1153 fulgentes,
977 1061 1063 1133 ibid.
1089 1082 1121 1135 c.
1149 1062 1217 1133 lV:
1246 1056 1323 1155 22.)
1348 1084 1389 1131 ac
1417 1058 1544 1151 reliquos
1567 1072 1621 1120 um·

426 1174 503 1238 nes,
544 1151 683 1224 Rornae
712 1153 881 1227 versatos.
933 1154 1125 1229 Illustribus
1155 1154 1339 1251 personis,
1378 1156 1449 1225 hoc
1482 1163 1621 1240 tempore

424 1246 619 1335 converfis,
645 1246 738 1320 sorte
754 1249 1013 1329 adnumeranda
1039 1250 1090 1325 est
1108 1254 1300 1347 Pomponia
1318 1250 1508 1331 Graecina,
1537 1243 1620 1313 Plau·

426 1342 476 1415 cii
510 1343 669 1442 Consulis
704 1366 821 1431 uxor,
863 1346 994 1441 quippe
1019 1344 1261 1443 superstitionis
1291 1362 1446 1421 externas
1475 1364 1528 1413 reu
1559 1332 1623 1442 asie

420 1438 483 1511 sub
508 1438 677 1546 Nerone,
702 1438 882 1515 referente
910 1440 1041 1519 Tacito
1065 1448 1158 1517 Auu.
1185 1444 1287 1516 Xlll:
1316 1464 1396 1535 32.,
1430 1460 1499 1537 quo
1522 1453 1621 1505 nourr·

422 1555 469 1607 ne
494 1531 691 1607 Christiana
724 1535 851 1632 religio
890 1536 1022 1611 solebat
1060 1537 1244 1617 diffamari.
1291 1538 1412 1612 Paulus
1443 1555 1529 1609 vero
1558 1546 1620 1599 noll

421 1644 558 1701 tanturn
580 1629 716 1705 causam
741 1630 869 1707 Christi
895 1652 980 1709 tunc
1013 1635 1111 1732 egit,
1151 1634 1210 1709 sed
1244 1652 1280 1706 et
1304 1634 1398 1705 muln·
1426 1628 1572 1724 fratrum
1592 1623 1621 1695 in

421 1723 581 1815 Domino,
614 1724 743 1800 fiducia
767 1750 788 1800 e
811 1726 963 1803 vinculis
989 1730 1063 1826 ejus
1087 1729 1216 1819 sumta,
1259 1732 1380 1825 majore
1407 1753 1481 1807 curn
1509 1722 1622 1816 intrepi·

418 1820 522 1895 ditate
538 1820 718 1916 sermonem
744 1822 811 1895 Dei
835 1827 1078 1899 adnunciamus
1085 1853 1100 1915 ,·
1133 1826 1222 1901 Phil.
1244 1826 1274 1899 1:
1305 1847 1359 1915 14.

467 1914 500 2013 s.
527 1915 759 1993 ccxxxiv.
784 1919 890 1995 Sexta
941 1920 1100 2011 esiodus,
1126 1918 1287 2017 quaeest
1310 1914 1403 1992 Pauli
1426 1914 1465 1989 in
1493 1914 1620 1986 liberta«

421 2031 497 2087 tern
514 2011 689 2102 restituti,
713 2014 855 2115 seseque
879 2038 899 2088 a
956 2038 1056 2093 eron.
1082 2040 1165 2107 pao,
1189 2040 1259 2093 aer.
1286 2014 1334 2091 V.
1361 2023 1429 2099 62,
1460 2032 1527 2107 quo
1543 2010 1617 2103 libet

416 2128 512 2183 tatus
540 2106 611 2197 est,
633 2111 676 2181 ad
699 2110 790 2185 Ner.
819 2132 885 2204 13,
910 2114 966 2189 vel
995 2129 1130 2203 istum,
1157 2138 1227 2210 quo
1251 2106 1421 2209 martyrio
1446 2122 1618 2180 coronatus

417 2202 490 2294 est,
518 2204 692 2302 porrigit,
716 2205 875 2301 adeoque
899 2227 1066 2302 quatuor,
1091 2210 1148 2282 vel
1164 2211 1315 2304 quinque
1363 2225 1529 2277 annorum
1552 2196 1618 2285 est,

418 2296 550 2372 itinera
573 2300 690 2389 Pauli,
715 2322 773 2409 ορ.
788 2318 948 2397 tempore
974 2304 1151 2399 suscepta,
1176 2325 1214 2378 et
1239 2262 1335 2381 baud
1358 2298 1521 2472 exipluurn
1543 2316 1615 2403 pro·

415 2394 568 2491 gressum
602 2396 775 2491 euangelia
805 2420 870 2491 per
900 2397 996 2474 varia
1029 2400 1173 2489 Italiae,
1216 2398 1370 2484 Galliae,
1455 2394 1613 2489 ispaniae,

414 2494 565 2579 Cretae,
606 2510 644 2567 et
669 2489 772 2567 Asiae
804 2492 882 2568 loca
920 2492 1177 2589 'complebiitun
1226 2492 1330 2601 Quod
1357 2491 1433 2589 jam
1467 2510 1560 2565 antea
1579 2482 1615 2559 itt

414 2585 571 2664 animum
594 2583 801 2677 induxerat,
842 2589 950 2668 Rom.
977 2591 1062 2667 XV:
1091 2612 1147 2681 24.
1182 2585 1357 2685 hucusque
1390 2608 1463 2659 non
1485 2594 1614 2683 poterat

415 2680 577 2770 efficere,
600 2680 747 2761 moreio
766 2682 947 2781 principio
971 2685 1113 2782 periodi
1138 2682 1282 2762 effestui
1306 2680 1437 2762 dedisse
1465 2674 1613 2762 videtur,

413 2779 454 2862 in
480 2777 686 2875 Hispaniam
711 2779 901 2877 profectus.
953 2782 1021 2858 Cui
1044 2785 1149 2857 robur
1178 2779 1275 2856 addit
1298 2803 1372 2852 non
1394 2797 1527 2856 tanturn
1551 2793 1610 2844 tra·

412 2875 506 2950 ditio
532 2873 622 2972 apud
647 2874 918 2952 Tbeodoretum
941 2879 984 2955 ad
1010 2879 1077 2975 Ep.
1102 2878 1146 2951 ad
1169 2876 1320 2974 Philipp.
1346 2877 1396 2963 l.,
1423 2866 1611 2966 Chrysosto·

411 2995 510 3059 rnum
534 2989 572 3046 et
594 2970 700 3058 alios,
732 2989 774 3048 ut
796 2972 1008 3072 Hieronym.
1033 2974 1075 3047 ad
1099 2972 1179 3047 Am.
1206 2974 1255 3048 V.
1279 2971 1357 3062 sed,
1398 2965 1491 3068 quod
1513 2960 1610 3057 majo·

409 3068 459 3140 ris
490 3063 570 3154 est,
609 3065 777 3144 disertum
806 3068 998 3146 Clementis
1021 3069 1151 3155 Rom..,
1189 3089 1250 3162 ep.¹
1279 3063 1322 3140 ad
1356 3067 1439 3140 Cor.
1471 3085 1541 3154 cap.
1574 3075 1608 3144 5.

409 3158 673 3248 testimonium
697 3160 758 3234 ubi
783 3160 892 3249 dicit,
925 3163 1085 3250 Paulum,
1114 3180 1174 3256 prr
1197 3179 1301 3256 totum
1320 3163 1472 3260 nundum
1493 3153 1608 3230 astur·

410 3261 551 3332 cientem
569 3255 795 3350 euangelium,
830 3257 1006 3354 prrurmffs
1032 3259 1076 3331 nd
1100 3259 1271 3338 occidentis
1300 3258 1490 3332 terminum:
1548 3265 1607 3323 uae

410 3347 542 3448 phrasis
566 3348 604 3422 in
630 3348 838 3446 Hispaniam
861 3351 958 3432 reste
983 3353 1144 3450 quadrat,
1171 3373 1210 3426 nt
1236 3349 1379 3450 egregie
1405 3271 1607 3424 demoniu-

410 3450 467 3530 nit
483 3443 632 3517 Pearson
648 3447 718 3538 Op.
744 3443 860 3520 Posth.
886 3473 923 3542 p.
948 3449 976 3521 1.
1004 3471 1035 3524 c.
1066 3457 1097 3527 8.
1137 3446 1373 3535 Britanniam,
1401 3435 1610 3542 quamintel·

410 3539 536 3618 ledam
562 3540 639 3613 vult
664 3537 926 3637 stillingfletius
959 3541 1097 3641 Origin.
1123 3545 1233 3634 Brit,
1272 3541 1452 3616 includere
1474 3538 1608 3620 liceret,

407 3636 454 3726 fi,
496 3634 638 3709 Ptulunt
672 3657 749 3707 earn
781 3634 924 3727 adiisse,
963 3637 1101 3732 aliunde
1124 3639 1306 3713 constaret.
1356 3637 1481 3709 Euseb.
1511 3633 1606 3704 Deru.

408 3751 535 3824 euang.
569 3729 592 3803 l.
625 3730 690 3802 111:
719 3751 752 3822 7.
785 3729 910 3825 Apost.
944 3732 981 3806 in
1015 3732 1370 3824 insuli'sffssritannicis
1401 3724 1609 3824 euangeliun

404 3822 571 3926 plantasse
597 3823 728 3930 diserte
751 3825 929 3917 adfirmat,
964 3853 1009 3902 ne
1042 3829 1186 3920 alioruin
1219 3828 1372 3906 adferam
1397 3817 1605 3906 testimonia,

405 3920 490 4002 filei
516 3942 624 4016 magis
648 3918 831 4009 sublestae,
856 3923 948 4017 apud
974 3924 1088 4000 Usser.
1113 3923 1200 4002 Ant.
1224 3924 1311 3996 Brit.
1336 3946 1368 3998 c.
1398 3946 1429 3995 1.
1476 3919 1529 3992 Ex
1543 3934 1606 4014 quo

404 4013 584 4187 probabile
618 4037 755 4109 quoque
787 4015 854 4103 fit,
896 4020 1023 4096 Gallias
1062 4021 1142 4092 luce
1178 4017 1351 4116 euangelii
1392 4013 1542 4110 coepisse
1558 4008 1607 4086 il·

419 4109 560 4205 usitati,
583 4131 664 4188 cunr
689 4131 756 4209 per
772 4110 900 4190 Gallias
922 4117 1047 4194 venire
1071 4113 1205 4196 soleant
1227 4113 1267 4194 iu
1281 4111 1498 4216 Hispaniam
1544 4105 1607 4273 db?

399 4246 404 4279 l
423 4267 439 4282 .;
1228 4227 1235 4238 ’
1503 4225 1543 4278 ee
1564 4215 1609 4286 is,
