3609 5500
295 948 367 1041 276
663 918 1118 1033 ''mstorie'Ectlefissclniji

298 1144 345 1197 ne
369 1120 412 1193 de
428 1120 545 1214 Lege,
570 1130 609 1187 ut
635 1111 795 1204 videtur,
820 1134 857 1189 et
883 1114 1096 1213 Euangeli0,
1121 1136 1201 1190 cum
1218 1114 1323 1191 *cansa
1344 1111 1519 1192 caderent

188 1246 193 1254 ·
300 1213 523 1300 Sclrolastici,
564 1211 642 1307 qui,
684 1227 722 1282 ut
749 1209 801 1283 est
835 1210 915 1284 Ait.
942 1212 1008 1285 Vl:
1039 1236 1094 1285 10.
1130 1210 1285 1286 resistere
1311 1235 1383 1285 non
1409 1231 1511 1306 porey

298 1334 376 1387 rant
389 1312 572 1405 sapientiae
596 1304 787 1413 Stephani,
814 1305 953 1402 ejusque
978 1309 1136 1403 Spiritui,
1161 1307 1220 1382 seu
1250 1307 1286 1380 vi
1311 1305 1514 1387 convitio·¹

297 1410 391 1496 riae,
423 1428 464 1478 ac
498 1404 739 1497 eloquentiae,
781 1401 1036 1499 confugerunt,
1082 1427 1150 1500 pro
1175 1426 1275 1477 more
1307 1404 1510 1476 Zelotarum

298 1505 392 1577 inter
420 1496 632 1573 Christianos
661 1519 773 1593 aeque
793 1520 845 1575 tac
869 1497 1039 1593 Judaeos,
1073 1498 1159 1571 teste
1184 1496 1343 1571 omnium
1368 1516 1511 1591 tempo·

295 1623 373 1673 rum
400 1593 638 1691 experientia,
671 1592 713 1665 ad
738 1591 950 1665 violentiora
973 1591 1105 1681 media,
1139 1594 1322 1691 ipsumque
1349 1593 1514 1691 blasphe-

296 1695 388 1770 miae
423 1691 461 1763 in
485 1691 599 1784 legem
629 1706 666 1760 et
691 1688 820 1760 Mosen
846 1687 1047 1762 accusarunt
1072 1712 1189 1763 coram
1213 1688 1416 1786 Synedrm
1449 1685 1512 1764 Ad

297 1789 390 1887 quod
418 1785 562 1873 tradlus,
603 1807 683 1856 cum
710 1782 843 1855 causam
871 1783 964 1856 suam
989 1804 1186 1881 peroraret,
1217 1785 1415 1882 proximam
1444 1806 1513 1879 pe·

293 1883 390 1996 perit
415 1878 512 1953 necis
539 1880 617 1952 sua'e
643 1878 789 1951 causam.
837 1878 963 1952 Oratio
989 1879 1082 2046 qjus,
1106 1880 1148 1954 ad
1177 1880 1319 1977 scopum
1344 1882 1415 1954 ritc
1436 1877 1520 1953 fuit

164 1988 170 1999 '
288 1976 480 2065 iustruita,
521 1998 588 2070 qua
611 1972 915 2063 criminationem,
954 1996 1021 2047 act
1045 1974 1090 2047 de
1114 1974 1218 2049 Mose
1250 1996 1288 2049 et
1311 1978 1342 2049 le
1368 2001 1389 2049 e
1418 1974 1512 2049 male

180 2110 185 2122 ·
294 2076 441 2154 sentiret
465 2088 501 2143 et
526 2069 717 2159 docuisset,
750 2090 820 2140 non
845 2069 953 2141 solum
977 2068 1156 2165 depellit,
1183 2092 1318 2145 narrata
1341 2000 1390 2144 im
1440 2069 1508 2145 lari

294 2170 368 2250 Dei
393 2189 475 2241 cura
498 2188 581 2260 erga
604 2162 838 2253 Patriarchas,
865 2182 903 2236 et
924 2166 1042 2238 Patres
1067 2165 1105 2238 in
1121 2166 1299 2264 AEgypto
1326 2186 1364 2240 et
1415 2166 1509 2240 eser·

295 2288 355 2357 to,
392 2262 455 2335 ‘sed
480 2283 557 2333 eam
591 2258 697 2356 ipsam
728 2258 766 2333 in
795 2259 1013 2333 accusatores
1048 2278 1252 2358 retorquet,
1294 2261 1507 2354 ostendens,

295 2387 380 2450 eos,
398 2377 436 2431 et
452 2375 554 2430 antea
570 2355 728 2452 semper,
753 2372 790 2426 et
808 2378 922 2442 nunc,
943 2354 1014 2428 sese
1032 2380 1213 2452 opponere
1228 2359 1295 2431 Pro
1322 2357 1440 2447 heris,
1466 2375 1508 2438 et

289 2452 442 2553 ·Spiritui
460 2455 515 2539 S.,
541 2474 621 2523 cum
637 2471 738 2524 antea
762 2450 957 2545 Prophetas
974 2451 1106 2524 suerint
1129 2451 1325 2548 persecuti,
1351 2473 1391 2528 et
1406 2473 1505 2528 nune

286 2549 472 2634 ·Melstam,
497 2547 539 2619 ab
564 2545 607 2618 iis
634 2543 858 2641 promissum,
883 2543 1100 2634 occiderint,
1124 2571 1160 2620 v.
1186 2570 1246 2638 52.
1269 2545 1501 2645 magis-coeci

285 2651 394 2745 ‘quam
418 2640 576 2736 Majores
607 2645 645 2712 in
667 2641 866 2736 AEgypto,
905 2636 965 2735 qui
990 2640 1119 2713 Mosen
1143 2640 1183 2713 in
1207 2642 1315 2717 initio
1340 2667 1416 2717 non
1439 2667 1502 2739 ag·

285 2756 488 2828 noverunt,
529 2736 612 2810 licet
640 2761 684 2809 ex
708 2733 868 2831 percollo
891 2735 1084 2832 aegyptio
1120 2734 1156 2810 id
1183 2736 1300 2813 saltem
1331 2737 1505 2839 colligere

292 2833 509 2921 debuissent,
549 2829 677 2904 Mosen
701 2830 856 2926 ipsorum
889 2830 1072 2926 invigilare
1096 2833 1214 2925 saluti,
1254 2834 1413 2932 adeoque
1439 2860 1500 2910 an·

291 2929 458 3007 diendum
491 2925 582 3016 esse,
622 2949 700 2999 cum
733 2926 884 3022 Judaeos
915 2927 1070 3002 rixantes
1101 2928 1329 3004 reconciliare
1362 2930 1501 3007 voluit:

296 3052 341 3102 co
366 3023 463 3098 enim
496 3023 586 3097 vers.
613 3043 670 3112 25.
702 3019 836 3095 diredle
872 3024 1040 3114 tendere,
1083 3024 1219 3121 exseq.
1246 3031 1293 3099 26
1325 3026 1505 3106 elucescit.

285 3123 372 3230 Qua
396 3116 590 3217 posteriore
618 3116 788 3191 orationis
837 3137 911 3191 arte
937 3119 1182 3216 exprobatoria
1206 3121 1430 3213 exacerbati,
1457 3139 1498 3196 et

290 3220 331 3295 in
365 3217 520 3290 furorem
553 3210 643 3306 atti,
683 3212 721 3287 in
753 3214 791 3311 ip
808 3238 864 3287 um
895 3214 1092 3306 irruerunt,
1131 3217 1284 3291 maxime
1344 3217 1502 3314 ostquana

285 3319 401 3410 plenus
425 3313 547 3406 Spiritu
571 3310 630 3398 S.,
656 3308 789 3382 scilicet
806 3309 992 3399 ecstatico‚
1017 3313 1173 3408 adeoque
1194 3313 1234 3387 in
1261 3241 1402 3387 ecliism
1420 3337 1499 3410 rap·

290 3429 366 3495 tus,
407 3404 441 3477 se
462 3408 598 3498 gloriam
624 3403 711 3492 Dei,
751 3419 783 3473 et
810 3401 967 3497 Christum
997 3407 1042 3475 od
1064 3409 1215 3482 dextram
1240 3409 1306 3483 Dei
1331 3407 1501 3506 flentem,

283 3501 414 3577 videre
437 3499 598 3585 dixisset,
636 3522 673 3572 v.
698 3518 757 3587 55.
793 3493 903 3594 (vidit
929 3497 1024 3579 enirn
1058 3500 1095 3575 in
1120 3502 1257 3593 ecstasi,
1290 3523 1364 3578 etat
1391 3529 1434 3578 ue
1462 3509 1500 3579 in

286 3599 433 3692 ¹Spiritu,
469 3593 523 3680 uti
547 3592 616 3686 Ap.
641 3594 670 3668 1.
702 3593 746 3664 de
773 3592 932 3686 Johanne
958 3593 1131 3694 dicium)
1169 3617 1206 3671 et
1229 3599 1342 3673 forma
1367 3596 1502 3709 judicii

286 3693 489 3777 obseruata,
516 3686 626 3782 ipsum
651 3686 823 3796 lapidibus
853 3693 1062 3781 obruerunt,
1087 3716 1129 3765 ac
1156 3715 1345 3784 necarunt,
1371 3719 1502 3790 mgen-

283 3809 325 3864 τε
360 3805 451 3855 voce
485 3784 716 3872 clamantem,
757 3807 794 3856 m
826 3786 959 3882 signum
993 3785 1045 3881 pii
1076 3807 1114 3861 et
1147 3791 1332 3886 composui
1364 3790 1497 3881 animi,

282 3886 423 3960 Domine
447 3904 483 3954 nt
506 3883 636 3973 inputet
669 3876 763 3972 ipfit,
792 3897 824 3952 et
844 3886 962 3976 punias
992 3880 1153 3981 (proprie
1179 3909 1223 3957 ne
1248 3886 1378 3982 pendas
1403 3886 1499 3983 quan
1537 3965 1540 3970 ,

280 3981 326 4056 in
353 3978 458 4063 libra,
482 3974 574 4069 qnod
591 3971 641 4045 est
665 3969 779 4071 aetat)
805 3976 862 4050 hoe
875 3995 1067 4072 peccatum,
1092 3981 1134 4052 ad
1151 3984 1347 4074 exemplum
1364 3980 1499 4059 Christi

286 4076 326 4151 in
345 4092 448 4146 cruce
472 4069 673 4164 pendentis,
699 4078 827 4145 remitte
853 4073 928 4169 ipfis
947 4094 1014 4147 etc.
1041 4075 1128 4147 Luc.
1156 4077 1290 4149 XXIII:
1319 4099 1375 4171 34.
1427 4081 1499 4151 Cu·

276 4176 340 4246 ·'ns
362 4166 524 4262 sanguine
548 4164 701 4239 nondum
727 4167 858 4258 satiati,
894 4169 932 4242 in
957 4167 1109 4262 reliquos
1142 4170 1249 4244 etiam
1276 4169 1499 4247 Christianos

277 4265 484 4347 effuderunt
507 4260 663 4333 furorem
690 4264 803 4348 suum,
829 4288 910 4339 cum
934 4264 1117 4359 ingentem
1141 4266 1301 4340 dicantur
1328 4266 1499 4341 excitasse

281 4357 566 4473 persecutionem
593 4355 676 4436 aet.
709 4360 816 4440 Vlll:
851 4385 883 4438 1.
935 4360 1038 4435 Saulo
1071 4358 1112 4438 in
1141 4363 1264 4462 prinde
1296 4364 1502 4532 Satarpicum

1344 4481 1379 4534 ar
1405 4481 1509 4534 orem
