3609 5500
824 991 933 1073 Serui.
957 997 990 1074 Ιζ
1086 1061 1094 1070 ,
1466 1001 1515 1096 67

284 1171 416 1282 indolis
436 1166 608 1267 ministri,
634 1174 712 1251 zelo
735 1176 868 1347 aporiae
886 1176 981 1269 Dei,
1006 1195 1045 1250 et
1069 1175 1169 1274 regni
1196 1179 1270 1277 ejus
1296 1199 1510 1276 promoven·

285 1271 342 1359 dr,
377 1271 542 1359 incitati,
579 1273 644 1345 sant
680 1279 752 1346 trad
770 1273 872 1362 andi,
905 1293 943 1347 et
967 1274 1164 1347 honorandi
1191 1299 1212 1347 a
1236 1277 1395 1348 Domino
1421 1277 1508 1347 Luc.

288 1367 366 1437 xn-
394 1390 456 1460 37.
503 1368 588 1464 Joh.
616 1369 691 1441 XV
714 1390 752 1442 et
775 1370 879 1444 XVI.
931 1369 1102 1465 Pericopa
1131 1371 1226 1445 enirn
1252 1368 1420 1464 defends
1438 1375 1508 1442 iau·

289 1463 400 1532 rrir'bas
426 1485 498 1533 non
524 1465 567 1535 ad
590 1462 731 1538 Christi.
749 1463 940 1560 discipulos
968 1465 1028 1540 sub
1052 1463 1188 1558 gratia,
1232 1464 1290 1537 scd
1314 1465 1426 1538 Mosrs
1448 1464 1509 1538 sub

287 1557 387 1652 lege,
418 1558 568 1632 omnino
592 1561 772 1654 pertinet,
801 1580 839 1631 et
864 1585 930 1649 eo,
965 1584 1036 1656 quo
1059 1560 1156 1647 dixi,
1183 1559 1307 1633 tendit.

331 1650 365 1748 d.
393 1651 528 1726 Lxrv.
563 1655 760 1742 (nauibus,
783 1677 872 1751 qaae
896 1656 935 1728 in
959 1655 1084 1727 ultimo
1109 1655 1178 1725 hoc
1200 1652 1348 1728 Domini
1377 1650 1507 1744 itinere

282 1746 420 1842 agenda
443 1768 563 1835 erant,
593 1748 764 1843 peraffls,
796 1773 943 1846 quorum
969 1746 1179 1822 exstantiora
1202 1749 1369 1845 quaedam
1395 1745 1507 1842 speci·

287 1841 381 1915 anina
408 1843 531 1915 retulit
556 1843 689 1932 Lucas,
720 1844 822 1918 flexit
846 1844 917 1917 iter
940 1844 1247 1939 Hierosolymam,
1283 1844 1343 1916 ubi
1369 1842 1506 1915 cursum

289 1935 430 2024 finiret,
455 1959 521 2032 per
542 1939 700 2012 confinia
725 1940 900 2014 Galilaeae
928 1960 966 2012 et
990 1941 1185 2025 Samariae,
1209 1939 1399 2033 Jordanem
1425 1959 1505 2009 ver·

291 2033 361 2120 ius,
393 2053 466 2125 quo
495 2032 643 2129 trajeno
665 2053 778 2133 prope
809 2033 1062 2132 Scythopolin,
1105 2033 1253 2106 trannin
1277 2031 1511 2126 Transjorda·

291 2125 428 2200 oensem
454 2127 679 2225 peragravit,
704 2151 741 2202 et
768 2130 867 2203 sedes
891 2153 957 2226 pro
982 2148 1143 2225 tempore
1168 2127 1250 2201 finit
1273 2128 1310 2200 in
1339 2128 1507 2198 Bethaba-

291 2246 341 2309 ra,
373 2221 435 2294 sea
463 2222 662 2313 ioc0,·ubi
688 2225 866 2322 Johannes
898 2224 936 2298 in
963 2226 1145 2322 principio
1178 2221 1382 2318 baptizavit.
1418 2221 1503 2295 Luc.

291 2317 411 2390 XVII:
443 2339 498 2389 ιι.
523 2317 692 2408 traditur,
732 2344 812 2394 eum
833 2340 896 2416 per
924 2325 1061 2394 aredium
1085 2323 1257 2393 Samariae
1279 2338 1311 2391 et
1339 2317 1508 2389 Galilaeae

292 2411 480 2501 omnine,
519 2413 678 2509 adeoque
706 2437 772 2512 per
804 2417 931 2508 vallern
958 2415 1137 2514 Jizreelis,
1184 2435 1331 2511 campum
1357 2431 1510 2507 margnam

293 2505 365 2580 stilo
396 2509 567 2605 Josepni,
599 2533 619 2583 a
642 2530 766 2583 monte
789 2513 928 2584 Carmel
955 2514 997 2585 ab
1018 2512 1141 2584 occasu
1169 2510 1239 2584 sese
1265 2508 1508 2605 porrigentem

288 2604 329 2678 ad
367 2606 572 2693 ordonem,
588 2604 647 2677 ubi
666 2605 831 2702 trajenus
853 2627 928 2679 erat
944 2606 1091 2681 celebris
1116 2628 1229 2701 prope
1252 2603 1384 2702 Scytha
1412 2601 1507 2693 olin;

287 2723 335 2773 en
388 2757 401 2788 ,
438 2699 591 2796 Jordane
618 2700 797 2798 snperato,
832 2701 932 2777 venit
964 2702 1000 2777 in
1037 2700 1185 2776 tracium
1210 2628 1507 2797 ‘l'ransjoni'anen-

289 2795 381 2882 fem,
406 2795 493 2869 ficut
517 2795 629 2891 prima
652 2797 732 2870 vice
754 2818 856 2871 antea
885 2798 1040 2889 fecerat,
1073 2800 1181 2872 Mart.
1206 2798 1304 2872 XIX:
1333 2820 1365 2871 1.
1390 2816 1428 2868 et
1444 2818 1507 2869 ve·
1566 2884 1570 2892 Ι

290 2892 345 2964 nit
369 2892 570 2980 inlocum,
606 2893 866 3061 ubidohanncs
888 2894 926 2966 in
953 2894 1059 2969 initio
1080 2893 1234 2968 versatus
1259 2911 1356 2979 erat3
1388 2890 1508 2988 ibique

291 2985 538 3075 moretonii,
563 2988 645 3084 Joh;
670 3013 715 3062 ,ε
740 3012 799 3078 40.
849 2993 889 3063 In
917 2989 1045 3064 itinere
1072 3006 1189 3064 antem
1217 2989 1251 3061 ei
1274 3009 1358 3061 mox
1383 2987 1507 3060 decem

289 3080 423 3176 i-:profi
447 3100 672 3157 occurrerunt
726 3085 768 3156 ab
793 3083 871 3179 ipso
902 3085 1030 3177 sanati,
1062 3087 1122 3158 sed
1170 3108 1290 3156 uorum
1320 3106 1408 3155 unus
1432 3100 1507 3152 tan·-

291 3196 396 3260 nnn,
413 3175 658 3268 Samaritanus,
675 3139 709 3251 ie
728 3198 912 3274 purgatum
930 3180 1103 3267 sentiens,
1122 3111 1168 3250 ai
1185 3177 1358 3248 Christum
1376 3171 1508 3263 rediit,

293 3270 384 3344 Deo
407 3266 550 3363 gloriam
574 3273 674 3346 dans:
701 3271 794 3369 quod
819 3269 976 3369 express'e
1001 3271 1038 3344 in
1055 3271 1266 3367 Judaeorunr
1289 3262 1506 3438 pudefad‘tio*

290 3383 377 3439 nero
399 3364 605 3458 adnotator,
646 3369 733 3441 Luc.
762 3367 883 3443 XVII:
914 3388 1071 3457 12-19.
1119 3367 1269 3440 Deina
1323 3361 1507 3459 harisaeis,

291 3458 476 3534 commoni
500 3463 679 3558 opinione¹
697 3463 742 3535 de
761 3482 931 3550 externo,
956 3482 993 3535 et
1013 3462 1196 3561 uoerrestri,
1223 3457 1371 3534 Moffiae
1394 3476 1507 3558 regno

293 3556 445 3644 inbutis,
480 3576 639 3655 rogatur,
671 3560 794 3654 qnando
819 3580 952 3653 regnam
976 3559 1043 3630 Dei
1056 3557 1106 3652 fia
1137 3560 1379 3655 adparitaruan,
1412 3554 1508 3631 forte

295 3676 338 3726 ex
360 3648 516 3741 Christi,
557 3674 653 3729 tanta
678 3652 859 3727 hominum
895 3658 995 3727 turba
1019 3653 1148 3743 cinni,
1183 3653 1354 3750 pomposo
1378 3652 1511 3726 itincre

296 3747 579 3843 Hierosolymam
604 3748 740 3834 versus,
768 3749 1069 3847 conjicientibus,
1093 3749 1175 3823 iilud
1202 3769 1338 3857 tempus
1363 3748 1400 3819 in
1424 3771 1536 3841 pro·x

291 3842 411 3916 cinno
446 3836 538 3933 effe,
581 3845 626 3919 iis
649 3843 853 3939 {impliciter
883 3864 923 3917 et
951 3846 1091 3938 obliquo
1125 3844 1327 3940 respondrt,
1359 3857 1510 3936 regnum

294 3939 372 4011 iilud
391 3958 481 4010 curn·
493 3960 644 4014 externo
661 3938 855 4035 Majestatis
882 3938 1065 4038 splendore
1084 3937 1137 4038 (id
1158 3941 1252 4013 eninr
1272 3936 1322 4012 est
1344 3967 1427 4036 pree
1445 3962 1512 4014 w

294 4030 497 4133 μιμήσεως)
523 4060 597 4109 non
619 4032 765 4125 venire,
800 4037 849 4109 ita
875 4056 914 4109 at
939 4059 984 4108 err
1009 4058 1097 4108 vero
1121 4034 1194 4109 dici
1219 4052 1343 4133 queat,
1378 4037 1428 4108 iric
1451 4052 1512 4111 ant

297 4135 364 4207 iilic
388 4133 463 4206 sese
489 4130 661 4219 ostentat,
699 4131 775 4205 imo
799 4131 912 4205 adeffe
939 4132 1018 4226 jaro·
1038 4130 1119 4205 illud
1152 4131 1190 4206 in
1224 4132 1323 4205 mdo
1353 4132 1512 4241 ipsoram,

300 4226 406 4323 (qnod
442 4225 507 4300 hic
535 4227 588 4302 est
614 4227 687 4303 ἰπδς
706 4233 784 4323 ὑμῶν
809 4250 881 4301 non
906 4232 996 4301 intra
1024 4250 1108 4314 vos,
1150 4227 1208 4300 seu
1233 4233 1266 4300 in
1292 4229 1413 4313 vobis,
1451 4227 1512 4299 seu

303 4324 421 4398 animis
446 4323 595 4412 vestris,
630 4322 687 4396 sed
710 4331 796 4399 inter
820 4349 895 4413 ras,
931 4325 966 4396 in
995 4321 1114 4396 medio
1135 4322 1310 4409 vestrum3
1344 4335 1514 4416 quatenus

301 4415 379 4494 irad
402 4445 471 4521 por
497 4416 680 4499 chrirhan
704 4436 802 4502 tanta
826 4444 906 4500 cum
933 4418 1089 4591 elfficacia
1112 4418 1183 4500 sese
1201 4410 1424 4507 exserenda
1451 4430 1515 4592 pip-

980 4539 1002 4592 2
1402 4533 1451 4611 po
1479 4528 1516 4595 tc
