3609 5500
623 766 631 783 .
723 686 892 775 mota
1352 636 1421 793 aar

181 866 275 943 licet
296 868 465 964 salutare,
505 873 660 972 tempori
682 874 1006 964 adcommodatum,
1040 888 1077 948 et
1097 866 1275 957 'schismati
1301 868 1417 949 Chris·

185 970 387 1058 tianorum,
430 993 475 1043 err
502 972 677 1047 Gentibus
707 990 746 1045 et
775 968 937 1066 Judaeis,
978 966 1241 1065 praeveniendo
1271 990 1413 1063 aptum,

180 1061 483 1137 contentionibus
506 1068 648 1163 quidem
666 1067 704 1139 in
727 1070 836 1142 initio
851 1066 969 1162 posuit
996 1068 1154 1153 obicem,
1180 1064 1238 1147 sed
1273 1067 1411 1159 perfec·

183 1178 258 1228 tam
292 1158 491 1233 Gentilium
515 1181 553 1233 et
580 1164 789 1257 judaeorum
822 1163 990 1235 unionem
1018 1160 1055 1234 in
1080 1168 1182 1233 un'am
1206 1162 1411 1249 societatem

179 1275 258 1325 uon
284 1255 477 1347 produxit,
517 1259 609 1331 vitio
641 1278 680 1329 et
704 1260 804 1353 culpa
834 1255 1009 1351 utniulque
1036 1253 1131 1328 sorte
1156 1257 1286 1352 partis,
1329 1278 1411 1337 cum

185 1348 416 1425 Gentileeaeo
441 1352 532 1424 ebuli
557 1352 701 1425 subinde
725 1352 880 1442 luerint,
907 1370 944 1423 et
970 1348 1094 1446 Judaei
1117 1350 1155 1425 in
1175 1348 1410 1446 suspicionem

182 1444 376 1533 uenerint,
417 1446 632 1521 Christianos
652 1448 805 1541 gentiles
829 1451 873 1522 ab
898 1447 997 1519 omni
1030 1444 1227 1521 idololatria
1252 1445 1410 1521 nondum

184 1538 295 1633 plene
314 1538 418 1613 fuisse
434 1563 628 1639 purgatos,
654 1544 870 1617 stmultotius
893 1542 981 1638 legis
999 1540 1093 1615 Mos.
1118 1540 1410 1638 abrogationem,

180 1637 295 1705 etiam
336 1635 496 1731 serpena
520 1639 752 1733 ludaeorum,
801 1637 986 1711 intendere
1029 1658 1071 1709 ac
1096 1634 1239 1711 moliri.¹
1277 1635 1412 1733 Utique

184 1750 230 1800 ex
260 1728 465 1803 Gentilibus
490 1732 666 1821 nonnulli,
705 1755 744 1806 ut
770 1735 888 1830 aliquo
918 1732 1112 1827 specimine
1149 1732 1242 1805 diua
1276 1734 1406 1805 confir·

184 1848 304 1911 metu,
345 1826 384 1897 in
417 1829 540 1921 primis
570 1828 795 1924 Philosophi,
838 1830 895 1902 seu
929 1828 1079 1903 scientia
1109 1828 1240 1923 majore
1271 1824 1412 1919 inflati,

186 1918 282 1991 inter
315 1921 540 2013 Corinthios,
581 1926 698 1997 idolum
721 1922 795 1999 elle
824 1924 948 2013 nihili,
993 1922 1182 2019 nulliusque
1215 1921 1340 1995 valoris
1366 1922 1412 1995 ad
1529 2006 1536 2015 ,

186 2020 306 2087 cibum
327 2019 575 2110 polluendum,
599 2018 809 2107 statuentes,
843 2021 1043 2114 nullumque
1071 2018 1130 2093 ribi
1155 2016 1225 2091 else
1250 2037 1411 2091 metuen-

191 2110 273 2183 dum
296 2112 492 2205 periculum
524 2118 566 2187 ad
598 2112 827 2189 idololatriam
850 2134 910 2189 aut
947 2115 1194 2187 scortationem
1226 2115 1412 2208 prolaben-

191 2204 248 2291 di,
271 2206 352 2294 libi,
379 2230 452 2279 non
478 2206 634 2283 obstante
659 2208 730 2284 hoc
746 2208 997 2305 Apostolorum
1032 2208 1243 2297 interdidlo,
1267 2207 1409 2290 licitum

187 2302 260 2375 elle
282 2322 451 2398 putarunt
475 2302 511 2376 in
548 2304 625 2400 ipso
636 2303 728 2397 fano
751 2308 828 2377 idoli
851 2308 1080 2393 accumbere,
1113 2323 1151 2377 et
1175 2304 1335 2401 quemvis
1358 2304 1410 2378 ci·

189 2396 292 2486 burn,
336 2397 447 2471 etiam
475 2397 574 2474 idolo
607 2402 868 2491 consecratum,
909 2398 1063 2475 sumere:
1105 2401 1254 2495 quodA
1283 2398 1412 2477 ostolut

192 2496 313 2565 1Cor.
342 2493 436 2565 VIII
460 2511 496 2567 et
519 2497 564 2569 X.
588 2494 841 2593 reprehendit,
873 2518 946 2569 non
974 2514 1134 2591 tanquam
1160 2514 1224 2591 per
1248 2424 1281 2571 lh
1307 2497 1409 2571 illici·

191 2606 287 2676 turn,
310 2588 358 2659 de
383 2612 455 2684 quo
473 2610 589 2680 tacet,
612 2592 670 2665 sed
688 2593 846 2665 chamati
860 2614 944 2686 erga
968 2590 1145 2665 infirmum
1164 2592 1305 2667 sratrem
1323 2616 1409 2668 con·

194 2682 358 2772 crarium,
392 2704 429 2756 et
446 2684 764 2761 offensionemdare
787 2704 918 2784 aptum.
967 2683 1156 2762 Christiani
1174 2709 1262 2762 vero
1286 2710 1330 2762 ex
1347 2690 1410 2784 Ju-

192 2778 300 2868 daeu,
325 2799 502 2888 quotquot
525 2785 608 2877 legis
621 2781 757 2876 studtist
783 2801 907 2871 erant,
949 2783 1077 2859 aelorae
1104 2783 1187 2876 legis
1218 2779 1304 2856 uiui
1323 2782 1406 2858 Au.

192 2875 314 2965 1le„
335 2875 419 2950 tllud
442 2876 481 2952 iu
504 2876 668 2952 fratribus
692 2875 882 2971 gentilibur
907 2897 980 2950 non
1012 2893 1145 2950 tantum
1175 2899 1215 2948 ae
1261 2899 1281 2949 e
1314 2877 1410 2950 fere·

194 2971 298 3059 bant,
322 2969 376 3043 sed
401 2989 440 3044 et
463 2970 502 3045 in
520 2969 751 3068 suspicionem
772 2987 968 3060 venerunt,
991 2993 1054 3044 eor
1076 2971 1192 3066 legem
1262 2967 1327 3046 osu
1391 3011 1409 3028 ·

196 3063 286 3138 nitus
310 3067 400 3140 velle
425 3064 616 3156 abolitam,
652 3064 762 3140 etiam
790 3065 1001 3161 Judaeorum
1036 3063 1214 3163 respeuu:
1256 3063 1308 3138 uti
1360 3063 1408 3144 sl.

196 3159 291 3236 Xllb
320 3181 380 3236 ur.
403 3159 532 3238 diserte
559 3161 716 3238 traditur.
764 3161 924 3268 Quorum
949 3158 1075 3259 aliqui,
1107 3163 1184 3236 zelo
1208 3159 1268 3236 suo
1296 3162 1335 3238 iu
1359 3165 1407 3260 al·

195 3275 304 3330 terum
333 3277 531 3334 extremum
561 3256 722 3354 abrepti,
761 3277 800 3330 ut
825 3256 915 3353 legit
937 3256 1162 3334 autoritatem
1187 3256 1402 3352 stabilirent,

194 3374 236 3424 ac
257 3353 486 3443 extollerent,
528 3377 601 3428 non
624 3349 806 3443 contenti,
846 3353 1000 3448 gentiles
1020 3351 1202 3426 decretum
1227 3351 1407 3449 Apostoli·

196 3471 271 3522 curn
295 3448 504 3539 observare,
530 3473 591 3522 eos
614 3449 658 3522 ad
684 3446 793 3525 totius
816 3447 905 3616 lefiir
929 3446 1040 3522 Mosu
1060 3449 1314 3523 observantiam
1334 3451 1405 3526 else

195 3545 366 3640 obligatos
393 3567 518 3640 urgere
543 3563 759 3640 coeperunt,
793 3563 830 3622 et
913 3541 1006 3640 ipsos
1022 3543 1149 3618 fortius
1167 3543 1237 3638 legi
1258 3544 1403 3618 adstrin-

197 3659 341 3726 xerunt,
383 3658 546 3738 tauquam
577 3641 675 3735 cujus
702 3638 925 3713 observantia
961 3639 1002 3717 stt
1029 3639 1070 3714 ad
1094 3637 1261 3735 justitiam
1287 3662 1407 3716 coram

199 3735 296 3822 Deo,
335 3751 375 3806 et
400 3735 510 3810 vitam
535 3754 735 3822 aeternam,
769 3732 976 3809 necelsaria:
1010 3733 1101 3806 unde
1127 3755 1210 3806 tunc
1234 3752 1314 3806 nata
1339 3733 1408 3812 suit

196 3829 279 3903 haec
303 3829 471 3920 haerelis,
497 3855 584 3928 quae
603 3851 766 3925 tempore
792 3826 941 3924 scriptae
960 3827 1067 3926 Epist.
1095 3827 1187 3903 Pauli
1207 3828 1248 3902 ad
1268 3831 1404 3924 Galat,

197 3923 373 3998 ininitiis
396 3925 577 4014 Neronis,
618 3945 657 3999 ut
692 3925 792 4021 lupra
823 3925 995 4014 uidimus,
1037 3923 1176 3997 videtur
1209 3919 1246 3996 in
1279 3946 1407 4000 nervos

199 4018 365 4115 erupisse,
406 4023 505 4094 etin
532 4019 709 4117 principio
737 4020 827 4094 haud
858 4022 955 4094 leves
980 4020 1168 4094 concitalie
1194 4017 1330 4106 turbas3
1364 4039 1404 4092 ut

195 4137 237 4188 er
265 4115 322 4188 illa
344 4135 444 4209 patet
465 4115 577 4215 Epist,
625 4114 857 4204 Contionum,
892 4136 931 4196 et
957 4117 1064 4228 magis
1087 4111 1331 4202 diffeminata,
1356 4111 1409 4189 tst

236 4209 327 4293 Tum.
351 4203 427 4287 III.
794 4209 869 4286 Hb
1242 4205 1408 4304 sequente
