3609 5500
210 426 1642 692 u

669 929 687 994 ,“
746 916 901 998 'dicul
924 916 1001 993 Ill.
1093 931 1095 938 ’
1281 916 1283 920 ’
1435 936 1512 1014 753

283 1090 349 1170 etsi
370 1094 548 1191 generalia
573 1093 671 1185 sunt,
696 1115 764 1194 pro
789 1094 979 1195 hypothesi
997 1112 1116 1170 tamen
1135 1090 1289 1186 babent,-
1310 1090 1505 1190 baptismam

282 1190 353 1265 else
382 1193 472 1288 apud
506 1191 706 1268 haereticos
740 1194 933 1282 collatum,
974 1191 1132 1286 adeoque
1162 1207 1261 1263 extra
1291 1195 1504 1287 quaestionis

282 1284 413 1360 statum
446 1310 522 1365 nou
560 1286 641 1363 sunt
680 1289 912 1361 extendenda.
965 1285 1111 1381 Praesup
1138 1285 1259 1363 ouitur
1303 1303 1421 1361 autem
1462 1286 1502 1361 iu

284 1380 511 1477 quaestione,
549 1382 756 1480 baptismum
770 1385 866 1481 ¹apud
885 1382 1095 1457 eos-admini
1128 1380 1215 1469 rari,
1252 1379 1409 1477 adeoque
1441 1405 1504 1457 ex·

284 1497 419 1551 ternam
444 1478 592 1553 retineri
610 1480 778 1555 sunnam:
802 1478 959 1591 quaestio
980 1478 1075 1557 eninr
1104 1500 1176 1550 non
1199 1495 1274 1549 erat
1299 1478 1344 1549 de
1359 1497 1505 1553 externa

285 1572 610 1666 administratione,
630 1575 693 1651 -sed
711 1574 872 1674 baptismi
888 1574 1030 1663 valore3
1055 1596 1148 1661 non,
1167 1594 1247 1645 num
1266 1574 1356 1645 bene
1373 1595 1504 1647 anma-
1609 1586 1613 1605 ¹
1655 1583 1657 1588 ’

284 1669 381 1742 leid
407 1668 587 1766 facerent,
628 1694 741 1771 eoque
766 1674 912 1746 nomine
929 1670 1106 1767 legitimus
1131 1691 1197 1742 nec
1229 1691 1294 1755 ne,
1335 1687 1394 1742 aut
1429 1667 1504 1741 nul·

286 1764 359 1854 lus,
384 1768 477 1861 quod
504 1766 593 1840 ritus
616 1765 754 1840 externi
771 1788 843 1840 non
859 1766 1037 1841 observati
1053 1764 1205 1852 fuerint,
1232 1764 1291 1854 sed
1317 1785 1387 1853 an,
1417 1764 1504 1838 licet

285 1860 449 1956 legitime
474 1859 754 1952 administratus,
786 1862 879 1960 apud
896 1860 1126 1936 ·Haereticos
1160 1882 1266 1932 verus
1295 1860 1402 1955 possit
1433 1857 1503 1932 elle

286 1955 505 2050 baptismus?
529 1957 726 2053 Cyprianus
753 1955 892 2049 statuit,
917 1958 1008 2056 apud
1038 1956 1169 2030 nullum
1195 1954 1414 2029 haereticum
1433 1955 1503 2032 esse
1568 2037 1594 2050 .,

285 2048 383 2147 polle
400 2051 630 2146 baptismum,
654 2055 852 2149 Stephanus
866 2076 953 2126 uero
968 2052 1059 2149 apud
1078 2073 1201 2124 omnes
1216 2050 1308 2139 else3
1328 2052 1401 2145 ille,
1419 2052 1502 2127 nae.

285 2146 376 2219 resin
403 2167 440 2219 et
460 2147 604 2222 schisma
630 2146 746 2228 facete
779 2150 986 2247 baptismum
1017 2149 1158 2234 nullutn,
1196 2146 1503 2236 lricvero,1inde

285 2240 370 2316 nihil
393 2242 556 2339 accipere
580 2263 639 2317 aut
655 2245 802 2340 perdere
829 2248 870 2318 ba
897 2243 1045 2319 rismum.
1095 2240 1280 2317 Generalis
1293 2240 1413 2340 itaque
1424 2264 1504 2315 ver·

287 2339 330 2414 ba
356 2339 414 2413 illa
428 2341 601 2436 Stephani
624 2344 667 2415 ad
690 2342 782 2415 hanc
804 2271 938 2416 caullm
966 2340 1054 2414 nihil
1082 2338 1237 2427 iaciunt,
1271 2360 1351 2410 cum
1377 2339 1420 2412 ad
1443 2362 1504 2412 ex·
1546 2370 1555 2378 ·

285 2450 420 2506 ternam
446 2433 595 2509 formam
618 2458 690 2510 non
714 2436 938 2533 pertineant,
980 2436 1039 2510 sed
1071 2458 1148 2507 eam
1181 2433 1300 2530 potius
1330 2433 1504 2530 integram

285 2525 356 2600 esse
382 2526 684 2629 praesupponunt:
711 2555 778 2608 nec
802 2531 885 2610 inde
901 2531 1021 2626 colligi
1040 2529 1176 2627 potest,
1201 2526 1283 2624 quid
1299 2526 1503 2603 laciendum

285 2621 471 2712 censuisset
489 2628 706 2723 Stephanus,
732 2626 757 2701 sr
775 2629 817 2710 ab
834 2628 1022 2710 haereticis
1040 2625 1205 2722 aliquibus
1220 2642 1367 2698 externa
1384 2621 1504 2699 suisset

283 2717 474 2796 adulterata
500 2722 618 2796 sorma
674 2721 806 2826 Quid?
844 2725 939 2820 quod
966 2720 1182 2796 Finnilianus
1207 2721 1243 2795 in
1263 2720 1332 2817 Ep.
1368 2719 1430 2795 cit.
1461 2718 1505 2797 ad

285 2817 451 2911 cyprian.
475 2815 566 2891 haud
591 2819 736 2893 obscure
771 2817 966 2914 significet,
1006 2818 1155 2891 soima‘m
1180 2815 1272 2890 illam
1307 2815 1378 2890 elle
1411 2817 1503 2890 inte·

285 2933 384 3007 gram
411 2911 578 3008 utrinque
601 2913 858 3022 praesupponi,
924 2915 981 2989 uia
1004 2911 1087 2987 inde
1110 2914 1309 3007 legitimum
1336 2911 1407 2985 elle
1441 2936 1460 2984 e

285 3030 365 3082 rum
398 3007 609 3103 baptismum
639 3011 760 3107 colligi
784 3011 871 3085 vult
912 3009 1094 3107 tephanus.
1141 3011 1233 3082 Illud
1254 3029 1368 3101 quoque
1389 2934 1505 3140 alsa}

287 3105 382 3194 dum,
417 3102 531 3201 inquit
555 3107 583 3179 F
585 3106 795 3195 irmilianus,
836 3107 917 3201 quad
940 3130 1001 3181 non
1020 3119 1161 3199 putant,
1193 3103 1403 3201 quaerendum
1423 3101 1505 3197 iffi,

288 3201 360 3294 quis
380 3196 430 3293 stt
454 3201 531 3292 illa,
556 3207 610 3299 qui
633 3205 875 3298 baptizaverit,
900 3226 957 3291 eu,
981 3203 1060 3295 quad
1073 3203 1128 3301 qui
1152 3202 1345 3294 baptizatus
1355 3195 1404 3290 stt
1426 3222 1508 3293 gra·

290 3298 372 3369 tiam
397 3294 487 3394 conse
508 3302 542 3370 ui
563 3304 719 3394 potuerit,
742 3301 895 3373 invocata
923 3296 1086 3371 Trinitata
1112 3296 1247 3383 Patris,
1270 3294 1351 3368 Filii
1374 3309 1406 3368 et
1431 3296 1505 3391 Spi-

286 3395 375 3466 ritus
396 3391 432 3467 S.
518 3416 565 3467 uo
586 3392 675 3469 nihil
700 3395 739 3468 in
772 3394 863 3468 hanc
890 3415 965 3467 rem
989 3391 1040 3467 est
1070 3390 1280 3468 evidentius.
1328 3388 1505 3485 Accedit,

287 3483 376 3575 mihi
402 3510 475 3562 non
497 3493 648 3587 liquere,
681 3491 723 3563 ab
747 3488 862 3587 aliquo
885 3488 1141 3565 haereticorum
1173 3486 1354 3563 formulam
1381 3486 1507 3585 baptis·

286 3583 337 3659 mi
365 3581 466 3660 fuisse
492 3585 736 3680 depravatam,
762 3584 851 3660 adeo
875 3603 915 3658 ut
935 3608 977 3660 ea
1002 3585 1073 3657 hoc
1096 3604 1167 3659 tem
1195 3607 1257 3658 ore
1287 3582 1326 3658 in
1362 3585 1506 3656 censum

289 3679 442 3756 venerit.
493 3681 657 3771 Facilius,
682 3679 797 3778 inquit
815 3679 961 3778 August.
985 3680 1030 3755 de
1050 3683 1144 3775 bapt.
1168 3607 1193 3751 l
1217 3680 1303 3752 VII.
1333 3698 1392 3787 25.ο
1414 3681 1504 3750 iava-

289 3773 357 3846 ttiri
379 3772 575 3863 haereticos,
608 3780 662 3871 qui
689 3780 811 3849 omnino
833 3801 893 3848 non
920 3779 1114 3868 baptizent,
1147 3796 1240 3867 quam
1266 3773 1320 3863 qui
1342 3771 1409 3842 illis
1433 3797 1506 3846 rer·

288 3871 341 3941 bis
367 3889 426 3939 nan
451 3871 634 3964 baptizent.
681 3870 796 3945 nette
821 3868 937 3967 itaque
955 3867 1195 3957 concluditur,
1218 3865 1260 3938 ad
1285 3865 1506 3961 praesentem

290 3961 526 4062 quaestionem
554 3964 640 4041 nihil
663 3964 783 4042 feciffe
791 3964 975 4065 formulam
991 3959 1172 4060 baptismi,
1196 3959 1256 4035 sed
1272 3978 1406 4047 tantum
1420 3963 1504 4038 hae·

285 4057 379 4149 resin
404 4077 440 4132 et
464 4059 617 4138 schisma.

335 4156 368 4266 s.
395 4158 557 4230 CXLIII.
591 4159 753 4240 Alterum
778 4159 968 4259 quaesitum
990 4155 1035 4230 de
1057 4154 1213 4232 efficacia
1237 4148 1401 4246 baptismi
1422 4150 1505 4226 hae·

289 4267 502 4343 aencorum,
534 4276 553 4327 a
575 4257 756 4366 Stephano
782 4252 943 4343 admissa,
973 4254 1088 4349 aliqua
1110 4254 1168 4327 vel
1185 4249 1300 4324 nulla?
1329 4270 1376 4355 err
1402 4247 1509 4343 hujus

288 4347 357 4424 sec.
383 4347 521 4443 scriptia
545 4350 683 4432 definiri
707 4355 839 4455 nequit,
890 4352 990 4426 Num
1015 4348 1139 4429 iisdem
1167 4370 1214 4424 ex
1237 4340 1444 4450 principiis,
1461 4366 1509 4421 ex

323 4438 526 4551 lanulis.
836 4448 986 4524 cccco
1388 4437 1511 4536 qubus
