3609 5500
740 777 748 794 Ι

677 885 696 966 .·
807 855 1020 966 teritur.
1450 915 1525 1006 745

286 1086 355 1147 aar
384 1072 591 1171 Presbyter,
622 1091 712 1163 erm,
751 1071 806 1168 qui‘
825 1068 868 1167 se
904 1084 1089 1166 spectaro
1122 1076 1302 1165 convertit,
1340 1095 1401 1148 non
1428 1096 1518 1151 rece.

289 1174 397 1266 perir,
428 1168 491 1269 fid
517 1174 671 1266 eJ‘rcarir,
702 1169 921 1264 deponantur,
953 1171 1030 1264 quio
1059 1166 1227 1265 contristas
1252 1170 1431 1267 Christum,
1464 1173 1515 1244 di'.

278 1283 417 1341 ommni
426 1293 442 1358 ,-
475 1270 634 1363 gaudium
657 1270 762 1340 orr'ritr
787 1267 822 1337 i‘rr
847 1264 1047 1361 coelojoper
1070 1289 1132 1339 rrrio
1159 1284 1329 1361 peccatore
1349 1273 1515 1365 poeniteri.

294 1379 338 1437 se.

343 1456 376 1556 s.
400 1458 604 1534 CXXXVI.
628 1455 964 1557 Hypotheses'vero
985 1458 1207 1550 Novatiani,
1231 1457 1328 1535 hisce
1356 1461 1512 1539 decretis

295 1556 497 1652 oppositae,
522 1578 629 1653 quae,
654 1556 751 1628 hisce
775 1556 984 1651 praemissis,
1009 1555 1079 1630 sese
1104 1555 1209 1630 sacile
1234 1556 1412 1649 offerunt,
1436 1561 1513 1635 sue·

292 1670 376 1724 runt
401 1651 593 1749 sequentes.
649 1674 680 1726 1.
706 1653 839 1727 Omnes
863 1652 987 1750 lapsos,
1029 1654 1124 1727 nullo
1156 1652 1252 1728 sasso
1286 1654 1513 1748 discrimine,

292 1773 313 1823 a
337 1749 585 1824 communione
608 1747 783 1821 Ecclesiae
807 1750 877 1824 else
901 1750 1158 1840 removendos,
1182 1749 1255 1824 fine
1279 1752 1343 1826 ulla
1366 1754 1426 1851 spe
1450 1756 1510 1827 ab·

292 1839 488 1920 solutionis.
544 1867 577 1919 2.
610 1845 694 1919 Nec
727 1845 832 1939 lapsos
867 1865 1024 1935 tantum,
1065 1846 1126 1920 sed
1169 1845 1390 1946 quoscunque
1430 1851 1514 1926 alios

292 1942 480 2015 criminum
504 1943 690 2014 mortalium
715 1962 805 2017 reos.
858 1966 891 2037 3.
918 1944 1059 2039 Absque
1086 1959 1203 2016 tamen
1232 1963 1270 2016 ut
1294 1945 1372 2041 spes
1398 1944 1513 2022 salutis

292 2039 375 2135 ipsis
400 2038 509 2113 fuerit
532 2038 691 2124 ademta,
718 2036 799 2132 quia
824 2041 908 2115 Deo
932 2063 997 2136 per
1023 2038 1280 2136 poenitentiam
1305 2044 1510 2117 reconcilia·

292 2138 323 2208 ri
347 2135 497 2230 possunt.
548 2158 584 2224 4.
610 2134 680 2206 Sed
706 2133 883 2210 Ecclesiae
908 2158 972 2209 eos
998 2157 1070 2209 nou
1089 2135 1198 2208 licere
1221 2135 1403 2232 recipere,
1430 2141 1512 2236 quia

292 2254 415 2305 eorum
442 2228 680 2326 respiscentia
704 2250 804 2304 certo
826 2231 984 2326 dignosci
1012 2232 1156 2327 nequit,
1196 2232 1346 2306 crimina
1370 2257 1511 2332 quoque

291 2349 412 2400 eorum
439 2328 529 2401 hanc
554 2343 734 2401 merentur
758 2350 932 2424 poenam,
960 2326 1111 2424 denique
1133 2327 1287 2403 Ecclesia
1306 2354 1512 2427 percorum

290 2423 531 2497 admiffionem
560 2423 835 2515 contaminatur,
877 2447 1001 2497 eorum
1026 2423 1158 2520 quippe
1181 2425 1394 2520 participans
1426 2453 1510 2523 pec·

290 2539 379 2592 cata.
433 2543 467 2610 5.
493 2525 580 2595 Cum
607 2518 795 2616 coituque
820 2540 927 2595 coetu
951 2520 1239 2593 communionem
1265 2543 1334 2593 non
1360 2521 1431 2596 else
1449 2526 1509 2598 ha·

290 2618 461 2708 bendam,
487 2619 547 2716 qui
565 2640 645 2692 cum
663 2615 779 2711 lapsis,
805 2637 842 2690 et
861 2616 1030 2711 ejusmodi
1048 2637 1277 2711 peccatorum
1295 2616 1383 2709 reis,
1413 2642 1513 2694 com·

290 2713 468 2804 municas,
504 2737 586 2787 cum
619 2711 653 2785 id
684 2712 755 2786 sirie
781 2711 1083 2786 contaminatione
1107 2713 1186 2787 fieri
1220 2737 1383 2810 nequeat.
1435 2718 1511 2793 Has

290 2810 459 2910 genuinas
482 2811 557 2908 ejus
584 2808 684 2882 fuisse
710 2809 920 2905 opiniones,
946 2808 1077 2904 partim
1104 2831 1149 2883 ex
1167 2809 1335 2908 Cypriani
1354 2812 1418 2910 ep.
1447 2836 1508 2906 55.

289 2904 419 3004 partim
442 2929 487 2981 ex
512 2907 657 2980 decreto
686 2905 808 3002 synodi
834 2903 1038 3001 carthagin.
1064 2922 1102 2978 et
1125 2906 1328 2997 Romanae,
1354 2909 1418 3004 ipsi
1445 2935 1509 3006 op·

287 3001 426 3102 posito,
450 3004 580 3101 partim
606 3024 652 3075 ex
683 3001 855 3092 Paciano,
882 3001 921 3076 in
948 2998 1049 3096 epist.
1074 2999 1117 3074 ad
1143 3003 1440 3100 sympronianum
1468 3009 1508 3081 iu

289 3100 378 3175 Bibl.
403 3098 460 3174 M.
479 3101 640 3187 Parrum,
665 3115 702 3171 et
717 3097 812 3186 aliis,
841 3098 934 3172 clare
953 3092 1144 3186 elucescit,
1171 3117 1209 3172 ut
1236 3117 1274 3171 et
1290 3122 1335 3173 eii
1356 3101 1507 3177 Tertull.

287 3196 333 3268 de
357 3197 548 3285 Pudicitia,
583 3216 736 3292 quocum
762 3193 829 3268 hac
854 3212 953 3289 parte
977 3191 1143 3266 feceruut
1168 3192 1385 3284 Novatiani,
1419 3196 1521 3292 teste,

289 3291 454 3366 Paciano.
492 3290 562 3364 Sed
579 3290 637 3363 alii
655 3291 832 3365 Veterum
847 3290 884 3363 in
903 3290 979 3387 ejus
995 3287 1218 3363 recensendis
1235 3290 1508 3388 hypothesibus,

286 3406 327 3462 ut
353 3386 515 3484 saepe-in
541 3386 739 3461 haeresibus
771 3383 1016 3483 exponendis,
1059 3384 1132 3459 sese
1158 3384 1274 3460 minus
1307 3411 1437 3484 aequos
1469 3410 1509 3465 et

285 3485 471 3560 adcuratos
479 3482 749 3581 praestiterunt,
767 3505 848 3557 cum
866 3482 1027 3570 tradant,
1044 3481 1156 3577 lapsos
1171 3482 1277 3557 salute
1294 3486 1429 3582 abipso
1447 3511 1509 3564 ex·

285 3581 400 3673 cludi,
418 3580 608 3678 omnesque
618 3577 713 3655 simul
714 3598 950 3749 ¹peccatores,
969 3579 1028 3675 qui
1040 3575 1335 3675 postbaptismum
1352 3583 1509 3680 delique·

286 3696 452 3751 suntuna
477 3701 556 3751 cum
582 3678 593 3749 i
622 3677 684 3767 sis,
728 3700 786 3750 irie
812 3674 1038 3752 discrimine:
1080 3675 1130 3748 uti
1164 3677 1243 3748 Eus.
1273 3679 1322 3750 H.
1349 3679 1417 3751 Vl:
1443 3702 1505 3773 43.

285 3769 461 3881 Epiphan.
486 3702 619 3844 haeres.
635 3796 693 3862 59.
721 3775 945 3846 Theodoret.
970 3770 1065 3843 haer.
1092 3769 1161 3843 sab.
1188 3771 1300 3844 llll.
1327 3772 1505 3854 Vincent.

284 3866 400 3944 Lirin.
426 3865 462 3939 in
488 3867 726 3952 commonit,
750 3866 822 3939 alii.
858 3864 1003 3939 Cautius
1018 3865 1051 3958 J.
1078 3864 1282 3938 Damascen.
1307 3863 1352 3938 de
1371 3866 1505 3948 haeres.

285 3991 318 4042 c.
345 3984 427 4053 59.,
452 3963 677 4037 Novatianos
699 3964 928 4055 poenirentiam
950 3984 1010 4033 nori
1026 3964 1190 4055 accipere,
1217 3959 1422 4054 simpliciter
1439 3982 1507 4036 tra·

284 4065 350 4139 dit.
398 4060 488 4147 Sed,
518 4055 602 4155 quin
620 4055 672 4133 illa
695 4057 828 4134 suerint
844 4057 1055 4133 Novatiano
1079 4056 1163 4130 falso
1192 4056 1336 4147 adfic'ba,
1364 4058 1407 4133 ad
1434 4083 1508 4132 ma·

286 4164 297 4180 '
324 4155 458 4231 remei
485 4153 704 4230 conflandam
726 4153 915 4243 invidiam,
941 4152 1084 4228 dubium
1107 4151 1258 4229 nonest.
1313 4177 1344 4227 1.
1370 4158 1506 4231 Socrat.

281 4186 336 4334 sl.
362 4254 430 4326 lV:
458 4262 514 4334 28.
538 4248 667 4324 diserte
686 4250 853 4340 restatur,
881 4273 961 4325 euni
986 4250 1029 4323 ad
1044 4254 1278 4343 poenirentiam
1302 4247 1404 4322 fuisse
1433 4251 1508 4346 lap·¹
1591 4256 1593 4261 '

282 4358 339 4436 sos
364 4348 597 4429 adhortatum.
646 4347 806 4450 Quodsi
838 4345 956 4425 salutis
985 4344 1082 4442 spem
1115 4345 1197 4443 ipsis
1227 4343 1399 4421 occlusam
1430 4369 1511 4423 cen.

237 4501 239 4506 -
328 4444 415 4523 Tum.
440 4443 513 4523 III.
860 4442 1019 4520 Bbbbb
1228 4554 1241 4567 .
1370 4439 1511 4544 suisset,
1638 4506 1644 4529 ,.
