3609 5500
824 920 932 1004 Sacal.
958 922 1012 1001 tt.
1111 891 1119 901 K
1447 910 1534 1027 ζῆ

294 1092 445 1178 Amanus
477 1084 717 1179 veto‘illullre
741 1099 901 1201 praebuit
926 1103 1127 1199 exemplum
1147 1099 1405 1196 Tertullianus,
1436 1095 1545 1203 quis

293 1220 380 1273 cum
402 1200 585 1296 presbyter
604 1202 725 1290 fieret,
752 1218 788 1272 et
814 1198 949 1273 ascetae
964 1201 1149 1297 personam
1166 1200 1372 1296 adoptaret,
1399 1212 1437 1276 to

291 1316 379 1367 cum
403 1294 509 1387 pallio
536 1294 787 1371 commutavit:
830 1295 923 1391 quod
949 1296 986 1369 in
1016 1296 1106 1369 libro
1137 1294 1182 1369 de
1205 1296 1312 1368 Pano
1337 1296 1520 1376 defendit:
1625 1362 1628 1368 .

292 1389 343 1463 de
368 1410 438 1485 quo
463 1390 534 1465 vid.
560 1393 720 1484 Salmas,
744 1391 804 1489 qui
828 1392 982 1465 hbellum
1007 1390 1152 1489 egregie
1178 1391 1374 1468 illustravit.
1425 1394 1514 1474 Vid.

292 1505 335 1560 et
359 1486 461 1560 Tert.
486 1487 530 1559 de
556 1491 644 1561 culm
663 1488 804 1583 satanin.
830 1488 852 1563 I.
877 1487 923 1560 II.
959 1489 1071 1562 maus
1090 1489 1290 1585 exemplum
1303 1512 1441 1587 quoque
1456 1489 1519 1565 de·

291 1582 350 1658 dit
376 1580 603 1675 Alcibiadem
620 1608 706 1658 unus
730 1586 928 1683 Martyrum
947 1585 1100 1682 Galliae,
1125 1583 1185 1681 qui
1209 1588 1324 1659 duram
1347 1584 1518 1682 etsqaala'·

291 1682 370 1755 dura
394 1680 481 1751 uitae
502 1702 605 1774 genas
616 1680 827 1777 sedabatur,
869 1695 900 1750 at
915 1677 988 1777 solo
1016 1698 1101 1775 pane
1126 1703 1166 1755 ac
1188 1693 1274 1775 aqua
1305 1680 1517 1777 vescebatur,

294 1777 342 1851 ab
353 1773 475 1848 Attalo
500 1795 688 1872 propterea
711 1774 954 1873 reprehensus.
978 1774 981 1782 ’
1001 1776 1081 1853 Eos.
1105 1776 1156 1851 H.
1182 1776 1233 1852 V:
1259 1799 1293 1871 3.
1325 1779 1512 1854 Memorat

293 1868 404 1946 etiarn
429 1871 604 1967 Origenes
631 1891 755 1948 contra
773 1870 866 1947 Cels.
900 1872 923 1946 l.
948 1873 996 1947 V.
1022 1898 1059 1970 p.
1087 1878 1168 1963 264.
1192 1872 1344 1964 ascetae,
1385 1873 1446 1973 qui
1465 1876 1513 1951 ab

288 1964 453 2043 animatis
474 1964 670 2058 abstinent,
695 1992 766 2043 non
790 1988 829 2041 ut
849 1966 1105 2066 Pythagoraei,
1153 1985 1275 2062 ropter
1300 1968 1452 2045 fabulam
1469 1970 1518 2065 de

290 2062 882 2257 diiid⁰lssrl¹¹³diiblmsildl
896 2085 1038 2257 {illuri
1057 2064 1318 2256 diffisi
1330 2066 1517 2259 ξῗῖῗίἒάῗ·

289 2252 487 2357 fedarunt,
520 2272 558 2329 et
581 2255 623 2329 ad
646 2279 763 2331 mores
785 2255 964 2346 locorum,
997 2258 1057 2331 ubi
1080 2258 1275 2353 degebant,
1308 2258 1345 2332 se
1367 2250 1512 2337 adcomss

291 2350 499 2441 moderant,
532 2368 686 2427 attamen
716 2356 948 2447 temperantiae
971 2375 1055 2449 egre
1081 2350 1117 2444 ie
1139 2351 1355 2429 studuemnt.
1403 2356 1511 2430 Terta

290 2447 336 2539 itt
369 2447 474 2543 Apol.
506 2468 538 2524 c.
575 2470 632 2542 39.
656 2471 779 2546 agapas
804 2467 928 2522 eorum
953 2447 1065 2521 deseri
1112 2470 1173 2538 ns,
1214 2450 1340 2541 editur,
1374 2447 1514 2546 iuquit,

292 2560 450 2642 quautam
480 2539 654 2637 esurz'ames
679 2548 829 2641 cupiant,
865 2547 988 2618 bibitur
1013 2560 1165 2640 quantum
1191 2544 1512 2644 predicamenta,

291 2661 367 2715 etc.
415 2637 501 2715 Vid.
527 2658 564 2712 et
587 2640 707 2713 Athen
756 2696 765 2714 .
801 2644 839 2713 in
867 2640 970 2738 legat.
996 2640 1115 2715 versus
1138 2640 1222 2732 fin,
1258 2638 1318 2715 ubi
1341 2640 1513 2719 calumni-

290 2760 352 2813 am
374 2734 418 2810 de
445 2737 611 2809 concubitu
649 2663 770 2832 maffia
796 2732 937 2811 refutat.
988 2735 1178 2836 Eleganter
1210 2736 1347 2813 Minut.
1372 2738 1446 2814 Fel.
1472 2738 1513 2818 iu

290 2830 464 2925 Oblivio:
497 2834 591 2904 anius
616 2836 815 2906 matrimonii
837 2834 962 2907 vincalo
994 2835 1131 2907 libenter
1160 2834 1378 2924 inhaeramus,
1418 2838 1511 2930 cupt‘·
1604 2916 1609 2924 ,

290 2928 429 3024 adlatam
449 2930 641 3023 procreandi
662 2945 719 3001 aar
745 2927 995 3024 anatnscimus‚
1021 2932 1080 3001 aaa
1105 2932 1246 3002 nullam:
1279 2932 1425 3002 convivia
1449 2952 1513 3002 aon

291 3032 422 3101 tantam
444 3025 564 3120 pudica
589 3026 738 3110 cellmua,
754 3026 819 3121 sed
834 3040 865 3096 et
879 3019 1016 3117 samin,
1042 3046 1099 3098 mc
1116 3029 1200 3095 enlm
1216 3025 1414 3116 indulgemus
1431 3041 1509 3114 epu·

289 3120 358 3215 dis,
378 3135 437 3195 aar
461 3121 638 3193 convivium
653 3143 737 3194 mera
760 3123 926 3209 ducimus,
942 3117 1006 3217 sed
1019 3121 1189 3213 gravitate
1211 3118 1411 3190 bilaritatem
1427 3132 1512 3190 tem·

283 3235 459 3315 paramus,
484 3236 553 3289 etc.
605 3213 815 3289 Christianos
840 3218 882 3289 ab
909 3213 1004 3288 omni
1031 3214 1196 3310 spurcitia
1211 3231 1248 3284 et
1274 3211 1412 3286 lascivia
1428 3214 1506 3286 lon·
1565 3300 1570 3305 ,

275 3386 280 3393 ,
318 3336 340 3388 e
379 3311 492 3402 abesse
540 3311 645 3384 etiam
689 3310 833 3386 test'utur
864 3311 1010 3409 Origen.
1051 3328 1147 3386 cont.
1181 3306 1268 3383 Cels.
1299 3309 1321 3383 l.
1356 3310 1385 3383 1.
1409 3306 1508 3387 init.

331 3429 417 3485 anto
446 3431 585 3504 quoque
611 3406 802 3504 flagrabant
826 3405 992 3482 castitatis
1015 3426 1157 3496 amore,
1189 3423 1229 3479 ut
1252 3405 1293 3478 ab
1318 3404 1394 3501 ipso
1417 3427 1506 3480 con·

286 3503 392 3604 jugio
415 3503 561 3578 subinde
584 3501 847 3596 absttnuerint„
873 3504 966 3578 intra
991 3504 1161 3577 terminos
1191 3501 1262 3575 sese
1295 3524 1366 3576 non
1391 3500 1509 3577 conti·

291 3619 440 3690 nentes,
464 3620 503 3673 ut
522 3616 664 3672 autores
675 3599 777 3676 citati
800 3601 951 3675 docent:
976 3600 1098 3697 quibus
1113 3598 1202 3673 addo
1220 3594 1307 3696 Just.
1335 3599 1391 3673 M.
1416 3600 1515 3695 apol·

292 3696 346 3787 II.
361 3695 401 3794 '§.
422 3703 477 3775 18.
512 3695 753 3770 Praetulerunt
770 3720 906 3806 quoque
924 3697 1025 3793 saepe
1040 3694 1208 3771 eastitatis
1223 3693 1409 3769 violationi
1421 3717 1503 3767 cru·
1522 3738 1529 3758 ·

290 3787 408 3885 datan
431 3811 467 3864 et
489 3810 661 3866 mortem:
711 3793 745 3866 ui
771 3792 966 3889 pudicitiae
999 3793 1092 3886 leges
1117 3789 1322 3878 violassent,
1349 3788 1508 3865 severam

288 3885 409 3977 subire
433 3885 606 3962 debebant
629 3886 854 3985 disciplinam.
902 3889 960 3961 De
986 3885 1120 3982 quoad
1146 3885 1212 3957 sec.
1237 3882 1306 3978 seq.

342 3979 374 4081 5.
400 3984 564 4059 CLVIII.
614 3987 645 4055 l.
671 3982 906 4072 Modestiam,
953 3979 1187 4078 patientiam,
1234 3975 1507 4073 abnegationem

289 4081 363 4172 sui,
395 4098 432 4154 et
449 4103 566 4154 rerum
591 4081 860 4168 mundanarum,
886 4077 1004 4176 pallim
1029 4077 1203 4174 praeclare
1219 4072 1507 4152 demonstrarunt.

286 4177 312 4252 I
382 4197 408 4251 t.
435 4175 472 4249 in
497 4175 661 4271 Epistolis
687 4175 810 4251 miram
830 4173 977 4271 spiravit
1001 4172 1229 4254 modestiam,
1266 4171 1405 4265 seseque
1430 4192 1507 4242 om·

288 4295 391 4350 nrum
419 4271 548 4345 fatetur
579 4271 774 4348 minimum.
826 4271 976 4346 Tertull.
1008 4269 1052 4344 de
1085 4270 1120 4344 se
1144 4267 1261 4364 pallim
1282 4262 1437 4354 ab'ette,
1469 4284 1510 4342 et

284 4394 375 4471 ‘cnm
398 4387 628 4465 peccatorum
655 4392 696 4447 ac
714 4365 930 4470 indIgentiae
946 4386 1076 4467 magno
1098 4365 1217 4453 sensu,
1242 4362 1404 4457 loquatur.
1453 4361 1512 4442 Ita

848 4464 997 4558 ,vvva
1244 4515 1249 4524 -
1461 4462 1510 4548 do
1592 4463 1648 4810 Α
