3609 5500
311 921 390 1010 ομ
690 914 1141 1019 restttretctterestt

312 1089 588 1199 eleemosynam,
604 1095 821 1188 rietatem,
841 1098 1084 1195 poenitentiae
1103 1100 1265 1193 delores,
1291 1096 1393 1178 hom.
1409 1100 1464 1180 -Π,
1487 1102 1537 1186 ed

311 1185 431 1261 Levtt.
466 1192 798 1290 AddaturCyprian.
815 1194 860 1268 de
875 1196 1054 1270 exhortet.
1073 1195 1245 1294 martyrii.
1281 1219 1316 1271 2.
1332 1199 1534 1297 Martyrum'

310 1282 403 1377 quast
438 1286 564 1360 merita
597 1292 823 1365 crediderunt
849 1292 921 1385 jam
955 1312 992 1366 et
1022 1293 1066 1365 ad
1096 1294 1182 1366 alios
1224 1291 1443 1386 redundare,
1482 1295 1530 1376 ite

311 1396 351 1449 ut
376 1380 473 1455 Deus
496 1385 698 1483 Martyrum
723 1386 1032 1468 interceffionibus,
1046 1388 1121 1482 plus
1136 1385 1299 1479 tribuat,
1323 1413 1426 1486 quam
1444 1392 1541 1465 alio·¹

308 1494 387 1548 rum
425 1478 630 1557 ianitorum.
678 1485 826 1579 Origen.
853 1485 887 1555 irt
910 1484 1030 1556 exhort.
1056 1500 1193 1580 martyr.
1225 1482 1257 1583 i
1288 1508 1347 1579 30.
1382 1487 1525 1584 propria

305 1591 457 1671 peccata
487 1600 558 1653 non
596 1598 730 1654 tanturn
763 1577 896 1654 censuit
938 1578 1074 1677 expiari
1106 1604 1171 1677 per
1200 1579 1429 1678 martyrium„
1471 1577 1521 1656 uti

307 1692 372 1765 per
398 1676 625 1771 baptismum,
665 1677 723 1750 sed
749 1696 787 1750 et
811 1674 1177 1772 truttam-pervenire
1207 1677 1252 1750 ad
1283 1675 1371 1750 alios
1403 1676 1442 1751 in
1465 1700 1519 1751 re·

307 1766 500 1843 miffionem
527 1790 774 1867 peccatorum,
806 1770 893 1843 ficut
921 1772 1005 1855 olim
1033 1771 1220 1862 sacrificia,
1244 1771 1517 1852 asacerdotibur

306 1864 433 1940 oblata.
481 1867 580 1966 Quae
604 1869 696 1944 viam
721 1868 763 1942 ad
789 1866 914 1962 merita
945 1865 1140 1943 ianitorum
1176 1889 1243 1963 pro
1277 1866 1358 1941 aliis
1388 1865 1511 1943 strave-

304 1980 400 2034 runt.
455 1964 542 2036 Vid.
571 1987 609 2039 et
630 1967 662 2065 ᾗ.
688 1989 747 2054 50·
773 1985 812 2036 et
827 1964 923 2038 hom.
947 1964 993 2036 X.
1021 1964 1062 2040 ad
1087 1964 1245 2038 Numer:
1273 1962 1376 2037 ficet
1393 1963 1514 2062 Cypri·

125 2129 128 2134 .
300 2077 361 2130 an.
385 2058 429 2133 de
457 2057 589 2156 Lepstn
615 2064 796 2147 credimus,
812 2077 815 2085 '
830 2056 963 2155 inquit,
1002 2062 1127 2153 quidem
1146 2056 1232 2157 ptffe
1253 2059 1341 2156 apud
1363 2058 1515 2153 Jedttert

221 2159 223 2163 ’
296 2160 470 2253 plurimum
498 2175 676 2252 trtartyrttm
700 2159 838 2242 merita,
861 2173 1003 2252 erepere
1019 2155 1202 2253 justorum:
1217 2154 1282 2251 sed
1303 2175 1377 2230 trtrrt
1392 2159 1517 2253 juditii

157 2273 160 2280 ·
295 2254 369 2324 dies
392 2256 511 2326 verterit
529 2270 623 2339 etc.‚
649 2269 755 2348 negat
780 2269 916 2342 tamen,
942 2251 1046 2348 usque
1063 2252 1107 2325 ad
1124 2257 1252 2326 reniam
1270 2255 1418 2348 peccetis
1443 2276 1514 2325 cert·

301 2349 471 2423 cedendam
494 2351 636 2422 extendi.
685 2346 922 2426 Tertullianus
947 2348 991 2424 de
1009 2350 1179 2434 Pudicitia
1204 2368 1235 2421 c.
1265 2368 1323 2421 22.
1348 2347 1511 2443 martyrii

294 2444 395 2518 itanc
419 2443 696 2542 praerogativam
727 2440 854 2515 diserte
888 2443 1016 2538 rejecit
1048 2461 1085 2515 et
1117 2440 1306 2530 refutavit,
1332 2437 1514 2539 sufficiat,

300 2537 396 2612 inter
421 2542 484 2614 alia
511 2540 646 2636 inquit,
686 2542 823 2632 martyri
852 2542 987 2632 proprie
1019 2540 1135 2612 detta
1165 2533 1340 2632 purgaffe.·
1375 2539 1417 2611 Irt
1442 2539 1513 2614 reti

298 2651 333 2707 et
350 2635 486 2732 superbi
502 2637 567 2733 est,
593 2637 628 2709 itt
645 2635 726 2707 eiies
750 2655 866 2728 queque
881 2634 1060 2731 spargere,
1104 2635 1162 2706 tot
1182 2652 1240 2728 pre
1262 2656 1382 2728 magne
1398 2561 1512 2728 fierit

291 2733 495 2827 monstretur.
541 2734 627 2834 Quis
653 2735 794 2806 alienam
827 2751 958 2804 mertem
981 2729 1048 2828 stra
1071 2659 1193 2827 ivirit,
1233 2723 1299 2822 rrifi
1317 2726 1411 2827 selus
1447 2729 1514 2805 Dei

295 2827 429 2901 Filius?
463 2846 531 2903 etc.
579 2833 744 2903 Ceterum
775 2828 845 2923 legi
874 2828 940 2901 hac
973 2830 1017 2901 de
1048 2824 1196 2903 materie
1223 2845 1384 2901 meretur
1412 2826 1511 2902 Dod-

299 2926 390 2998 well.
416 2921 503 2997 Diff.
530 2926 692 3022 Cyprian.
719 2925 857 2996 Xliltt'e

348 3021 380 3119 ᾗ.
405 3021 577 3095 XXXIV.
621 3019 789 3120 Quamvis
822 3041 910 3115 quae
942 3017 980 3093 in
1012 3018 1167 3092 medium
1191 3017 1300 3093 adtuli
1333 3019 1511 3096 obscurare

293 3121 514 3214 aliquatenus
538 3119 720 3192 videantur
744 3113 1014 3190 satisfactionem
1042 3112 1170 3188 Christi
1179 3169 1191 3206 ,
1216 3132 1254 3187 et
1277 3118 1426 3213 gratiam
1439 3115 1509 3213 jus·

298 3215 514 3303 dicantem,
543 3213 715 3286 observari
743 3230 860 3285 tamen
889 3210 1016 3300 veiim,
1042 3211 1182 3284 eosdem
1208 3210 1363 3287 Veteres
1381 3210 1511 3287 Christi

300 3311 443 3398 merita,
483 3327 522 3380 et
548 3308 693 3405 gratiam
721 3307 812 3395 Dei,
853 3307 891 3380 in
918 3306 1138 3380 remittendis
1160 3307 1339 3402 peccatis,
1367 3331 1410 3383 ac
1435 3309 1513 3384 vite

298 3422 441 3477 aeterna
457 3404 586 3489 danda,
607 3403 722 3474 multis
738 3401 849 3474 modis
865 3401 1141 3491 commendasse,
1160 3419 1197 3473 et
1207 3400 1333 3477 urfiffe.
1370 3427 1403 3476 r.
1426 3403 1513 3501 Quo

224 3573 227 3582 ,
300 3496 444 3591 egregia
469 3497 635 3590 Cypriani
664 3497 769 3567 effata
795 3499 886 3570 clare
916 3499 1085 3587 tendunt,
1117 3518 1264 3593 quorum
1288 3496 1395 3591 alique
1417 3520 1514 3590 pro·

299 3590 422 3667 feram.
464 3588 528 3682 Ep.
556 3611 612 3680 27.
640 3591 682 3661 ad
709 3592 806 3684 Laps.
832 3594 1043 3682 tartareos,
1082 3598 1136 3686 qui
1160 3598 1194 3668 irt
1217 3589 1359 3682 Eccleste
1373 3589 1515 3686 semper

296 3683 431 3785 gioriose
455 3699 487 3754 et
513 3687 679 3780 granditer
702 3691 822 3778 operari
837 3685 940 3781 sunt,
981 3705 1014 3758 et
1038 3687 1234 3783 terrestrum
1252 3708 1411 3780 nunquam
1436 3687 1515 3761 De-

295 3790 383 3858 mirte
408 3787 615 3878 inputat-unt,
646 3780 809 3880 seientes,
840 3785 930 3856 iilttm
953 3783 1088 3879 dietim,
1123 3800 1177 3872 et,
1204 3807 1273 3856 trem
1296 3784 1376 3858 itaet
1402 3791 1513 3861 emnia

289 3881 464 3980 feceritis,
497 3883 609 3970 dicite,
634 3883 726 3979 serti
751 3879 947 3977 supervacui
968 3881 1096 3978 sumus.
1144 3880 1213 3975 Ep.
1240 3903 1298 3974 77.
1323 3879 1368 3953 ad
1390 3885 1511 3957 Neme-

289 3978 401 4074 start.‚
420 3993 451 4047 et
469 3995 587 4049 ceteros
603 3982 637 4049 in
651 3980 777 4051 metelle
795 3977 999 4074 constitutos,
1024 3977 1172 4065 dicitur,
1189 3973 1283 4049 Deus
1295 3981 1508 4052 retributione

296 4075 451 4149 bonitatis
474 4093 514 4139 ac
534 4077 668 4162 pietatis
689 4090 845 4164 paternae
865 4097 1070 4146 renumeraret
1093 4075 1128 4142 ire
1150 4070 1264 4161 nebit,
1289 4076 1440 4169 quicquid
1454 4079 1504 4169 ip·

277 4167 329 4268 -se
350 4161 536 4259 praestitit,
563 4182 593 4235 rt
617 4168 788 4256 honorans,
813 4172 891 4261 quod
904 4167 972 4262 ipse
987 4167 1145 4262 perfeeit3
1173 4164 1270 4253 addit
1287 4191 1393 4259 mox,
1418 4194 1507 4242 mer·

288 4282 382 4359 eyter
406 4276 587 4351 accepturos
606 4265 757 4355 major-ern
778 4262 974 4359 pttffiertilrur
999 4267 1141 4337 omnibus
1158 4277 1190 4334 et
1208 4259 1504 4358 constitutionibus

288 4360 500 4450 eieritetem5
538 4378 607 4455 quo
628 4357 737 4435 refert
766 4359 891 4479 Apest.
920 4355 1185 4490 Ιοεωη-Ερξῖιη
1201 4358 1313 4443 Vni.
1340 4361 1412 4475 ΕΡ
1440 4368 1505 4544 δὲ.
