3609 5500
593 722 605 737 ’
648 840 653 849 ·
720 736 828 826 Seras
852 744 902 827 Ι.’
1367 771 1416 865 ιη

185 918 376 999 occasione
400 924 609 1025 piscationis
632 926 671 1002 in
695 930 784 1004 mari
809 925 1032 1020 Tiberiadis,
1068 946 1106 1005 et
1126 928 1252 1029 septem
1278 930 1410 1027 Christi

186 1020 389 1117 discipulis,
410 1024 495 1121 Joh.
519 1026 617 1099 XXI.
643 1026 749 1100 unice
773 1047 928 1117 narrata,
954 1023 1060 1098 instar
1082 1028 1285 1123 adpendicis
1303 1052 1408 1103 enan·

184 1117 279 1214 gelio
304 1118 457 1211 adnexi,
494 1142 574 1194 cum
606 1144 639 1197 c.
663 1122 744 1196 XX:
771 1146 831 1218 30,
865 1146 925 1219 31·
957 1120 1103 1195 historia
1126 1124 1260 1196 censeri
1292 1126 1409 1219 posset

184 1213 309 1303 finita,
344 1212 421 1287 sive
444 1239 464 1289 a
490 1217 652 1313 Johanne
676 1216 772 1313 ipso,
806 1216 879 1291 srve
901 1220 944 1291 ab
971 1217 1065 1308 aliis,
1110 1218 1282 1315 Jobannis
1304 1220 1406 1295 disci,-

185 1308 298 1409 pusis,
331 1332 381 1383 ex
405 1309 511 1409 ipsius
534 1313 728 1402 relatione3
754 1315 847 1413 quod
870 1314 1087 1410 aliquatenus
1102 1315 1247 1388 dubium
1273 1312 1344 1405 est,
1369 1334 1409 1391 et

186 1405 459 1481 controversum
489 1409 584 1481 inter
609 1407 764 1484 Dotios:
788 1411 833 1483 de
856 1408 927 1507 quo
943 1410 1006 1483 hic
1029 1432 1101 1483 non
1126 1408 1177 1483 est
1199 1407 1328 1507 agendi
1353 1412 1405 1485 lo·

186 1528 266 1591 eus,
293 1524 368 1577 nec
390 1500 484 1576 tanti
506 1504 637 1595 refert,
661 1528 745 1580 cum
768 1504 901 1578 veritas
927 1505 1136 1579 narrationis
1157 1504 1198 1579 in
1222 1507 1315 1580 silvo
1331 1528 1407 1583 ma·

185 1620 275 1673 neat
328 1596 526 1673 'Videntur
556 1619 672 1675 autem
705 1600 898 1698 Apostoli,
936 1601 988 1677 ,de
1028 1602 1181 1675 veritate
1213 1600 1408 1681 resuscitati

186 1690 313 1769 Christi
336 1696 414 1792 jam
440 1693 522 1768 satis
545 1695 726 1789 convibii,
758 1699 797 1772 in
824 1694 1012 1771 Galilaeam
1036 1698 1109 1771 sese
1136 1696 1340 1793 contulisse,
1365 1718 1409 1777 ut

189 1790 325 1865 rnonitu
356 1788 512 1877 christi,
550 1793 647 1890 cnjus
676 1793 786 1866 modo
818 1792 990 1883 memini,
1032 1792 1328 1886 obsecundarent,
1369 1814 1409 1871 et

188 1876 362 1961 Cbrt‘ibrin
395 1885 464 1960 ibi·
486 1886 559 1961 sese
592 1886 898 1963 manifestaturum
927 1889 1154 1986 exciperent:
1200 1890 1293 1987 quod
1325 1912 1408 1967 cum

191 2004 267 2057 mox
280 2004 360 2057 non
386 1982 516 2073 fieret,
541 1985 698 2061 nonnulii
724 2006 847 2059 eorum
872 1982 914 2059 ad
932 1984 1067 2073 suetum
1085 1983 1244 2083 piscandi
1268 1987 1406 2062 exer'ci·

190 2078 292 2171 num,
316 2100 397 2177 quo
417 2075 601 2154 sustentari
623 2081 799 2173 sotebant,
824 2080 1026 2173 redierunt,
1051 2102 1124 2157 non
1141 2079 1223 2154 ⁴srrre
1244 2078 1406 2179 singulari

192 2176 255 2250 Dei
275 2192 320 2251 et
349 2171 485 2249 Christi
509 2174 729 2268 direbtione,
769 2195 829 2267 ut,
870 2175 959 2251 ficut
995 2176 1033 2251 in
1066 2174 1172 2251 initio
1206 2178 1408 2252 vocationis

189 2270 281 2363 suae,
302 2267 401 2345 vivo
424 2266 589 2363 Christo,
613 2273 664 2346 ita
689 2291 728 2348 et
750 2294 866 2364 nunc,
892 2294 994 2359 cum,
1020 2270 1159 2347 Christo
1184 2262 1338 2369 sublato,
1364 2273 1405 2353 in
1535 2278 1542 2289 ‘

180 2364 337 2443 muneris
358 2363 576 2441 exercitium
604 2368 850 2460 mitterentur,
876 2365 1022 2479 insignis
1046 2386 1211 2465 captume
1234 2368 1404 2449 miraculo

181 2464 231 2537 de
259 2460 417 2537 suecess'u
448 2461 622 2556 muneris,
655 2463 694 2538 in
727 2464 980 2547 convertendis
1007 2463 1202 2555 Gentibus,
1234 2466 1405 2542 admone·

184 2576 325 2649 rentur,
368 2582 412 2634 ac
435 2558 478 2632 ad
500 2580 625 2633 munus
647 2556 786 2634 strenue
809 2560 1004 2657 urgendum
1028 2557 1277 2639 excitarentur.
1324 2562 1404 2639 Sin·

186 2653 310 2752 guntin
327 2672 387 2727 tot
405 2650 573 2753 piscium,
598 2676 667 2729 nec
683 2655 742 2731 vui
788 2655 899 2750 rium,
926 2655 984 2731 sed
1002 2678 1148 2757 magnae
1171 2660 1295 2751 mosis,
1319 2680 1404 2756 cap·

184 2773 282 2840 tura,
320 2748 536 2826 adverbum
560 2751 712 2828 Domini
773 2752 848 2846 tia,
889 2775 935 2828 eo
958 2751 1106 2828 omnino
1130 2753 1324 2862 spettavit,
1364 2771 1406 2830 ur

183 2847 352 2944 gentium
372 2846 576 2938 converfio,
614 2869 680 2946 per
705 2847 952 2944 euangelium,
994 2867 1033 2923 et
1064 2847 1229 2924 situum
1252 2847 1403 2938 Christi,

178 2945 238 3015 iis
262 2941 313 3013 ob
340 2942 456 3014 ouum
476 2961 689 3038 poneretur,
728 2940 817 3015 srcut
840 2946 1004 3038 epulum,
1038 2873 1122 3013 inde
1149 2965 1222 3014 non
1246 2960 1404 3030 tanturn,

177 3035 258 3112 sed
283 3053 327 3108 et
350 3055 397 3108 ea
407 3033 505 3129 cabo,
535 3061 556 3112 a
575 3036 717 3113 Christo
732 3035 810 3134 ipso
825 3053 971 3134 parato,
996 3032 1161 3130 expinxit
1176 3034 1348 3109 Gentium
1367 3053 1407 3112 et

184 3131 404 3232 Judaeortnn
436 3135 688 3208 conversorum
721 3131 912 3219 unionem,
953 3128 1154 3228 Christique
1177 3153 1221 3206 ac
1247 3119 1402 3230 Aposto-

183 3235 323 3318 torum,
436 3253 515 3304 uam
542 3228 804 3317 ministrorum,
829 3227 999 3304 laetitiam
1024 3227 1205 3324 supereo.
1252 3227 1309 3302 Ex
1332 3251 1405 3325 quo

186 3325 280 3400 fimus
306 3323 409 3396 eiuce
424 3324 494 3413 cit,
520 3347 623 3424 quam
647 3343 851 3421 opportune
865 3323 1041 3398 Dominus
1064 3322 1282 3418 subjunxerit
1301 3323 1400 3400 Petri

177 3419 444 3494 restitutionem
479 3420 518 3494 in
543 3442 707 3510 monere,
772 3441 819 3493 uo
850 3418 985 3493 censeri
1018 3436 1160 3516 poterat
1183 3441 1248 3514 per
1272 3418 1401 3498 trinam

179 3513 459 3614 abnegationem
484 3514 674 3606 excidisse,
698 3443 780 3612 pud
805 3513 1077 3590 obtestationem
1095 3515 1264 3604 Domini,
1291 3533 1328 3587 et
1344 3516 1401 3611 juv

181 3629 382 3687 ramentum
416 3613 541 3702 Petri,
589 3608 701 3685 tribus
731 3608 840 3684 etiam
873 3609 1013 3684 vicibus
1045 3608 1203 3696 fastum,
1243 3609 1402 3707 respersu

184 3709 309 3789 amoris
330 3707 430 3780 Petri
457 3731 543 3804 erga
569 3703 764 3796 Christum,
783 3704 787 3710 ’
807 3728 875 3780 nec
907 3729 979 3780 non
1010 3702 1287 3803 praedictionem
1311 3728 1402 3790 mar·

184 3803 311 3902 tyriia
340 3803 451 3876 Petro
480 3801 647 3877 subeundi
681 3799 810 3877 Christi
845 3800 968 3891 causa3
1008 3799 1102 3900 quod
1134 3817 1237 3874 antea
1261 3799 1403 3898 quidem

211 3898 412 3990 remiserat,
451 3898 512 3972 sed
538 3919 611 3971 non
662 3895 877 3988 mestiterat,
918 3916 1013 3971 nunc
1036 3920 1125 3974 vero
1155 3895 1218 3969 suo
1242 3910 1312 3970 tem
1340 3921 1404 3972 ore

190 3995 225 4067 rd
243 3995 396 4082 faceret,
431 3994 545 4069 etiam
568 3992 667 4067 srnm'
693 3992 821 4067 mortis
843 4015 976 4092 genere
1011 4016 1092 4068 cum
1115 3988 1259 4066 Cbristo
1281 4017 1300 4064 a
1325 3991 1401 4066 fici·

194 4091 303 4164 endua
356 4090 464 4194 Quo,
496 4108 538 4164 ut
565 4087 722 4176 constat,
748 4111 839 4162 vers.
860 4094 916 4169 18.
941 4089 1110 4190 pertinet.
1157 4088 1217 4162 De
1234 4087 1331 4181 cujus
1347 4084 1403 4190 in·

182 4187 359 4290 plemento
382 4187 517 4278 ‘postea
542 4183 581 4268 in
603 4183 681 4265 vita
709 4183 807 4268 Petri
832 4207 943 4280 agam.
1196 4273 1202 4284 Ι
1364 4219 1367 4226 ·

228 4280 414 4364 rmum
812 4278 853 4358 Ν
1216 4247 1407 4376 exciri,
