3609 5500
824 955 1014 1035 armar·
1447 961 1523 1060 rr?
1656 914 1658 918 Ι

285 1129 384 1239 ¹piam
402 1133 601 1214 crementis
631 1133 823 1212 narrationi
857 1134 1041 1226 adtestari,
1064 1133 1133 1218 ‚sed
1156 1151 1239 1211 rrum
1264 1141 1325 1211 tuti
1354 1157 1398 1213 an
1423 1147 1517 1235 parti

288 1260 359 1310 non
389 1234 509 1309 addit:
548 1236 623 1307 imo
647 1234 670 1307 l.
703 1234 769 1305 111:
797 1257 853 1328 39.
886 1235 1015 1327 Papiae
1048 1234 1287 1306 narrationem
1321 1234 1366 1307 de
1389 1238 1511 1313 Marci

290 1330 479 1428 euangelio
504 1352 665 1420 narrum,
690 1328 955 1424 adprobationis
971 1328 1069 1399 Petri
1089 1329 1216 1400 nullam
1243 1329 1332 1401 fecit
1352 1332 1506 1405 mentio·

287 1448 393 1514 nem,
417 1424 468 1498 lic
484 1444 524 1498 et
539 1426 562 1498 l.
589 1426 658 1499 IV:
681 1447 739 1515 14.
761 1423 855 1497 idem
871 1448 917 1498 ex
936 1424 1117 1497 Clemente
1135 1422 1316 1513 reserens,
1342 1447 1415 1499 non
1433 1451 1507 1501 me·

287 1522 399 1595 minit
422 1520 566 1615 Papiae.
614 1518 808 1593 Clementia
831 1538 970 1606 autem,
995 1518 1054 1614 qui
1080 1519 1115 1592 id
1139 1518 1229 1590 solus
1253 1519 1379 1609 tradit,
1412 1542 1510 1601 tanta

285 1640 360 1691 non
387 1614 442 1688 est
467 1615 656 1706 autoritas,
680 1634 721 1688 ut
744 1613 808 1687 soli
833 1614 876 1687 srt
901 1612 1124 1687 credendum.
1176 1612 1245 1685 Sed
1271 1614 1295 1687 sr
1321 1618 1378 1688 vel
1401 1617 1508 1692 vidis·

285 1713 338 1787 stt
365 1713 512 1801 Petrus,
551 1711 634 1784 iude
665 1709 820 1783 noudum
854 1711 1076 1805 sequeretur,
1116 1707 1397 1803 prodiillerillud
1421 1735 1507 1789 mox

285 1808 324 1883 in
348 1808 484 1881 lucem.
517 1805 676 1899 f.Addi
708 1803 846 1899 potest,
876 1805 1073 1899 Jolrannem
1100 1805 1177 1875 sero
1209 1801 1377 1913 scripsisse
1403 1831 1508 1883 euan·

288 1903 421 2000 geliurn
447 1901 568 1990 suum,
593 1923 661 1973 nec
687 1899 749 1972 uisr
774 1899 853 1996 post
869 1898 1140 2005 mortem'e‘us,
1179 1897 1415 1975 asemoribus
1431 1903 1509 1977 Ast·
1556 1932 1561 1940 ·
1647 1992 1650 1998 ¹

288 2021 353 2086 ae,
387 1996 567 2091 discipulis
590 1996 686 2090 ejus,
711 2018 796 2069 cum·
813 1994 959 2090 publico
982 1922 1084 2069 sulssle
1110 1993 1427 2087 communicatum
1468 2019 1510 2073 ut

287 2114 334 2166 cx
356 2091 420 2166 fin.
448 2092 525 2186 ejus
545 2109 660 2187 patet.
705 2092 764 2164 De
787 2114 858 2188 quo
881 2088 1019 2187 postea.

334 2185 368 2286 ἦ.
396 2187 496 2261 CXl.
531 2207 574 2260 a.
594 2186 649 2259 Er
671 2184 775 2259 diclis
798 2187 937 2281 liquet,
972 2185 1066 2281 quod
1081 2185 1259 2280 secundam
1282 2187 1324 2262 srt
1349 2187 1510 2262 observa

294 2303 387 2372 urm,
426 2283 563 2356 Lucam
586 2280 742 2354 omnium
774 2281 927 2376 primum
959 2284 1111 2380 vulgasse
1147 2284 1367 2380 euangelium
1391 2284 1512 2374 suum,

293 2376 367 2476 post
391 2375 516 2474 priora
538 2376 635 2449 Pauli
658 2376 817 2464 vincula,
857 2378 1032 2452 incertum
1066 2402 1168 2473 quam
1199 2381 1259 2452 diu
1287 2380 1387 2477 post,
1427 2380 1515 2454 licet

291 2473 475 2570 probabile
509 2468 553 2545 lit
578 2489 661 2545 ante
683 2470 876 2569 posteriora
906 2472 1072 2562 vincula,
1110 2493 1147 2547 et
1172 2475 1378 2571 martyrium
1416 2476 1513 2572 ejus,

285 2593 373 2644 cum
398 2567 492 2642 Atra
522 2569 599 2675 Ap.
627 2590 672 2639 eo
698 2567 803 2665 usque
829 2590 902 2641 non
933 2568 1089 2641 tendant.
1136 2572 1302 2643 Marcum
1330 2592 1419 2645 vero
1435 2572 1515 2668 post

283 2663 390 2738 -Pauli
412 2683 452 2736 et
476 2664 574 2734 Petrr
599 2660 755 2736 obitum:
792 2662 885 2759 quod
911 2662 956 2735 de
981 2664 1175 2737 Matthaeo
1196 2689 1335 2763 quoque
1360 2664 1513 2741 statuen-

289 2759 377 2841 dum
400 2758 564 2834 videtur:
589 2757 673 2831 licet
696 2758 740 2831 de
766 2781 811 2832 eo
826 2758 916 2832 nihil
939 2759 1029 2833 certi
1046 2759 1149 2856 polilt
1171 2761 1354 2837 adfirmari.
1395 2763 1431 2835 Si
1449 2789 1512 2839 ve·

290 2879 371 2941 ‚rum
399 2854 522 2947 soret,
543 2853 638 2950 quod
655 2855 775 2949 paffim
798 2853 977 2943 statuitur,
1003 2857 1165 2929 Marcum
1189 2857 1404 2933 adbrevialle
1429 2862 1515 2935 illud

293 2949 500 3041 Matthaei,
526 2967 630 3025 antea
654 2946 822 3023 exstitisse
855 2951 1070 3025 credendum
1104 2952 1227 3044 soret,
1257 2955 1316 3028 sed
1342 2952 1453 3028 solido
1476 2956 1518 3031 il·

296 3046 358 3120 lud
384 3067 460 3119 non
483 3044 534 3119 est
555 3043 715 3118 innixum
745 3044 997 3119 fundamento:
1034 3050 1198 3119 Marcum
1222 3051 1343 3141 potius
1367 3068 1516 3140 putave-

292 3143 374 3215 rim
397 3160 448 3210 ue
466 3139 584 3215 vidisse
632 3140 749 3213 uidem
776 3140 997 3234 euangelium
1015 3139 1213 3211 Mattmei..
1257 3142 1377 3211 Multa
1396 3141 1518 3236 utique

299 3233 446 3322 habet,
477 3256 498 3305 a
523 3164 705 3309 Mattiaco
740 3233 880 3322 omissa,
921 3234 1085 3306 nonnulla
1118 3232 1352 3339 aMatthaeo
1381 3257 1519 3312 narrata

284 3353 345 3415 sne
371 3327 514 3438 quidem
537 3329 709 3426 adtingit,
734 3352 800 3405 nec
826 3327 977 3437 eundem
997 3347 1097 3402 tenet
1108 3327 1296 3438 ormnem,
1324 3348 1394 3404 etc.
1445 3334 1517 3408 Eu-

287 3423 600 3611 aarum
626 3424 1294 3628 {latu‚³¹¹rrmuaurau
1309 3427 1518 3619 tutu:

301 3616 372 3707 tia,
395 3638 446 3691 ne
471 3639 516 3690 ex
540 3616 726 3714 compacto
753 3617 959 3690 viderentur
984 3616 1114 3712 egrlle,
1140 3635 1177 3688 et
1206 3634 1246 3689 ut
1270 3619 1406 3693 certior
1429 3623 1518 3698 esset

299 3735 424 3786 eorum
456 3711 640 3803 narratio,
682 3736 762 3785 cum
795 3712 917 3784 eadem
953 3713 1112 3784 referunt
1146 3735 1297 3802 omnes,
1338 3734 1376 3787 et
1400 3716 1520 3794 secum

297 3806 414 3884 amice
443 3807 667 3903 conspirent,
693 3806 764 3881 sme
789 3807 859 3879 ullo
883 3804 1026 3900 alicujus
1050 3807 1228 3882 momenti·
1248 3807 1420 3895 diffensu,
1450 3821 1520 3890 rr'ec

297 3904 367 3977 ulla
388 3904 429 3978 in
453 3925 492 3976 re
518 3903 660 3997 alicujus
682 3902 854 3976 momenti
876 3901 939 3975 fibi
973 3903 1241 3978 contradentur.
1291 3904 1418 3979 Tradit
1466 3911 1519 3986 ui.

301 3998 384 4072 dem
407 3998 537 4073 Euseb.
568 3999 620 4073 H.
645 3999 685 4073 E.
711 4001 777 4071 lll:
797 4018 853 4087 24.
904 3996 1150 4086 Matthaeum,
1175 3998 1422 4098 Hierosolyma
1452 4008 1520 4084 dis-

293 4093 480 4169 eeffurum.
507 4093 551 4167 ad
572 4098 708 4168 exteras
741 4116 837 4181 oras,
871 4117 960 4167 euan
986 4092 1090 4166 elium
1126 4095 1349 4169 credentibus
1379 4123 1425 4173 ex
1459 4096 1521 4198 Ju.

306 4188 396 4264 daeis
421 4188 596 4285 scriptum
613 4188 797 4285 ⁴reliquisse
826 4187 944 4285 lingua
1011 4191 1153 4280 ebraea,
1186 4192 1254 4266 seut
1270 4194 1409 4285 Syriaca
1418 4219 1430 4281 3
1455 4222 1520 4270 un·

313 4280 352 4355 de
375 4284 613 4396 colligendum
647 4283 761 4370 foret,
799 4282 966 4382 scriptum
998 4285 1099 4360 soille
1127 4287 1206 4382 post
1239 4289 1405 4380 synodum
1430 4291 1533 4364 Hie·¹

300 4378 598 4523 ,grosolpmrtanaur
622 4377 840 4476 AMV„
866 4405 912 4459 eo
936 4379 1042 4553 ulique
1058 4381 1154 4462 enim
1179 4384 1219 4467 iu
1241 4381 1534 4481 Judaeassmaule·-

318 4514 322 4518 ·
953 4560 964 4570 .
1003 4501 1034 4572 3.
1445 4501 1542 4575 ,ΠΜ
