<?xml version="1.0" encoding="UTF-8"?>
<!DOCTYPE html PUBLIC "-//W3C//DTD XHTML 1.0 Transitional//EN"
    "http://www.w3.org/TR/xhtml1/DTD/xhtml1-transitional.dtd">
<html xmlns="http://www.w3.org/1999/xhtml" xml:lang="en" lang="en">
 <head>
  <title>
</title>
<meta http-equiv="Content-Type" content="text/html;charset=utf-8" />
  <meta name='ocr-system' content='tesseract 3.04.00' />
  <meta name='ocr-capabilities' content='ocr_page ocr_carea ocr_par ocr_line ocrx_word'/>
</head>
<body>
  <div class='ocr_page' id='page_1' title='image "./hermannivenemai05venegoog_0141.png"; bbox 0 0 3609 5500; ppageno 0'>
   <div class='ocr_carea' id='block_1_1' title="bbox 759 972 1509 1082">
    <p class='ocr_par' dir='ltr' id='par_1_1' title="bbox 759 972 1509 1082">
     <span class='ocr_line' id='line_1_1' title="bbox 759 972 1509 1082; baseline 0.012 -31"><span class='ocrx_word' id='word_1_1' title='bbox 759 977 764 986; x_wconf 87' lang='lat'>&#39;</span> <span class='ocrx_word' id='word_1_2' title='bbox 814 972 924 1054; x_wconf 68' lang='lat' dir='ltr'>Setun</span> <span class='ocrx_word' id='word_1_3' title='bbox 951 977 1008 1054; x_wconf 80' lang='lat' dir='ltr'>t·</span> <span class='ocrx_word' id='word_1_4' title='bbox 1054 981 1058 990; x_wconf 90' lang='lat'>&#39;</span> <span class='ocrx_word' id='word_1_5' title='bbox 1090 985 1115 994; x_wconf 85' lang='grc'>”</span> <span class='ocrx_word' id='word_1_6' title='bbox 1443 1003 1509 1082; x_wconf 71' lang='lat' dir='ltr'>rgt</span> 
     </span>
    </p>
   </div>
   <div class='ocr_carea' id='block_1_2' title="bbox 283 1147 1630 4555">
    <p class='ocr_par' dir='ltr' id='par_1_2' title="bbox 289 1147 1508 1342">
     <span class='ocr_line' id='line_1_2' title="bbox 289 1147 1507 1250; baseline 0.008 -26"><span class='ocrx_word' id='word_1_7' title='bbox 289 1167 352 1248; x_wconf 75' lang='lat' dir='ltr'>pus</span> <span class='ocrx_word' id='word_1_8' title='bbox 374 1147 450 1243; x_wconf 81' lang='lat' dir='ltr'>est,</span> <span class='ocrx_word' id='word_1_9' title='bbox 475 1151 693 1230; x_wconf 69' lang='lat' dir='ltr'>christianos</span> <span class='ocrx_word' id='word_1_10' title='bbox 719 1177 764 1230; x_wconf 85' lang='lat' dir='ltr'>ex</span> <span class='ocrx_word' id='word_1_11' title='bbox 780 1154 974 1245; x_wconf 71' lang='lat' dir='ltr'>Hebraeis,</span> <span class='ocrx_word' id='word_1_12' title='bbox 1000 1152 1071 1250; x_wconf 75' lang='lat' dir='ltr'>legi</span> <span class='ocrx_word' id='word_1_13' title='bbox 1086 1151 1202 1228; x_wconf 79' lang='lat' dir='ltr'>rituali</span> <span class='ocrx_word' id='word_1_14' title='bbox 1227 1153 1340 1229; x_wconf 83' lang='lat' dir='ltr'>adhuc</span> <span class='ocrx_word' id='word_1_15' title='bbox 1360 1153 1507 1234; x_wconf 88' lang='lat' dir='ltr'>nimium</span> 
     </span>
     <span class='ocr_line' id='line_1_3' title="bbox 290 1246 1508 1342; baseline 0.007 -23"><span class='ocrx_word' id='word_1_16' title='bbox 290 1246 448 1338; x_wconf 73' lang='lat' dir='ltr'>editoe,</span> <span class='ocrx_word' id='word_1_17' title='bbox 482 1269 521 1322; x_wconf 92' lang='lat' dir='ltr'>et</span> <span class='ocrx_word' id='word_1_18' title='bbox 547 1251 586 1323; x_wconf 94' lang='lat' dir='ltr'>in</span> <span class='ocrx_word' id='word_1_19' title='bbox 617 1252 686 1324; x_wconf 83' lang='lat' dir='ltr'>fide</span> <span class='ocrx_word' id='word_1_20' title='bbox 710 1252 904 1325; x_wconf 78' lang='lat' dir='ltr'>Christiana</span> <span class='ocrx_word' id='word_1_21' title='bbox 929 1250 1153 1339; x_wconf 81' lang='lat' dir='ltr'><strong>vacillantes,</strong></span> <span class='ocrx_word' id='word_1_22' title='bbox 1196 1251 1429 1342; x_wconf 82' lang='lat' dir='ltr'>confirmare,-</span> <span class='ocrx_word' id='word_1_23' title='bbox 1466 1263 1508 1330; x_wconf 81' lang='lat' dir='ltr'>ad</span> 
     </span>
    </p>

    <p class='ocr_par' dir='ltr' id='par_1_3' title="bbox 285 1343 1505 1447">
     <span class='ocr_line' id='line_1_4' title="bbox 285 1343 1505 1447; baseline 0.003 -29"><span class='ocrx_word' id='word_1_24' title='bbox 285 1343 326 1418; x_wconf 64' lang='lat' dir='ltr'>ab</span> <span class='ocrx_word' id='word_1_25' title='bbox 352 1365 401 1416; x_wconf 87' lang='lat' dir='ltr'>eo</span> <span class='ocrx_word' id='word_1_26' title='bbox 424 1343 517 1440; x_wconf 80' lang='lat' dir='ltr'>tegis</span> <span class='ocrx_word' id='word_1_27' title='bbox 542 1344 658 1420; x_wconf 85' lang='lat' dir='ltr'>studio</span> <span class='ocrx_word' id='word_1_28' title='bbox 675 1345 880 1420; x_wconf 81' lang='lat' dir='ltr'>abstrahere.</span> <span class='ocrx_word' id='word_1_29' title='bbox 930 1345 1035 1447; x_wconf 76' lang='lat' dir='ltr'>Quod</span> <span class='ocrx_word' id='word_1_30' title='bbox 1060 1368 1131 1417; x_wconf 89' lang='lat' dir='ltr'>non</span> <span class='ocrx_word' id='word_1_31' title='bbox 1149 1366 1271 1438; x_wconf 85' lang='lat' dir='ltr'>aperte</span> <span class='ocrx_word' id='word_1_32' title='bbox 1290 1367 1327 1417; x_wconf 88' lang='lat' dir='ltr'>ct</span> <span class='ocrx_word' id='word_1_33' title='bbox 1352 1347 1505 1442; x_wconf 68' lang='lat' dir='ltr'>direcie,</span> 
     </span>
    </p>

    <p class='ocr_par' dir='ltr' id='par_1_4' title="bbox 286 1437 1506 1630">
     <span class='ocr_line' id='line_1_5' title="bbox 287 1437 1506 1534; baseline 0.007 -26"><span class='ocrx_word' id='word_1_34' title='bbox 287 1437 340 1508; x_wconf 81' lang='lat' dir='ltr'>sed</span> <span class='ocrx_word' id='word_1_35' title='bbox 368 1441 586 1512; x_wconf 81' lang='lat' dir='ltr'>muiracum</span> <span class='ocrx_word' id='word_1_36' title='bbox 610 1459 703 1530; x_wconf 83' lang='lat' dir='ltr'>arte,</span> <span class='ocrx_word' id='word_1_37' title='bbox 745 1461 782 1513; x_wconf 88' lang='lat' dir='ltr'>et</span> <span class='ocrx_word' id='word_1_38' title='bbox 807 1441 946 1534; x_wconf 82' lang='lat' dir='ltr'>oblique</span> <span class='ocrx_word' id='word_1_39' title='bbox 972 1439 1078 1526; x_wconf 85' lang='lat' dir='ltr'>facit,</span> <span class='ocrx_word' id='word_1_40' title='bbox 1109 1441 1200 1512; x_wconf 84' lang='lat' dir='ltr'>hanc</span> <span class='ocrx_word' id='word_1_41' title='bbox 1227 1439 1337 1512; x_wconf 82' lang='lat' dir='ltr'>thesin</span> <span class='ocrx_word' id='word_1_42' title='bbox 1363 1443 1506 1517; x_wconf 86' lang='lat' dir='ltr'>demon-</span> 
     </span>
     <span class='ocr_line' id='line_1_6' title="bbox 286 1529 1506 1630; baseline 0.004 -25"><span class='ocrx_word' id='word_1_43' title='bbox 286 1529 427 1606; x_wconf 75' lang='lat' dir='ltr'>stnndo</span> <span class='ocrx_word' id='word_1_44' title='bbox 445 1553 484 1606; x_wconf 89' lang='lat' dir='ltr'>et</span> <span class='ocrx_word' id='word_1_45' title='bbox 500 1534 721 1620; x_wconf 77' lang='lat' dir='ltr'>illustrando,</span> <span class='ocrx_word' id='word_1_46' title='bbox 748 1535 800 1608; x_wconf 91' lang='lat' dir='ltr'>uti</span> <span class='ocrx_word' id='word_1_47' title='bbox 817 1559 881 1630; x_wconf 91' lang='lat' dir='ltr'>per</span> <span class='ocrx_word' id='word_1_48' title='bbox 900 1554 1010 1606; x_wconf 83' lang='lat' dir='ltr'>toturn</span> <span class='ocrx_word' id='word_1_49' title='bbox 1035 1531 1215 1626; x_wconf 83' lang='lat' dir='ltr'>epistolam</span> <span class='ocrx_word' id='word_1_50' title='bbox 1234 1534 1340 1624; x_wconf 82' lang='lat' dir='ltr'>facit,</span> <span class='ocrx_word' id='word_1_51' title='bbox 1367 1536 1506 1610; x_wconf 90' lang='lat' dir='ltr'>Christo</span> 
     </span>
    </p>

    <p class='ocr_par' dir='ltr' id='par_1_5' title="bbox 283 1624 1507 2014">
     <span class='ocr_line' id='line_1_7' title="bbox 286 1624 1507 1725; baseline 0.007 -28"><span class='ocrx_word' id='word_1_52' title='bbox 286 1624 371 1716; x_wconf 81' lang='lat' dir='ltr'>soii,</span> <span class='ocrx_word' id='word_1_53' title='bbox 396 1629 506 1722; x_wconf 78' lang='lat' dir='ltr'>hujus</span> <span class='ocrx_word' id='word_1_54' title='bbox 519 1626 768 1703; x_wconf 78' lang='lat' dir='ltr'>OEconomiac</span> <span class='ocrx_word' id='word_1_55' title='bbox 796 1651 979 1724; x_wconf 88' lang='lat' dir='ltr'>tempore,</span> <span class='ocrx_word' id='word_1_56' title='bbox 1003 1627 1071 1701; x_wconf 80' lang='lat' dir='ltr'>esse</span> <span class='ocrx_word' id='word_1_57' title='bbox 1098 1630 1346 1725; x_wconf 83' lang='lat' dir='ltr'>adsurgendum</span> <span class='ocrx_word' id='word_1_58' title='bbox 1363 1654 1404 1704; x_wconf 79' lang='lat' dir='ltr'>ac</span> <span class='ocrx_word' id='word_1_59' title='bbox 1422 1634 1507 1705; x_wconf 81' lang='lat' dir='ltr'>obe·</span> 
     </span>
     <span class='ocr_line' id='line_1_8' title="bbox 288 1718 1505 1821; baseline 0.007 -29"><span class='ocrx_word' id='word_1_60' title='bbox 288 1718 486 1810; x_wconf 89' lang='lat' dir='ltr'>diendum;</span> <span class='ocrx_word' id='word_1_61' title='bbox 526 1745 733 1821; x_wconf 77' lang='lat' dir='ltr'>argumento</span> <span class='ocrx_word' id='word_1_62' title='bbox 764 1729 806 1797; x_wconf 88' lang='lat' dir='ltr'>ab</span> <span class='ocrx_word' id='word_1_63' title='bbox 834 1724 1040 1797; x_wconf 76' lang='lat' dir='ltr'>excellentia</span> <span class='ocrx_word' id='word_1_64' title='bbox 1065 1721 1193 1796; x_wconf 86' lang='lat' dir='ltr'>Christi</span> <span class='ocrx_word' id='word_1_65' title='bbox 1225 1724 1351 1814; x_wconf 75' lang='lat' dir='ltr'>dudio,</span> <span class='ocrx_word' id='word_1_66' title='bbox 1398 1728 1505 1820; x_wconf 81' lang='lat' dir='ltr'>longe</span> 
     </span>
     <span class='ocr_line' id='line_1_9' title="bbox 284 1817 1506 1917; baseline 0.007 -31"><span class='ocrx_word' id='word_1_67' title='bbox 284 1817 438 1912; x_wconf 77' lang='lat' dir='ltr'>mjore,</span> <span class='ocrx_word' id='word_1_68' title='bbox 480 1835 583 1915; x_wconf 81' lang='lat' dir='ltr'>quam</span> <span class='ocrx_word' id='word_1_69' title='bbox 611 1823 790 1908; x_wconf 87' lang='lat' dir='ltr'>omnium,</span> <span class='ocrx_word' id='word_1_70' title='bbox 831 1819 892 1915; x_wconf 88' lang='lat' dir='ltr'>qui</span> <span class='ocrx_word' id='word_1_71' title='bbox 919 1818 1047 1914; x_wconf 73' lang='lat' dir='ltr'>primas</span> <span class='ocrx_word' id='word_1_72' title='bbox 1078 1818 1116 1890; x_wconf 89' lang='lat' dir='ltr'>in</span> <span class='ocrx_word' id='word_1_73' title='bbox 1142 1819 1370 1894; x_wconf 84' lang='lat' dir='ltr'>OEconomia</span> <span class='ocrx_word' id='word_1_74' title='bbox 1403 1820 1506 1917; x_wconf 77' lang='lat' dir='ltr'>legali</span> 
     </span>
     <span class='ocr_line' id='line_1_10' title="bbox 283 1912 1504 2014; baseline 0.003 -28"><span class='ocrx_word' id='word_1_75' title='bbox 283 1927 501 2002; x_wconf 82' lang='lat' dir='ltr'>tenuerunt,</span> <span class='ocrx_word' id='word_1_76' title='bbox 525 1914 662 1987; x_wconf 81' lang='lat' dir='ltr'>scilicet</span> <span class='ocrx_word' id='word_1_77' title='bbox 687 1914 924 2010; x_wconf 80' lang='lat' dir='ltr'>Angelorum,</span> <span class='ocrx_word' id='word_1_78' title='bbox 948 1914 1071 2009; x_wconf 81' lang='lat' dir='ltr'>quibus</span> <span class='ocrx_word' id='word_1_79' title='bbox 1098 1935 1139 1984; x_wconf 83' lang='lat' dir='ltr'>ea</span> <span class='ocrx_word' id='word_1_80' title='bbox 1160 1912 1312 2006; x_wconf 68' lang='lat' dir='ltr'>subjecta</span> <span class='ocrx_word' id='word_1_81' title='bbox 1338 1915 1407 1988; x_wconf 81' lang='lat' dir='ltr'>fuit</span> <span class='ocrx_word' id='word_1_82' title='bbox 1426 1940 1504 2014; x_wconf 62' lang='lat' dir='ltr'>capt</span> 
     </span>
    </p>

    <p class='ocr_par' dir='ltr' id='par_1_6' title="bbox 287 2005 1630 2485">
     <span class='ocr_line' id='line_1_11' title="bbox 287 2005 1626 2105; baseline 0.003 -26"><span class='ocrx_word' id='word_1_83' title='bbox 287 2006 364 2080; x_wconf 81' lang='lat' dir='ltr'>let</span> <span class='ocrx_word' id='word_1_84' title='bbox 385 2009 438 2081; x_wconf 90' lang='lat'>11.</span> <span class='ocrx_word' id='word_1_85' title='bbox 490 2005 625 2096; x_wconf 80' lang='lat' dir='ltr'>Mosrs,</span> <span class='ocrx_word' id='word_1_86' title='bbox 664 2007 725 2105; x_wconf 74' lang='lat' dir='ltr'>qui</span> <span class='ocrx_word' id='word_1_87' title='bbox 752 2031 829 2081; x_wconf 86' lang='lat' dir='ltr'>cam</span> <span class='ocrx_word' id='word_1_88' title='bbox 857 2007 1030 2096; x_wconf 83' lang='lat' dir='ltr'>instituit,</span> <span class='ocrx_word' id='word_1_89' title='bbox 1071 2007 1349 2102; x_wconf 82' lang='lat' dir='ltr'>Prophetarum,</span> <span class='ocrx_word' id='word_1_90' title='bbox 1385 2010 1444 2100; x_wconf 90' lang='lat' dir='ltr'>qui</span> <span class='ocrx_word' id='word_1_91' title='bbox 1469 2011 1505 2082; x_wconf 91' lang='lat' dir='ltr'>ei</span> <span class='ocrx_word' id='word_1_92' title='bbox 1621 2043 1626 2050; x_wconf 96' lang='lat'>·</span> 
     </span>
     <span class='ocr_line' id='line_1_12' title="bbox 288 2099 1630 2198; baseline -0.002 -23"><span class='ocrx_word' id='word_1_93' title='bbox 288 2099 552 2193; x_wconf 78' lang='lat' dir='ltr'>inservierunt,</span> <span class='ocrx_word' id='word_1_94' title='bbox 576 2121 608 2178; x_wconf 71' lang='lat' dir='ltr'>c</span> <span class='ocrx_word' id='word_1_95' title='bbox 633 2104 702 2194; x_wconf 86' lang='lat' dir='ltr'>ut,</span> <span class='ocrx_word' id='word_1_96' title='bbox 725 2103 795 2178; x_wconf 86' lang='lat' dir='ltr'>IV.</span> <span class='ocrx_word' id='word_1_97' title='bbox 818 2102 970 2198; x_wconf 87' lang='lat' dir='ltr'>denique</span> <span class='ocrx_word' id='word_1_98' title='bbox 986 2102 1234 2193; x_wconf 73' lang='lat' dir='ltr'>sacerdotum,</span> <span class='ocrx_word' id='word_1_99' title='bbox 1262 2103 1507 2198; x_wconf 80' lang='lat' dir='ltr'>primariorum</span> <span class='ocrx_word' id='word_1_100' title='bbox 1627 2167 1630 2172; x_wconf 87' lang='lat'>.</span> 
     </span>
     <span class='ocr_line' id='line_1_13' title="bbox 288 2195 1506 2292; baseline 0.005 -26"><span class='ocrx_word' id='word_1_101' title='bbox 288 2195 372 2292; x_wconf 71' lang='lat' dir='ltr'>legit</span> <span class='ocrx_word' id='word_1_102' title='bbox 392 2196 660 2287; x_wconf 86' lang='lat' dir='ltr'>ministrorum,</span> <span class='ocrx_word' id='word_1_103' title='bbox 699 2223 732 2275; x_wconf 90' lang='lat' dir='ltr'>c.</span> <span class='ocrx_word' id='word_1_104' title='bbox 758 2200 861 2273; x_wconf 84' lang='lat' dir='ltr'>V.-</span> <span class='ocrx_word' id='word_1_105' title='bbox 885 2215 965 2272; x_wconf 91' lang='lat' dir='ltr'>cunr</span> <span class='ocrx_word' id='word_1_106' title='bbox 991 2195 1145 2270; x_wconf 81' lang='lat' dir='ltr'>Christus</span> <span class='ocrx_word' id='word_1_107' title='bbox 1170 2195 1211 2269; x_wconf 91' lang='lat' dir='ltr'>srt</span> <span class='ocrx_word' id='word_1_108' title='bbox 1235 2198 1322 2270; x_wconf 79' lang='lat' dir='ltr'>aiter</span> <span class='ocrx_word' id='word_1_109' title='bbox 1347 2198 1506 2272; x_wconf 81' lang='lat' dir='ltr'>Melchi-</span> 
     </span>
     <span class='ocr_line' id='line_1_14' title="bbox 292 2287 1504 2389; baseline 0.002 -25"><span class='ocrx_word' id='word_1_110' title='bbox 292 2291 460 2381; x_wconf 65' lang='grc' dir='ltr'>πόποι,</span> <span class='ocrx_word' id='word_1_111' title='bbox 505 2287 662 2368; x_wconf 77' lang='lat' dir='ltr'>sacerdos</span> <span class='ocrx_word' id='word_1_112' title='bbox 685 2289 886 2370; x_wconf 71' lang='lat' dir='ltr'>universalis</span> <span class='ocrx_word' id='word_1_113' title='bbox 910 2312 949 2366; x_wconf 84' lang='lat' dir='ltr'>ct</span> <span class='ocrx_word' id='word_1_114' title='bbox 974 2292 1120 2380; x_wconf 76' lang='lat' dir='ltr'>unicus,</span> <span class='ocrx_word' id='word_1_115' title='bbox 1162 2289 1257 2364; x_wconf 84' lang='lat' dir='ltr'>simul</span> <span class='ocrx_word' id='word_1_116' title='bbox 1280 2294 1382 2380; x_wconf 79' lang='lat' dir='ltr'>Rex,</span> <span class='ocrx_word' id='word_1_117' title='bbox 1421 2293 1504 2389; x_wconf 91' lang='lat' dir='ltr'>qui,</span> 
     </span>
     <span class='ocr_line' id='line_1_15' title="bbox 291 2385 1507 2485; baseline 0.001 -23"><span class='ocrx_word' id='word_1_118' title='bbox 291 2385 447 2482; x_wconf 70' lang='lat' dir='ltr'>perfetta</span> <span class='ocrx_word' id='word_1_119' title='bbox 479 2405 711 2484; x_wconf 67' lang='lat' dir='ltr'>pecatorum</span> <span class='ocrx_word' id='word_1_120' title='bbox 740 2387 946 2485; x_wconf 75' lang='lat' dir='ltr'>expiatione</span> <span class='ocrx_word' id='word_1_121' title='bbox 971 2411 1035 2483; x_wconf 90' lang='lat' dir='ltr'>per</span> <span class='ocrx_word' id='word_1_122' title='bbox 1060 2406 1164 2459; x_wconf 83' lang='lat' dir='ltr'>unam</span> <span class='ocrx_word' id='word_1_123' title='bbox 1190 2385 1335 2461; x_wconf 70' lang='lat' dir='ltr'>adducit</span> <span class='ocrx_word' id='word_1_124' title='bbox 1358 2388 1507 2463; x_wconf 81' lang='lat' dir='ltr'>oblatio·</span> 
     </span>
    </p>

    <p class='ocr_par' dir='ltr' id='par_1_7' title="bbox 287 2479 1507 3128">
     <span class='ocr_line' id='line_1_16' title="bbox 289 2479 1506 2594; baseline 0.001 -36"><span class='ocrx_word' id='word_1_125' title='bbox 289 2499 370 2558; x_wconf 79' lang='lat' dir='ltr'>nent</span> <span class='ocrx_word' id='word_1_126' title='bbox 394 2483 437 2556; x_wconf 85' lang='lat' dir='ltr'>in</span> <span class='ocrx_word' id='word_1_127' title='bbox 464 2501 594 2573; x_wconf 79' lang='lat' dir='ltr'>cruce,</span> <span class='ocrx_word' id='word_1_128' title='bbox 615 2482 654 2556; x_wconf 90' lang='lat' dir='ltr'>in</span> <span class='ocrx_word' id='word_1_129' title='bbox 679 2479 806 2574; x_wconf 86' lang='lat' dir='ltr'>coeio,</span> <span class='ocrx_word' id='word_1_130' title='bbox 838 2501 972 2589; x_wconf 82' lang='lat' dir='ltr'>ernon</span> <span class='ocrx_word' id='word_1_131' title='bbox 997 2503 1109 2569; x_wconf 85' lang='lat' dir='ltr'>terra,</span> <span class='ocrx_word' id='word_1_132' title='bbox 1132 2480 1342 2589; x_wconf 80' lang='lat' dir='ltr'>advocatum</span> <span class='ocrx_word' id='word_1_133' title='bbox 1364 2482 1438 2578; x_wconf 84' lang='lat' dir='ltr'>agit</span> <span class='ocrx_word' id='word_1_134' title='bbox 1463 2501 1506 2594; x_wconf 72' lang='lat' dir='ltr'>ao</span> 
     </span>
     <span class='ocr_line' id='line_1_17' title="bbox 288 2575 1506 2779; baseline -0.002 -29"><span class='ocrx_word' id='word_1_135' title='bbox 288 2597 433 2750; x_wconf 57' lang='lat' dir='ltr'>{iffi}</span> <span class='ocrx_word' id='word_1_136' title='bbox 452 2575 1054 2769; x_wconf 50' lang='lat' dir='ltr'>idffltiffiiff‘suuinid?</span> <span class='ocrx_word' id='word_1_137' title='bbox 1072 2578 1418 2779; x_wconf 46' lang='lat' dir='ltr'>innituit?</span> <span class='ocrx_word' id='word_1_138' title='bbox 1426 2603 1506 2766; x_wconf 60' lang='lat' dir='ltr'>tei}</span> 
     </span>
     <span class='ocr_line' id='line_1_18' title="bbox 288 2699 1506 2874; baseline 0 -29"><span class='ocrx_word' id='word_1_139' title='bbox 288 2768 420 2845; x_wconf 79' lang='lat' dir='ltr'>cunni</span> <span class='ocrx_word' id='word_1_140' title='bbox 444 2786 535 2841; x_wconf 76' lang='lat' dir='ltr'>reto</span> <span class='ocrx_word' id='word_1_141' title='bbox 557 2766 738 2856; x_wconf 68' lang='lat' dir='ltr'>coelestis,</span> <span class='ocrx_word' id='word_1_142' title='bbox 761 2790 865 2856; x_wconf 74' lang='lat' dir='ltr'>von,</span> <span class='ocrx_word' id='word_1_143' title='bbox 899 2790 940 2840; x_wconf 79' lang='lat' dir='ltr'>ac</span> <span class='ocrx_word' id='word_1_144' title='bbox 963 2766 1139 2864; x_wconf 65' lang='lat' dir='ltr'>perfecit,</span> <span class='ocrx_word' id='word_1_145' title='bbox 1164 2791 1222 2839; x_wconf 87' lang='lat' dir='ltr'>cur</span> <span class='ocrx_word' id='word_1_146' title='bbox 1249 2769 1379 2874; x_wconf 76' lang='lat' dir='ltr'>ultera,¹</span> <span class='ocrx_word' id='word_1_147' title='bbox 1398 2699 1506 2867; x_wconf 62' lang='lat' dir='ltr'>fongo</span> 
     </span>
     <span class='ocr_line' id='line_1_19' title="bbox 288 2858 1503 2955; baseline 0 -17"><span class='ocrx_word' id='word_1_148' title='bbox 288 2858 459 2951; x_wconf 77' lang='lat' dir='ltr'>inferior,</span> <span class='ocrx_word' id='word_1_149' title='bbox 492 2882 529 2937; x_wconf 76' lang='lat' dir='ltr'>et</span> <span class='ocrx_word' id='word_1_150' title='bbox 551 2863 778 2954; x_wconf 67' lang='lat' dir='ltr'>descduosc,</span> <span class='ocrx_word' id='word_1_151' title='bbox 814 2862 942 2936; x_wconf 84' lang='lat' dir='ltr'>cedere·</span> <span class='ocrx_word' id='word_1_152' title='bbox 963 2865 1110 2951; x_wconf 80' lang='lat' dir='ltr'>debeat,</span> <span class='ocrx_word' id='word_1_153' title='bbox 1152 2862 1239 2935; x_wconf 87' lang='lat' dir='ltr'>srcut</span> <span class='ocrx_word' id='word_1_154' title='bbox 1263 2874 1371 2935; x_wconf 79' lang='lat' dir='ltr'>etiam</span> <span class='ocrx_word' id='word_1_155' title='bbox 1395 2878 1503 2955; x_wconf 78' lang='lat' dir='ltr'>mor,</span> 
     </span>
     <span class='ocr_line' id='line_1_20' title="bbox 290 2956 1507 3055; baseline 0.001 -22"><span class='ocrx_word' id='word_1_156' title='bbox 290 2958 454 3055; x_wconf 72' lang='lat' dir='ltr'>fingulmi</span> <span class='ocrx_word' id='word_1_157' title='bbox 485 2959 556 3031; x_wconf 89' lang='lat' dir='ltr'>Dei</span> <span class='ocrx_word' id='word_1_158' title='bbox 585 2959 741 3055; x_wconf 75' lang='lat' dir='ltr'>jndicio,</span> <span class='ocrx_word' id='word_1_159' title='bbox 781 2976 859 3031; x_wconf 85' lang='lat' dir='ltr'>cunr</span> <span class='ocrx_word' id='word_1_160' title='bbox 897 2956 971 3053; x_wconf 82' lang='lat' dir='ltr'>ipsa</span> <span class='ocrx_word' id='word_1_161' title='bbox 1002 2956 1270 3054; x_wconf 81' lang='lat' dir='ltr'>Hierosolyma,</span> <span class='ocrx_word' id='word_1_162' title='bbox 1303 2957 1382 3031; x_wconf 88' lang='lat' dir='ltr'>sede</span> <span class='ocrx_word' id='word_1_163' title='bbox 1407 2960 1507 3054; x_wconf 81' lang='lat' dir='ltr'>ejus,-</span> 
     </span>
     <span class='ocr_line' id='line_1_21' title="bbox 287 3050 927 3128; baseline -0.003 -1"><span class='ocrx_word' id='word_1_164' title='bbox 287 3055 465 3127; x_wconf 63' lang='lat' dir='ltr'>dolende</span> <span class='ocrx_word' id='word_1_165' title='bbox 487 3052 559 3127; x_wconf 71' lang='lat' dir='ltr'>est:</span> <span class='ocrx_word' id='word_1_166' title='bbox 587 3072 619 3127; x_wconf 83' lang='lat' dir='ltr'>c.</span> <span class='ocrx_word' id='word_1_167' title='bbox 645 3050 750 3128; x_wconf 82' lang='lat' dir='ltr'><strong>VIII.</strong></span> <span class='ocrx_word' id='word_1_168' title='bbox 774 3072 811 3126; x_wconf 85' lang='lat' dir='ltr'>et</span> <span class='ocrx_word' id='word_1_169' title='bbox 833 3052 927 3126; x_wconf 77' lang='lat' dir='ltr'>anui.</span> 
     </span>
    </p>

    <p class='ocr_par' dir='ltr' id='par_1_8' title="bbox 285 3144 1509 4555">
     <span class='ocr_line' id='line_1_22' title="bbox 338 3144 1508 3245; baseline -0.003 -26"><span class='ocrx_word' id='word_1_170' title='bbox 338 3146 377 3245; x_wconf 53' lang='grc' dir='ltr'>ᾖ.</span> <span class='ocrx_word' id='word_1_171' title='bbox 401 3148 547 3221; x_wconf 70' lang='lat' dir='ltr'>cxxii.</span> <span class='ocrx_word' id='word_1_172' title='bbox 570 3152 617 3222; x_wconf 81' lang='lat' dir='ltr'>Su</span> <span class='ocrx_word' id='word_1_173' title='bbox 665 3144 735 3221; x_wconf 85' lang='lat' dir='ltr'>r-est</span> <span class='ocrx_word' id='word_1_174' title='bbox 757 3147 911 3241; x_wconf 68' lang='lat' dir='ltr'>Epistola</span> <span class='ocrx_word' id='word_1_175' title='bbox 934 3144 1107 3238; x_wconf 83' lang='lat' dir='ltr'>posterior</span> <span class='ocrx_word' id='word_1_176' title='bbox 1130 3147 1171 3217; x_wconf 83' lang='lat' dir='ltr'>ad</span> <span class='ocrx_word' id='word_1_177' title='bbox 1200 3146 1417 3230; x_wconf 62' lang='lat' dir='ltr'>Timotheum,</span> <span class='ocrx_word' id='word_1_178' title='bbox 1443 3154 1508 3216; x_wconf 81' lang='lat' dir='ltr'>eo·¹</span> 
     </span>
     <span class='ocr_line' id='line_1_23' title="bbox 293 3166 1507 3345; baseline -0.005 -29"><span class='ocrx_word' id='word_1_179' title='bbox 293 3241 384 3316; x_wconf 83' lang='lat' dir='ltr'>dem</span> <span class='ocrx_word' id='word_1_180' title='bbox 407 3258 577 3335; x_wconf 74' lang='lat' dir='ltr'>tempore,</span> <span class='ocrx_word' id='word_1_181' title='bbox 610 3166 702 3330; x_wconf 61' lang='lat' dir='ltr'>sirie,</span> <span class='ocrx_word' id='word_1_182' title='bbox 738 3239 988 3333; x_wconf 71' lang='lat' dir='ltr'>inconjeciura</span> <span class='ocrx_word' id='word_1_183' title='bbox 1012 3240 1055 3311; x_wconf 88' lang='lat' dir='ltr'>dc</span> <span class='ocrx_word' id='word_1_184' title='bbox 1079 3240 1209 3333; x_wconf 69' lang='lat' dir='ltr'>Apollo</span> <span class='ocrx_word' id='word_1_185' title='bbox 1235 3237 1427 3345; x_wconf 72' lang='lat' dir='ltr'>scriptore,</span> <span class='ocrx_word' id='word_1_186' title='bbox 1461 3260 1507 3311; x_wconf 88' lang='lat' dir='ltr'>ae</span> 
     </span>
     <span class='ocr_line' id='line_1_24' title="bbox 285 3330 1508 3433; baseline -0.004 -22"><span class='ocrx_word' id='word_1_187' title='bbox 285 3355 464 3432; x_wconf 81' lang='lat' dir='ltr'>tempore</span> <span class='ocrx_word' id='word_1_188' title='bbox 481 3336 614 3433; x_wconf 50' lang='lat' dir='ltr'>uptun</span> <span class='ocrx_word' id='word_1_189' title='bbox 639 3337 733 3412; x_wconf 89' lang='lat' dir='ltr'>Heb.</span> <span class='ocrx_word' id='word_1_190' title='bbox 767 3336 991 3421; x_wconf 77' lang='lat' dir='ltr'>admittatur,</span> <span class='ocrx_word' id='word_1_191' title='bbox 1032 3334 1135 3429; x_wconf 74' lang='lat' dir='ltr'>puuio</span> <span class='ocrx_word' id='word_1_192' title='bbox 1168 3352 1248 3406; x_wconf 85' lang='lat' dir='ltr'>ante</span> <span class='ocrx_word' id='word_1_193' title='bbox 1281 3330 1508 3427; x_wconf 62' lang='lat' dir='ltr'>conscripta,u</span> 
     </span>
     <span class='ocr_line' id='line_1_25' title="bbox 287 3428 1509 3529; baseline -0.002 -24"><span class='ocrx_word' id='word_1_194' title='bbox 287 3434 415 3529; x_wconf 76' lang='lat' dir='ltr'>ntique</span> <span class='ocrx_word' id='word_1_195' title='bbox 440 3432 480 3505; x_wconf 90' lang='lat' dir='ltr'>in</span> <span class='ocrx_word' id='word_1_196' title='bbox 501 3432 651 3506; x_wconf 82' lang='lat' dir='ltr'>vinculis</span> <span class='ocrx_word' id='word_1_197' title='bbox 667 3430 760 3506; x_wconf 82' lang='lat' dir='ltr'>Pauli</span> <span class='ocrx_word' id='word_1_198' title='bbox 784 3429 1053 3527; x_wconf 87' lang='lat' dir='ltr'>posterioribus,</span> <span class='ocrx_word' id='word_1_199' title='bbox 1077 3452 1165 3525; x_wconf 84' lang='lat' dir='ltr'>quae</span> <span class='ocrx_word' id='word_1_200' title='bbox 1190 3429 1226 3502; x_wconf 90' lang='lat' dir='ltr'>irr</span> <span class='ocrx_word' id='word_1_201' title='bbox 1244 3428 1411 3523; x_wconf 78' lang='lat' dir='ltr'>martyrio</span> <span class='ocrx_word' id='word_1_202' title='bbox 1427 3429 1509 3525; x_wconf 67' lang='lat' dir='ltr'>ejus</span> 
     </span>
     <span class='ocr_line' id='line_1_26' title="bbox 288 3522 1508 3620; baseline -0.002 -19"><span class='ocrx_word' id='word_1_203' title='bbox 288 3526 481 3601; x_wconf 76' lang='lat' dir='ltr'>termimta</span> <span class='ocrx_word' id='word_1_204' title='bbox 499 3532 588 3603; x_wconf 86' lang='lat' dir='ltr'>sunt.</span> <span class='ocrx_word' id='word_1_205' title='bbox 640 3530 801 3614; x_wconf 76' lang='lat' dir='ltr'>Paulum,</span> <span class='ocrx_word' id='word_1_206' title='bbox 825 3549 894 3620; x_wconf 87' lang='lat' dir='ltr'>quo</span> <span class='ocrx_word' id='word_1_207' title='bbox 923 3543 1082 3620; x_wconf 88' lang='lat' dir='ltr'>tempore</span> <span class='ocrx_word' id='word_1_208' title='bbox 1106 3548 1182 3597; x_wconf 74' lang='lat' dir='ltr'>eum</span> <span class='ocrx_word' id='word_1_209' title='bbox 1200 3522 1352 3618; x_wconf 82' lang='lat' dir='ltr'>scripsit,</span> <span class='ocrx_word' id='word_1_210' title='bbox 1378 3523 1508 3599; x_wconf 71' lang='lat' dir='ltr'>Romae</span> 
     </span>
     <span class='ocr_line' id='line_1_27' title="bbox 290 3618 1505 3716; baseline -0.002 -20"><span class='ocrx_word' id='word_1_211' title='bbox 290 3622 389 3698; x_wconf 81' lang='lat' dir='ltr'>soiffe</span> <span class='ocrx_word' id='word_1_212' title='bbox 407 3646 454 3697; x_wconf 83' lang='lat' dir='ltr'>ex</span> <span class='ocrx_word' id='word_1_213' title='bbox 479 3644 511 3697; x_wconf 88' lang='lat' dir='ltr'>c.</span> <span class='ocrx_word' id='word_1_214' title='bbox 537 3624 564 3696; x_wconf 89' lang='lat'>1:</span> <span class='ocrx_word' id='word_1_215' title='bbox 597 3647 652 3716; x_wconf 74' lang='lat'>17«</span> <span class='ocrx_word' id='word_1_216' title='bbox 675 3620 893 3694; x_wconf 79' lang='lat' dir='ltr'>manifestim</span> <span class='ocrx_word' id='word_1_217' title='bbox 913 3618 982 3707; x_wconf 82' lang='lat' dir='ltr'>est,</span> <span class='ocrx_word' id='word_1_218' title='bbox 1008 3642 1073 3693; x_wconf 85' lang='lat' dir='ltr'>nec</span> <span class='ocrx_word' id='word_1_219' title='bbox 1098 3620 1234 3709; x_wconf 83' lang='lat' dir='ltr'>minus,</span> <span class='ocrx_word' id='word_1_220' title='bbox 1254 3618 1403 3693; x_wconf 87' lang='lat' dir='ltr'>vinculis</span> <span class='ocrx_word' id='word_1_221' title='bbox 1419 3620 1505 3694; x_wconf 69' lang='lat' dir='ltr'>suis</span> 
     </span>
     <span class='ocr_line' id='line_1_28' title="bbox 288 3712 1505 3809; baseline -0.002 -18"><span class='ocrx_word' id='word_1_222' title='bbox 288 3712 601 3809; x_wconf 64' lang='lat' dir='ltr'>neaustriam,</span> <span class='ocrx_word' id='word_1_223' title='bbox 637 3736 674 3790; x_wconf 87' lang='lat' dir='ltr'>et</span> <span class='ocrx_word' id='word_1_224' title='bbox 698 3719 735 3790; x_wconf 90' lang='lat' dir='ltr'>in</span> <span class='ocrx_word' id='word_1_225' title='bbox 759 3715 856 3789; x_wconf 71' lang='lat' dir='ltr'>ardtu</span> <span class='ocrx_word' id='word_1_226' title='bbox 877 3712 1051 3801; x_wconf 85' lang='lat' dir='ltr'>custodia,</span> <span class='ocrx_word' id='word_1_227' title='bbox 1086 3738 1116 3788; x_wconf 89' lang='lat' dir='ltr'>c.</span> <span class='ocrx_word' id='word_1_228' title='bbox 1146 3717 1171 3787; x_wconf 83' lang='lat' dir='ltr'>I:</span> <span class='ocrx_word' id='word_1_229' title='bbox 1200 3724 1253 3802; x_wconf 88' lang='lat'>8.,</span> <span class='ocrx_word' id='word_1_230' title='bbox 1285 3733 1322 3786; x_wconf 89' lang='lat' dir='ltr'>et</span> <span class='ocrx_word' id='word_1_231' title='bbox 1346 3736 1379 3789; x_wconf 86' lang='lat' dir='ltr'>e.</span> <span class='ocrx_word' id='word_1_232' title='bbox 1404 3716 1439 3788; x_wconf 84' lang='lat' dir='ltr'>n</span> <span class='ocrx_word' id='word_1_233' title='bbox 1462 3730 1505 3789; x_wconf 84' lang='lat' dir='ltr'>a&#39;c</span> 
     </span>
     <span class='ocr_line' id='line_1_29' title="bbox 289 3808 1509 3899; baseline -0.004 -12"><span class='ocrx_word' id='word_1_234' title='bbox 289 3812 357 3887; x_wconf 77' lang='lat' dir='ltr'>iv.</span> <span class='ocrx_word' id='word_1_235' title='bbox 391 3836 463 3887; x_wconf 88' lang='lat' dir='ltr'>nec</span> <span class='ocrx_word' id='word_1_236' title='bbox 488 3832 606 3887; x_wconf 82' lang='lat' dir='ltr'>tamen</span> <span class='ocrx_word' id='word_1_237' title='bbox 631 3815 668 3886; x_wconf 92' lang='lat' dir='ltr'>in</span> <span class='ocrx_word' id='word_1_238' title='bbox 695 3812 835 3899; x_wconf 82' lang='lat' dir='ltr'>eadem,</span> <span class='ocrx_word' id='word_1_239' title='bbox 868 3829 909 3882; x_wconf 91' lang='lat' dir='ltr'>ac</span> <span class='ocrx_word' id='word_1_240' title='bbox 931 3826 1056 3894; x_wconf 69' lang='lat' dir='ltr'>antea,</span> <span class='ocrx_word' id='word_1_241' title='bbox 1096 3833 1174 3880; x_wconf 91' lang='lat' dir='ltr'>cum</span> <span class='ocrx_word' id='word_1_242' title='bbox 1202 3831 1295 3881; x_wconf 87' lang='lat' dir='ltr'>nunc</span> <span class='ocrx_word' id='word_1_243' title='bbox 1322 3808 1356 3881; x_wconf 84' lang='lat' dir='ltr'>se</span> <span class='ocrx_word' id='word_1_244' title='bbox 1380 3808 1423 3880; x_wconf 90' lang='lat' dir='ltr'>de-</span> <span class='ocrx_word' id='word_1_245' title='bbox 1447 3808 1509 3883; x_wconf 64' lang='lat' dir='ltr'>ine</span> 
     </span>
     <span class='ocr_line' id='line_1_30' title="bbox 290 3902 1509 4001; baseline -0.005 -18"><span class='ocrx_word' id='word_1_246' title='bbox 290 3907 400 3983; x_wconf 66' lang='lat' dir='ltr'>flente</span> <span class='ocrx_word' id='word_1_247' title='bbox 417 3929 537 3982; x_wconf 88' lang='lat' dir='ltr'>morte</span> <span class='ocrx_word' id='word_1_248' title='bbox 556 3910 628 3984; x_wconf 84' lang='lat' dir='ltr'>esse</span> <span class='ocrx_word' id='word_1_249' title='bbox 643 3906 856 4001; x_wconf 81' lang='lat' dir='ltr'>persuasum,</span> <span class='ocrx_word' id='word_1_250' title='bbox 881 3905 979 3977; x_wconf 79' lang='lat' dir='ltr'>secus</span> <span class='ocrx_word' id='word_1_251' title='bbox 994 3927 1034 3976; x_wconf 89' lang='lat' dir='ltr'>ae</span> <span class='ocrx_word' id='word_1_252' title='bbox 1055 3904 1089 3975; x_wconf 89' lang='lat' dir='ltr'>in</span> <span class='ocrx_word' id='word_1_253' title='bbox 1107 3905 1182 3976; x_wconf 75' lang='lat' dir='ltr'>asiis</span> <span class='ocrx_word' id='word_1_254' title='bbox 1204 3902 1324 3999; x_wconf 86' lang='lat' dir='ltr'>epist.‚</span> <span class='ocrx_word' id='word_1_255' title='bbox 1349 3903 1389 3975; x_wconf 87' lang='lat' dir='ltr'>in·</span> <span class='ocrx_word' id='word_1_256' title='bbox 1405 3903 1509 3997; x_wconf 59' lang='lat' dir='ltr'>prior</span> 
     </span>
     <span class='ocr_line' id='line_1_31' title="bbox 291 3998 1508 4099; baseline -0.003 -22"><span class='ocrx_word' id='word_1_257' title='bbox 291 4028 330 4077; x_wconf 90' lang='lat' dir='ltr'>re</span> <span class='ocrx_word' id='word_1_258' title='bbox 351 4001 514 4079; x_wconf 70' lang='lat' dir='ltr'>custodia</span> <span class='ocrx_word' id='word_1_259' title='bbox 536 4005 690 4099; x_wconf 72' lang='lat' dir='ltr'>scriptis,</span> <span class='ocrx_word' id='word_1_260' title='bbox 726 4019 765 4075; x_wconf 85' lang='lat' dir='ltr'>ut</span> <span class='ocrx_word' id='word_1_261' title='bbox 789 4001 893 4095; x_wconf 84' lang='lat' dir='ltr'>supra·</span> <span class='ocrx_word' id='word_1_262' title='bbox 911 3998 1083 4086; x_wconf 85' lang='lat' dir='ltr'>vidimus,</span> <span class='ocrx_word' id='word_1_263' title='bbox 1117 3998 1288 4084; x_wconf 85' lang='lat' dir='ltr'>declaret;</span> <span class='ocrx_word' id='word_1_264' title='bbox 1321 4020 1508 4094; x_wconf 69' lang='lat' dir='ltr'>praeterea</span> 
     </span>
     <span class='ocr_line' id='line_1_32' title="bbox 293 4093 1506 4193; baseline -0.002 -20"><span class='ocrx_word' id='word_1_265' title='bbox 293 4098 452 4174; x_wconf 79' lang='lat' dir='ltr'>custodia-</span> <span class='ocrx_word' id='word_1_266' title='bbox 482 4099 796 4193; x_wconf 63' lang='lat' dir='ltr'>ejus-describatur</span> <span class='ocrx_word' id='word_1_267' title='bbox 825 4098 865 4170; x_wconf 88' lang='lat' dir='ltr'>in·</span> <span class='ocrx_word' id='word_1_268' title='bbox 887 4094 958 4166; x_wconf 78' lang='lat' dir='ltr'>huc</span> <span class='ocrx_word' id='word_1_269' title='bbox 977 4093 1077 4189; x_wconf 80' lang='lat' dir='ltr'>epist.</span> <span class='ocrx_word' id='word_1_270' title='bbox 1103 4095 1212 4187; x_wconf 81' lang='lat' dir='ltr'>longe·</span> <span class='ocrx_word' id='word_1_271' title='bbox 1230 4094 1358 4168; x_wconf 71' lang='lat' dir='ltr'>areiior</span> <span class='ocrx_word' id='word_1_272' title='bbox 1380 4115 1417 4168; x_wconf 88' lang='lat' dir='ltr'>et</span> <span class='ocrx_word' id='word_1_273' title='bbox 1442 4121 1506 4171; x_wconf 86' lang='lat' dir='ltr'>oc-</span> 
     </span>
     <span class='ocr_line' id='line_1_33' title="bbox 298 4188 1508 4287; baseline -0.002 -18"><span class='ocrx_word' id='word_1_274' title='bbox 298 4195 438 4269; x_wconf 86' lang='lat' dir='ltr'>cultior:</span> <span class='ocrx_word' id='word_1_275' title='bbox 485 4194 723 4287; x_wconf 76' lang='lat' dir='ltr'>Onesiphorus</span> <span class='ocrx_word' id='word_1_276' title='bbox 745 4192 840 4266; x_wconf 90' lang='lat' dir='ltr'>enim</span> <span class='ocrx_word' id='word_1_277' title='bbox 865 4190 996 4284; x_wconf 75' lang='lat' dir='ltr'>ipsum,</span> <span class='ocrx_word' id='word_1_278' title='bbox 1023 4212 1093 4262; x_wconf 88' lang='lat' dir='ltr'>non</span> <span class='ocrx_word' id='word_1_279' title='bbox 1118 4189 1181 4264; x_wconf 81' lang='lat' dir='ltr'>rnfi</span> <span class='ocrx_word' id='word_1_280' title='bbox 1206 4188 1284 4283; x_wconf 79' lang='lat' dir='ltr'>post</span> <span class='ocrx_word' id='word_1_281' title='bbox 1305 4209 1508 4267; x_wconf 72' lang='lat' dir='ltr'>accuratum</span> 
     </span>
     <span class='ocr_line' id='line_1_34' title="bbox 301 4284 1504 4387; baseline -0.009 -22"><span class='ocrx_word' id='word_1_282' title='bbox 301 4290 576 4387; x_wconf 69' lang='lat' dir='ltr'>inquisitionem,</span> <span class='ocrx_word' id='word_1_283' title='bbox 603 4288 774 4362; x_wconf 83' lang='lat' dir='ltr'>inuenisse</span> <span class='ocrx_word' id='word_1_284' title='bbox 791 4284 922 4384; x_wconf 81' lang='lat' dir='ltr'>legitur</span> <span class='ocrx_word' id='word_1_285' title='bbox 937 4309 967 4361; x_wconf 87' lang='lat' dir='ltr'>c.</span> <span class='ocrx_word' id='word_1_286' title='bbox 988 4287 1015 4358; x_wconf 90' lang='lat'>1:</span> <span class='ocrx_word' id='word_1_287' title='bbox 1040 4306 1094 4377; x_wconf 81' lang='lat'>17.</span> <span class='ocrx_word' id='word_1_288' title='bbox 1143 4285 1303 4374; x_wconf 81' lang='lat' dir='ltr'>Deinde,</span> <span class='ocrx_word' id='word_1_289' title='bbox 1321 4287 1378 4358; x_wconf 91' lang='lat' dir='ltr'>ubi</span> <span class='ocrx_word' id='word_1_290' title='bbox 1397 4285 1504 4378; x_wconf 83' lang='lat' dir='ltr'>Eras-</span> 
     </span>
     <span class='ocr_line' id='line_1_35' title="bbox 297 4376 1506 4552; baseline -0.005 -93"><span class='ocrx_word' id='word_1_291' title='bbox 297 4403 372 4460; x_wconf 83' lang='lat' dir='ltr'>run.</span> <span class='ocrx_word' id='word_1_292' title='bbox 388 4386 480 4463; x_wconf 87' lang='lat' dir='ltr'>dicit</span> <span class='ocrx_word' id='word_1_293' title='bbox 513 4388 550 4461; x_wconf 91' lang='lat' dir='ltr'>se</span> <span class='ocrx_word' id='word_1_294' title='bbox 585 4381 763 4482; x_wconf 73' lang='lat' dir='ltr'>resipuiffc</span> <span class='ocrx_word' id='word_1_295' title='bbox 787 4384 928 4552; x_wconf 57' lang='lat' dir='ltr'>rurippi</span> <span class='ocrx_word' id='word_1_296' title='bbox 960 4404 991 4459; x_wconf 83' lang='lat' dir='ltr'>c.</span> <span class='ocrx_word' id='word_1_297' title='bbox 1008 4382 1090 4460; x_wconf 74' lang='lat' dir='ltr'>tu:</span> <span class='ocrx_word' id='word_1_298' title='bbox 1113 4403 1172 4459; x_wconf 65' lang='lat' dir='ltr'>not</span> <span class='ocrx_word' id='word_1_299' title='bbox 1196 4379 1283 4457; x_wconf 85' lang='lat' dir='ltr'>illud</span> <span class='ocrx_word' id='word_1_300' title='bbox 1302 4378 1346 4455; x_wconf 87' lang='lat' dir='ltr'>de</span> <span class='ocrx_word' id='word_1_301' title='bbox 1371 4376 1506 4453; x_wconf 74' lang='lat' dir='ltr'>itinere</span> 
     </span>
     <span class='ocr_line' id='line_1_36' title="bbox 305 4490 1502 4555; baseline 0.004 -10"><span class='ocrx_word' id='word_1_302' title='bbox 305 4516 310 4533; x_wconf 88' lang='lat'>·</span> <span class='ocrx_word' id='word_1_303' title='bbox 929 4498 949 4548; x_wconf 86' lang='lat'>2</span> <span class='ocrx_word' id='word_1_304' title='bbox 1420 4490 1502 4555; x_wconf 79' lang='lat' dir='ltr'>ante</span> 
     </span>
    </p>
   </div>
   <div class='ocr_carea' id='block_1_3' title="bbox 0 0 1817 5500">
    <p class='ocr_par' dir='ltr' id='par_1_9' title="bbox 0 0 1817 5500">
     <span class='ocr_line' id='line_1_37' title="bbox 0 0 1817 5500; baseline 0 0"><span class='ocrx_word' id='word_1_305' title='bbox 0 0 1817 5500; x_wconf 95' lang='lat' dir='ltr'> </span> 
     </span>
    </p>
   </div>
  </div>
 </body>
</html>
