3609 5500
423 738 428 745 ’
1133 747 1159 820 v

676 887 681 901 ’
766 903 768 907 ’
803 893 912 978 Serus,
943 894 1017 980 ΙΙΙ.
1443 909 1521 1004 755
1606 1009 1616 1026 e

294 1080 441 1181 guerit,
480 1081 663 1159 adfirmare
690 1097 840 1179 nequeo.
892 1081 1043 1157 Tertosl.
1067 1076 1113 1155 de
1148 1084 1238 1178 bapt.
1270 1082 1515 1180 c.15.r·dcm,

296 1202 461 1277 tanquam
486 1198 693 1277 receptum,
723 1176 956 1268 memoravit,
996 1198 1034 1251 et
1058 1178 1167 1252 Ciem.
1193 1180 1297 1254 Aser.
1322 1181 1456 1263 strom.
1481 1185 1512 1265 Ι,

257 1291 258 1295 ’
293 1295 329 1349 c.
357 1296 412 1366 19.
437 1274 500 1350 sin.
525 1275 734 1375 baptismum
757 1273 1019 1348 haereticorum
1042 1273 1192 1370 adpelsat
1216 1299 1334 1371 optram
1356 1276 1510 1355 asianam.

281 1368 514 1459 ,tirrannum
541 1375 677 1468 semper
704 1369 743 1442 in
769 1369 920 1448 Oriente
942 1371 1060 1444 locutu
1087 1369 1236 1446 tenuisse
1262 1371 1417 1463 indicat,
1452 1375 1512 1448 fir·
1539 1401 1541 1404 ·
1582 1414 1588 1428 ·

288 1484 427 1539 rnatum
453 1485 571 1542 autern
608 1465 698 1543 dicit
728 1464 766 1538 in
796 1464 942 1562 Synodo
975 1465 1169 1542 sconiense.
1216 1466 1286 1542 Sed
1317 1464 1514 1563 Cyprianus

288 1559 395 1635 nutu
421 1582 501 1635 cum
528 1586 605 1654 non¹
626 1577 784 1659 repetat,
809 1583 911 1659 quam
934 1562 978 1636 ab
998 1561 1222 1658 Agrippino,
1246 1560 1393 1634 innuere
1412 1563 1512 1638 uide·

293 1674 370 1747 tur,
399 1674 482 1731 tunc
501 1657 647 1733 decreto
666 1655 820 1755 synodali
837 1654 939 1732 suiffe
968 1658 1228 1733 confirmatum.
1280 1656 1362 1759 Quo
1387 1656 1511 1735 funda·

290 1770 417 1825 mento
449 1754 663 1850 Augustinus
686 1755 731 1827 de
757 1752 910 1847 baptism.
943 1752 966 1829 s.
990 1755 1038 1827 11.
1070 1770 1108 1825 et
1142 1752 1360 1828 Vincenttus
1393 1754 1507 1834 Lirin.

292 1846 503 1923 commonit.
527 1853 549 1925 Ι.
575 1853 604 1923 1.
630 1870 767 1921 morem
790 1850 886 1921 ilium
911 1849 954 1923 ab
983 1845 1187 1946 Agrippino
1210 1871 1249 1922 re
1276 1865 1398 1937 etum,
1417 1860 1509 1927 tan·-
1578 1885 1580 1890 ’
1650 1930 1653 1936 ,

291 1963 393 2038 quarn
415 1962 559 2035 autore,
587 1944 823 2041 nescioquam
842 1942 967 2019 solide:
992 1948 1114 2040 utique
1137 1964 1221 2018 ante
1278 1942 1504 2035 ertussianum

288 2038 362 2138 jam
385 2038 455 2112 suit
478 2038 616 2137 recepti
652 2040 740 2115 osus.
791 2040 875 2141 Quo
906 2062 994 2115 uero
1027 2059 1189 2136 ternpore
1221 2038 1413 2114 concilium
1447 2041 1509 2117 sub

287 2134 495 2233 Agrippino
519 2136 677 2210 habiturn
703 2133 774 2226 est,
807 2158 879 2208 non
906 2134 1053 2209 constat.
1103 2135 1209 2239 Quod
1234 2158 1342 2232 veto,
1381 2136 1509 2234 consur·

287 2235 433 2304 tudinem
464 2231 592 2305 cedere
625 2231 755 2305 debere
785 2226 920 2306 ueritati
948 2230 1008 2305 dis
1028 2248 1104 2304 utet
1142 2231 1180 2304 in
1214 2228 1398 2328 Epistolis,
1439 2235 1510 2308 huc

286 2324 545 2427 spestantibus,
570 2325 779 2424 Cyprianus,
804 2326 919 2421 arguit
933 2257 1097 2424 quidem,
1122 2349 1202 2399 eum
1222 2349 1292 2400 non
1307 2326 1419 2399 sidere
1439 2349 1508 2403 tra·

278 2422 442 2513 ditioni,
466 2443 533 2497 uec
558 2420 837 2501 indurationem
863 2422 953 2497 velle
974 2422 1077 2521 peti,
1108 2420 1168 2496 sed
1191 2444 1283 2512 non,
1316 2420 1424 2497 alium
1447 2425 1509 2508 asi·

293 2517 433 2617 quando
456 2517 606 2618 viguisse
629 2542 775 2595 morem.
834 2608 835 2611 Ἴ

279 2613 300 2669 -‘
333 2607 553 2689 -CXLV.·'2.
577 2611 684 2723 Quod
708 2613 751 2687 ad
775 2613 842 2686 alia
866 2611 1004 2688 adtinet
1028 2626 1254 2711 argumenta,
1289 2636 1322 2688 a.
1346 2612 1508 2688 Palmari-

288 2734 348 2786 um
362 2698 624 2805 'Stephanisu'tt
639 2712 755 2784 nnstnr
779 2708 941 2808 baptismi
951 2766 973 2800 ,.
988 2734 1032 2785 ex
1051 2707 1178 2807 Ephes.
1205 2710 1297 2800 lv„
1322 2733 1411 2821 quae
1429 2736 1506 2786 om·
1642 2756 1644 2760 >

287 2830 373 2880 nem
392 2805 547 2879 excludit
572 2805 816 2894 iterationem,
841 2804 900 2878 coi
919 2807 1111 2902 Cyprianus
1128 2804 1302 2895 occurrit,
1328 2808 1506 2884 inculcan-

291 2901 360 2991 do,
386 2922 458 2993 non
484 2904 711 2997 rebaptizari,
737 2900 795 2974 sed
818 2905 989 2995 baptizari
1015 2902 1165 2999 primurn
1190 2899 1227 2993 in
1254 2902 1429 2991 Ecclesia,
1463 2907 1506 2979 ab

284 2995 422 3071 haeresi
446 2998 642 3086 reversum,
666 3018 747 3071 curn
765 2996 954 3089 baptismus
971 2996 1046 3093 ejus
1068 2995 1176 3070 suerit
1198 2998 1316 3072 nuilus.
1364 3000 1394 3072 b.
1418 3002 1506 3094 Bap-

287 3092 382 3168 tismi
416 3093 570 3167 visorem
600 3113 671 3166 non
703 3094 746 3187 ab
779 3092 844 3184 iio,
877 3091 937 3191 qui
971 3091 1181 3180 conferunt,
1223 3090 1291 3165 sed.
1316 3115 1336 3164 a
1360 3093 1506 3169 formoso

284 3209 329 3263 et
354 3207 499 3262 externa
522 3189 634 3263 forma
658 3190 670 3263 l
718 3186 818 3261 itima
849 3187 1030 3284 pendere,
1062 3188 1204 3261 videtur
1230 3187 1428 3284 Stephanus
1450 3212 1506 3263 ur·

286 3284 387 3374 sisse,
414 3304 454 3358 ut
481 3281 668 3359 Firmilian.
706 3336 715 3356 .
741 3305 774 3357 c.
798 3282 931 3359 innuit:
957 3282 1017 3358 sed
1040 3281 1270 3391 Cyprianet
1294 3281 1351 3365 atii
1378 3282 1416 3358 in
1433 3290 1507 3359 nni·

283 3398 360 3455 ‘tntu
384 3378 560 3453 Ecclesiae
594 3379 630 3451 se
655 3378 865 3467 fundarunt,
901 3396 1001 3453 extra
1035 3383 1133 3475 cujus
1157 3376 1370 3453 soctetatem'
1388 3401 1506 3457 exter·

286 3475 507 3566 nam‚·s1cut
532 3474 624 3549 nulla
643 3473 729 3549 salus
753 3473 824 3564 est,
848 3474 898 3548 ita
921 3475 1013 3548 nulla
1035 3476 1165 3572 gratia,
1199 3475 1291 3549 nossa
1314 3476 1505 3554 sacramen·

283 3591 337 3648 na.
388 3573 442 3647 Ex
470 3593 541 3667 quo
567 3571 668 3644 fonto
692 3569 805 3644 varias
833 3569 941 3664 petiit
968 3570 1120 3645 rationes
1145 3571 1310 3667 Cyprian.
1335 3571 1374 3644 in
1396 3573 1504 3671 Epist.

286 3672 335 3741 ad
359 3672 551 3761 Magnum,
587 3664 781 3770 Quintum,
814 3666 1041 3763 Pompejum,
1081 3685 1118 3739 et
1141 3668 1364 3758 jubaianum,
1407 3689 1507 3743 utet

287 3761 483 3838 Firmiiian
516 3784 573 3856 ep.
603 3762 648 3834 ad
680 3761 845 3857 cyprian.
880 3783 947 3833 nec
979 3783 1050 3832 non
1084 3758 1249 3854 Episcopi
1282 3759 1320 3832 in
1352 3762 1505 3837 concilio

288 3855 459 3952 carthag.
483 3856 543 3928 sub
567 3852 756 3952 Cypriano.
808 3879 836 3927 c.
862 3855 967 3930 Haud
998 3854 1224 3949 spernendam
1257 3852 1409 3949 denique
1444 3883 1506 3953 pe·

287 3953 356 4030 tiit
377 3950 593 4050 Cyprianus,
634 3972 714 4025 cum
746 3950 874 4040 sociis,
901 3948 1078 4025 rationem
1096 3971 1140 4023 ex
1157 3969 1298 4046 recepta
1320 3948 1508 4044 hypothesi

292 4050 339 4126 de
360 4045 552 4143 inpofitionr
575 4067 750 4136 monum,
788 4070 855 4145 qua
879 4044 922 4119 ad
940 4048 1233 4119 communionem
1256 4045 1429 4146 Ecclesiae
1454 4071 1509 4122 re·

292 4145 515 4244 cipiebantur
545 4163 565 4213 a
600 4139 901 4228 dissentientibus,
938 4161 1099 4215 connexa
1131 4141 1262 4240 quippe
1298 4141 1400 4215 unice
1426 4166 1508 4218 cum

287 4241 751 4334 reminionepeccatorum,
777 4259 815 4313 et
840 4236 952 4335 gratia
978 4239 1130 4332 Spiritus
1153 4239 1210 4312 S.:
1238 4236 1329 4309 unde
1345 4235 1509 4333 sequeba-

288 4333 376 4430 itut,
401 4332 611 4437 baptismum
622 4388 644 4438 ,y
659 4331 960 4506 forwiz-ipson
976 4331 1240 4424 diffentitntet,
1261 4335 1305 4412 ab
1319 4331 1510 4425 haereticis

289 4454 301 4504 a
376 4501 380 4507 ,
869 4449 1024 4504 cccca
1414 4447 1514 4507 extra
