3609 5500
279 941 353 1034 326
673 932 819 1036 Historia
850 933 978 1039 Eccles.
1004 935 1118 1041 Cluifl.
1152 1017 1158 1026 ,

280 1119 411 1193 tiorem
435 1124 473 1190 e't
497 1125 627 1191 novam
650 1120 833 1216 acceperit
866 1119 934 1195 sec.
967 1123 1013 1199 ls.
1039 1119 1208 1214 sormam,
1250 1117 1354 1223 origo
1380 1129 1505 1202 tamen

280 1218 356 1313 ejus
374 1213 478 1290 altius
505 1212 556 1286 est
579 1220 793 1310 repetenda,
819 1234 857 1290 et
880 1216 969 1292 huic
992 1220 1179 1295 intervallo
1203 1216 1426 1318 adfignanela,
1448 1220 1506 1294 ita

282 1334 322 1386 ut
349 1313 444 1387 circa
466 1308 575 1383 finem
600 1312 705 1384 seculi
727 1313 799 1408 jam
824 1313 974 1405 fuerint,
1000 1315 1060 1412 qui
1086 1317 1211 1391 ssmiles
1232 1333 1421 1390 tenuerunt
1435 1314 1507 1413 hy·

282 1411 457 1507 potheses.
516 1408 653 1502 Negari
672 1409 792 1504 utique
822 1432 852 1482 r.
879 1409 941 1483 vix
965 1410 1101 1506 potest,
1127 1410 1209 1510 quin
1224 1411 1406 1508 Johannes
1429 1433 1506 1487 non

284 1527 438 1592 tantum,
465 1503 576 1576 sedet
594 1506 735 1594 Paulus,
764 1527 826 1576 eos
840 1502 875 1577 in
896 1505 1006 1580 oculis
1030 1509 1214 1595 habuer1t3
1248 1505 1337 1582 ficut
1365 1505 1505 1585 1Tim«

284 1603 314 1677 1:
340 1627 374 1695 4.
400 1624 437 1675 et
461 1601 528 1672 lV:
558 1624 643 1673 1.-
667 1600 726 1673 ubi
749 1604 908 1697 docerent
930 1606 1118 1679 wernonem
1154 1602 1242 1680 aliae
1266 1627 1339 1682 non
1365 1599 1447 1677 sunt
1463 1626 1509 1680 ac

284 1699 545 1775 emanationem
569 1713 607 1767 et
632 1694 864 1794 hypostasium
898 1720 944 1772 ex
967 1700 1050 1773 Deo
1073 1718 1250 1788 ortarum;
1293 1697 1506 1795 nuptiarum

283 1821 423 1898 quoque
455 1814 496 1865 ac
520 1790 680 1881 ciborum
707 1791 782 1865 usus
808 1791 942 1866 vetitus
976 1798 1019 1869 ad
1047 1796 1113 1868 hos
1136 1796 1294 1890 pertinet
1314 1791 1505 1874 homines:

283 1894 407 1989 quibus
431 1890 566 1961 colores
593 1909 624 1961 c.
653 1887 701 1962 V:
726 1910 762 1978 4,
790 1910 812 1977 5
837 1908 874 1961 et
894 1912 952 1963 20.
976 1914 1115 1988 quoque
1141 1890 1237 1965 reste
1254 1889 1505 1968 conveniunt:

283 2010 353 2061 nec
375 1984 433 2060 alii
459 1984 620 2070 suerunt,
646 1984 706 2079 qui
731 1982 977 2059 resurreslioni
1001 1986 1113 2060 carnis
1136 1986 1207 2060 sese
1227 1984 1429 2084 opposuisse
1446 1986 1501 2063 di·

283 2102 412 2159 cuntur
437 2104 456 2153 2
477 2080 575 2153 Tim.
598 2079 627 2151 1:
657 2086 768 2152 16.·-
790 2080 969 2176 Johannes
994 2106 1055 2155 eos
1088 2081 1211 2156 clarius
1235 2081 1436 2178 defignavit
1459 2083 1502 2160 in
1527 2151 1533 2163 .

282 2175 465 2278 Epistolis,
504 2177 574 2249 sec.
600 2173 669 2271 seq.
696 2176 733 2247 in
764 2175 871 2248 initio
898 2177 1052 2274 scriptis,
1095 2176 1231 2272 quando
1257 2178 1295 2252 in
1319 2177 1501 2273 publicam

283 2279 398 2352 lucem
433 2271 597 2369 prodire,
642 2270 746 2344 etse
776 2273 819 2344 ab
844 2273 1017 2347 Ecclesiae
1050 2272 1301 2347 communione
1335 2274 1500 2369 separare

284 2387 499 2469 coeperunt,
527 2363 646 2460 1Joh.
673 2366 720 2438 ll:
750 2389 806 2459 19.
855 2370 1040 2465 Inputatur
1064 2392 1151 2442 vero
1180 2367 1193 2441 i
1221 2368 1279 2459 sis,
1314 2369 1411 2462 quod
1438 2367 1498 2466 J'ess

282 2471 356 2544 sum
382 2465 477 2538 inter
504 2481 541 2536 et
566 2459 740 2536 Christum
763 2461 1007 2554 distinxerint,
1031 2484 1069 2536 et
1093 2464 1178 2537 Chri
1212 2488 1268 2538 um
1292 2488 1412 2539 veram
1430 2467 1493 2541 ha·

281 2561 392 2639 buill'e
427 2581 567 2632 carnem
599 2557 819 2654 negaverint.
876 2559 982 2658 Quod
1017 2559 1255 2651 Corinthiam,
1295 2561 1340 2633 de
1374 2561 1498 2658 quibus

281 2681 385 2745 mox,
410 2654 585 2727 fecerunt.
639 2675 671 2725 2.
696 2651 861 2728 Constans
879 2659 1052 2730 Veterum
1076 2655 1219 2728 traditio
1242 2655 1287 2729 de
1316 2655 1498 2732 Gnostici

280 2754 349 2831 fec.
375 2754 422 2825 ll.
447 2752 490 2822 ab
506 2748 761 2844 antiquioribus
778 2750 952 2846 originem
980 2751 1244 2850 repetentibus,
1268 2751 1313 2826 de
1335 2776 1406 2849 quo
1421 2752 1496 2832 vid.

282 2849 442 2927 Pearson.
475 2845 588 2921 vind.
614 2847 727 2940 lgnat.
764 2871 798 2942 p.
826 2849 873 2923 Il.
899 2873 931 2922 c.
957 2854 1012 2939 6.‚
1053 2847 1077 2920 sr
1128 2849 1192 2922 ‘uid
1228 2846 1305 2921 veri
1342 2850 1493 2940 lrabeat,

281 2948 336 3023 'nti
367 2945 499 3030 debet,
540 2964 603 3014 eos
635 2945 705 3013 hoc
738 2939 923 3016 intervallo
953 2945 1026 3042 jam
1059 2872 1226 3017 exarsisse
1259 2961 1397 3017 certum
1428 2943 1493 3021 est.

283 3072 319 3144 3.
345 3041 509 3135 Denique
541 3035 624 3110 huic
649 3034 797 3134 periodo
831 3040 1027 3136 adligantur
1058 3064 1077 3112 a
1104 3039 1296 3113 Veteribus
1319 3040 1498 3115 Simonia-

282 3143 342 3231 ni,
375 3132 648 3225 Menandriani,
685 3152 723 3204 et
750 3134 1012 3226 Cerinthinni,‘
1028 3154 1064 3208 et
1092 3135 1154 3209 illis
1178 3137 1262 3208 tales
1289 3134 1495 3214 tribuuntur

231 3312 236 3324 ,
281 3241 331 3319 hu
360 3232 507 3308 otheses.
557 3232 614 3303 De
638 3229 761 3325 quibus
783 3231 981 3305 adcuratius
1003 3230 1147 3305 instituo
1173 3231 1348 3308 disserere.

310 3321 321 3336 ’
351 3389 359 3406 .
384 3328 588 3403 CCLXXX.
629 3328 879 3399 Sirnonianorum
915 3327 1102 3417 dosirina,
1144 3351 1188 3401 ex
1221 3329 1368 3399 Irenaeo
1401 3327 1425 3399 l.
1460 3325 1491 3402 I.

281 3425 317 3505 c.
342 3449 399 3521 23.
447 3420 639 3516 Recognit.
674 3439 710 3491 et
741 3422 850 3494 llom.
877 3422 922 3493 ll.
957 3419 1178 3509 Clementis,
1222 3441 1258 3494 et
1289 3419 1496 3517 Epiphanio¹

281 3526 391 3600 Haer.
417 3541 474 3591 nr.
500 3516 672 3612 petenda,
705 3514 761 3587 sed
781 3515 918 3611 judicio
937 3515 1101 3590 adhibito
1127 3516 1276 3605 critico,
1301 3517 1391 3590 haec
1415 3539 1498 3591 nar·

280 3638 376 3696 ratur
399 3613 553 3687 habuisse
569 3610 695 3707 capita.
750 3632 781 3684 1.
806 3612 987 3685 Simonem
1004 3613 1090 3702 elle,
1115 3632 1155 3685 ut
1171 3613 1244 3708 ipse
1262 3612 1306 3685 de
1327 3613 1361 3685 se
1377 3610 1497 3703 dixis,

273 3709 536 3831 fitblimtffimam
563 3708 628 3780 Dei
651 3711 823 3797 virtutem,
857 3707 891 3780 h.
918 3730 949 3781 e.
974 3730 1063 3796 eum,
1106 3714 1159 3804 qui
1182 3707 1229 3799 cll
1242 3708 1492 3803 superomnia,

282 3817 426 3891 Patrem.
477 3828 508 3879 2.
534 3807 691 3879 Uxorem
717 3804 811 3904 ejus,
843 3802 1005 3877 Selenem
1032 3807 1086 3877 uel
1112 3807 1248 3893 lunam,
1283 3805 1363 3877 alias
1378 3805 1500 3882 Helen-J
1540 3822 1543 3830 '

279 3932 361 3985 nam
386 3901 532 3989 dissum,
559 3899 626 3974 effe
653 3909 757 3986 loeson
780 3896 928 3997 primam
951 3901 1079 3976 mentis
1102 3903 1176 3997 ejus
1193 3899 1495 3995 conceptionem,

281 4022 428 4081 matrem
455 3997 623 4071 omnium.
677 4022 708 4093 3.
735 3997 891 4094 Angelos
915 4015 954 4071 et
978 3996 1217 4095 Ar'clrangelos
1242 4019 1305 4092 per
1330 4019 1408 4069 eam
1424 3995 1498 4072 effe

279 4097 409 4181 laesos,
435 4113 473 4166 ct
497 4118 560 4189 per
585 4115 646 4166 eos
671 4095 765 4167 hunc
789 4094 969 4168 mundum.
1017 4114 1051 4182 4.
1076 4094 1246 4167 Ennoianr
1270 4092 1501 4171 autem-illam

279 4191 479 4279 horninibus
502 4189 641 4300 quidem
666 4186 879 4282 concessam,
911 4188 969 4265 sed
992 4190 1036 4262 ab
1058 4189 1203 4286 Angelis
1219 4189 1421 4279 detentam,
1457 4207 1499 4266 et

281 4288 414 4376 carceri
429 4287 496 4364 else
514 4285 688 4360 inclusam.
738 4309 772 4376 5.
790 4285 973 4361 Simonem
988 4304 1103 4359 autern
1122 4283 1277 4373 venisse,
1304 4304 1344 4359 ut
1360 4309 1443 4381 eam
1454 4286 1500 4360 li·

279 4400 438 4478 betaret,
477 4381 678 4464 hominibus
708 4404 775 4480 per
805 4382 857 4461 sui
883 4386 1085 4482 agnitionem
1112 4378 1304 4482 praestaret
1334 4382 1503 4466 salutem.

832 4544 837 4553 .
909 4512 912 4527 ¹
1460 4496 1506 4554 λθ
