3609 5500
270 940 346 1019 534
665 902 813 1007 {sestaria
835 903 965 1007 Ecclefi
990 902 1104 1010 Christ,
1147 977 1151 985 ,

277 1100 360 1175 dum
390 1112 467 1169 eam
504 1106 665 1164 normam
687 1090 825 1165 'omnia
850 1114 915 1187 per
945 1086 1165 1191 enthymesin
1195 1105 1233 1163 et
1262 1069 1495 1185 Demiurgum

279 1190 419 1289 effingi,
445 1185 598 1263 studeret
617 1205 653 1260 et
678 1204 827 1262 curaret.
875 1188 997 1262 Homo
1023 1209 1060 1261 et
1086 1183 1237 1260 Ecclesia
1254 1187 1399 1282 Angelus
1423 1179 1496 1267 est,

285 1287 517 1464 spiritualibus
542 1284 579 1357 in
610 1302 701 1356 terra
727 1282 930 1358 homiuibus
954 1282 1167 1381 praesetius,
1194 1306 1256 1355 eos
1281 1306 1348 1377 per
1374 1297 1506 1354 aeonas

303 1414 314 1463 r

316 1389 351 1461 bi
376 1383 548 1470 subditos,
576 1379 618 1453 ad
634 1401 737 1453 exem
764 1381 834 1453 lum
860 1380 1046 1474 superioris
1069 1378 1264 1467 Ecclesiae,
1302 1376 1505 1451 instituens.

288 1478 492 1560 Achamoth
524 1476 674 1572 denique
709 1404 762 1549 eli
789 1478 901 1549 anima
931 1476 1071 1566 mundi,
1104 1475 1164 1547 seu
1185 1476 1347 1564 materia,
1378 1469 1509 1569 spiritu

288 1580 361 1658 Dei
378 1572 557 1651 formanda
572 1572 609 1645 iu
634 1570 729 1646 hunc
751 1571 929 1646 rutundum.
975 1572 1089 1647 Aliam
1114 1572 1218 1668 longe
1245 1571 1341 1644 viam
1375 1567 1509 1667 ingres·

292 1678 349 1753 sus
373 1671 424 1747 est
445 1670 624 1757 Buddeur,
662 1667 704 1739 ad
736 1670 859 1740 decem
885 1665 1153 1743 Cabbalistarum
1177 1665 1406 1762 Sephiroth,
1447 1663 1505 1743 seu

190 1849 193 1854 ,
293 1767 532 1855 recensiones,
566 1763 724 1837 referens
749 1763 997 1837 Gnosticorum
1016 1786 1152 1835 aeonas.
1204 1761 1340 1857 Bythos
1364 1779 1405 1835 et
1427 1758 1511 1862 Siga

294 1866 348 1945 est
365 1858 634 1939 Cabbalistarum
656 1859 743 1933 'lffl
761 1884 894 1949 corona,
919 1883 1019 1955 quam
1035 1861 1105 1968 ²1¹0
1125 1862 1186 1963 Pul
1210 1859 1376 1955 infinitum
1395 1855 1515 1956 adpel-

295 1968 380 2048 lant.
427 1959 508 2033 Nus
532 1977 570 2028 et
595 1954 760 2029 Aletheia
783 1957 834 2030 est
858 1956 1025 2052 sapientia
1049 1976 1087 2027 et
1114 1952 1353 2050 intelligentia
1371 1954 1516 2030 Gabba·

297 2059 472 2142 listarum,
496 2054 610 2129 man
634 2069 670 2122 et
694 2055 803 2131 m,
832 2075 896 2147 per
921 2074 1003 2149 quas
1030 2049 1136 2122 Filius
1162 2069 1201 2122 et
1222 2048 1377 2145 Spiritus
1401 2050 1441 2125 S.
1463 2048 1517 2124 di·

298 2156 404 2231 vinae
431 2149 479 2244 hy
506 2149 630 2218 ostases
661 2146 773 2218 intelli
801 2168 915 2220 untur.
964 2145 1057 2221 Dein
1084 2146 1192 2219 homo
1223 2162 1261 2217 ct
1285 2141 1446 2220 Ecclesia
1463 2141 1519 2219 est

301 2229 426 2346 0050
493 2265 606 2336 egnum
632 2171 899 2317 calumniarum
932 2241 1093 2316 ultimum
1116 2259 1155 2314 et
1176 2240 1371 2337 Sephiroth
1394 2239 1519 2317 funda·

303 2365 484 2430 mentum,
515 2337 576 2413 seu
603 2340 813 2413 oeconomia
836 2358 873 2413 et
900 2357 1047 2436 regnum
1068 2335 1236 2425 Menae,
1270 2334 1343 2409 Dei
1366 2334 1520 2412 attribu·

305 2464 426 2520 torum
454 2432 613 2532 expressa
638 2434 776 2530 imago,
801 2456 838 2508 et
860 2436 1106 2529 operationum
1123 2431 1212 2509 finis.
1261 2429 1519 2605 Deniquiler·

305 2564 356 2613 mo
383 2557 420 2609 et
444 2540 513 2608 uita
536 2531 614 2604 sunt
635 2533 808 2605 adtributa
834 2529 974 2616 divina,
1001 2552 1086 2625 quae
1103 2526 1141 2599 in
1159 2526 1262 2621 regni
1279 2526 1395 2614 divim
1457 2528 1520 2603 mi·

304 2630 512 2710 nistratione
538 2628 571 2699 se
589 2623 769 2715 exserunt,
804 2624 1070 2700 Cabbalistarom
1094 2641 1192 2721 rap-t,
1218 2602 1357 2720 nbm,
1382 2641 1528 2722 mm,

306 2742 477 2820 naum,
505 2737 600 2814 rm,
627 2739 721 2818 Ἶιῃ,
747 2721 916 2821 scientia,
943 2723 1130 2817 amplitudo,
1162 2726 1276 2812 robur,
1302 2723 1527 2818 pulchritudo.

310 2830 446 2904 victorio
472 2836 503 2892 er
526 2821 643 2913 gloria.
692 2821 759 2893 Per
788 2841 912 2893 aeonas
936 2842 1022 2892 vero
1039 2841 1083 2890 ex
1101 2819 1260 2891 sermone
1277 2836 1313 2890 et
1333 2819 1431 2910 vita,
1455 2819 1522 2893 ho·

312 2922 409 3006 mine
444 2937 481 2991 et
513 2913 687 3002 Ecclesia,
718 2932 810 2987 ortas
838 2914 1004 3012 intelligit
1029 2913 1278 2986 varietatemo
1304 2911 1528 3003 erationum,

312 3020 442 3120 quibus
455 3009 596 3088 divinae
613 3009 849 3108 perfectiones
873 3009 907 3084 se
925 3011 1075 3107 produnt
1094 3029 1129 3082 et
1146 2938 1379 3085 nianifeiant.
1431 3012 1529 3086 Tan·

317 3121 398 3193 dem
423 3113 519 3212 Jesus
538 3109 682 3183 salvator
697 3106 748 3181 est
763 3110 877 3181 anima
887 3106 1034 3195 Christi,
1059 3126 1138 3178 ante
1163 3106 1329 3179 mundum
1349 3106 1528 3198 existens,

320 3216 406 3288 sicut
439 3210 483 3282 de
515 3204 628 3277 anima
659 3205 805 3277 Meffiae
836 3207 1023 3299 loquuntur
1049 3200 1269 3275 Cabbalistae.
1316 3203 1378 3276 De
1412 3227 1532 3277 rerum

320 3332 410 3383 voro
436 3300 662 3398 spiritualium
687 3317 723 3370 et
746 3300 972 3370 materialium
997 3295 1229 3392 productione
1257 3297 1330 3393 pari
1359 3297 1531 3375 subtilita-

320 3422 358 3476 te
387 3394 627 3493 philosophari
652 3395 815 3498 utrosque
836 3393 995 3464 observat
1021 3395 1198 3480 BuddeuS,
1224 3417 1309 3487 quae
1332 3394 1460 3472 mittO.

371 3494 402 3590 h.
429 3489 610 3563 CLXVII.
652 3490 690 3558 C.
718 3485 887 3583 Vitringa
918 3486 1000 3560 Obs.
1026 3491 1060 3561 S.
1096 3490 1117 3563 l.
1145 3490 1172 3561 1.
1208 3511 1238 3562 c.
1269 3511 1300 3563 2.
1325 3513 1374 3564 ex
1408 3493 1534 3568 eadem

320 3582 565 3678 Philosophia,
592 3580 649 3688 sed
665 3579 729 3652 alia
747 3581 881 3654 ratione
899 3602 935 3654 et
957 3585 1145 3675 methodo,
1172 3583 1255 3657 osto
1278 3608 1406 3661 aeonas
1432 3589 1533 3685 prin·

321 3684 451 3782 cipales
475 3676 657 3772 exposuit,
689 3675 845 3772 nihilque
875 3678 985 3769 aliud,
1052 3703 1127 3752 uam
1155 3679 1410 3756 adtributorum
1438 3685 1536 3777 Dei,

320 3800 425 3859 certo
451 3771 596 3883 ordine,
620 3771 768 3882 sicutex
792 3773 826 3846 se
851 3774 1006 3848 invicem
1027 3703 1168 3863 (huone,
1193 3775 1408 3872 digestorum
1440 3800 1537 3857 cata·

322 3882 444 3974 logum
467 3871 528 3943 hic
545 3869 652 3943 latere
668 3868 862 3956 existimat,
902 3871 1052 3945 Primum
1078 3896 1133 3945 ex.
1160 3889 1235 3967 gn,
1261 3871 1353 3968 quod
1388 3875 1427 3949 in
1452 3879 1537 3952 Deo

324 3966 566 4063 concipimus,
592 3966 643 4039 est
660 3965 836 4042 infinitum
854 3987 891 4041 et
910 3967 1134 4042 necessarium
1153 3992 1230 4056 cnr,
1254 3967 1471 4064 profundum
1495 3988 1534 4043 et

324 4059 613 4165 inperceptihile:
639 4062 826 4164 secundum
850 4086 912 4137 ens
933 4065 1110 4160 cogitans,
1147 4064 1288 4137 tertium
1308 4066 1470 4161 judicans
1490 4064 1534 4141 si·

326 4188 373 4243 ne
396 4179 535 4245 errore,
567 4173 724 4250 quartum
749 4159 977 4246 ratiocinans,
1011 4157 1169 4254 quintum
1201 4160 1352 4251 vivum,
1398 4166 1538 4240 sextum

225 4290 226 4294 ¹
326 4262 422 4340 ideas
447 4264 561 4326 rerum
587 4251 776 4326 suturarum
795 4255 967 4343 formans,
991 4278 1132 4351 quarum
1146 4254 1354 4353 praecipuae
1373 4259 1453 4333 sunt
1468 4260 1537 4334 ho·

326 4381 388 4438 mo
413 4370 449 4429 et
468 4347 632 4426 Ecclesia.
684 4347 761 4453 Qua
777 4350 914 4428 ratione
934 4351 1142 4435 Trinitatis,
1165 4353 1379 4453 aliarumque
1395 4378 1535 4428 emana-

1335 4529 1337 4533 ,
1398 4447 1544 4531 tionum
1571 4471 1573 4474 ’
