3609 5500
701 839 750 916 ’μ
841 851 950 957 dent.
975 863 1078 957 lii(
1111 862 1137 874 '⁸
1463 834 1570 981 'Jay

314 1037 411 1131 ‘imm
436 1044 563 1129 Fausto
583 1020 805 1131 manifestum
829 1057 890 1135 est.
940 1035 1025 1160 Quo
1046 1055 1154 1133 etiarn
1177 1053 1287 1150 feeit,
1310 1061 1406 1158 qlod
1420 1065 1543 1141 maium
1619 1035 1626 1059 ¹

328 1152 543 1249 principium
569 1177 636 1226 nee
662 1154 857 1244 coluerint,
891 1177 960 1228 nec
985 1155 1170 1230 colendum
1196 1158 1415 1251 censuerint,
1448 1160 1549 1235 sectr

315 1261 371 1346 jac
394 1250 473 1347 ipsis
497 1249 700 1346 in'putatur3
725 1270 879 1420 excepto
901 1250 1123 1350 AugustinO,
1150 1252 1209 1348 qui
1236 1274 1299 1324 eor
1322 1254 1399 1349 ejus
1422 1256 1541 1330 crimi-

329 1344 483 1426 rinnon
499 1346 685 1421 accusauit.
737 1347 801 1419 IIlu
852 1351 1039 1421 tamenab
1065 1347 1170 1420 aitere
1194 1366 1293 1442 parte
1319 1372 1443 1424 verum
1468 1352 1542 1445 est,

313 1446 502 1528 ‚nuteriam
525 1444 568 1516 ab
591 1438 675 1539 ipsre
698 1440 799 1518 statui
824 1464 1024 1533 aeternam,
1049 1442 1260 1534 increatam,
1293 1443 1391 1522 simus
1415 1467 1542 1542 poten·

251 1582 254 1586 ·
328 1538 380 1610 tia
396 1538 607 1638 praeditam,
632 1561 704 1612 non
722 1540 861 1635 quidem
878 1541 1054 1614 elementa
1069 1538 1180 1629 aerio,
1206 1538 1320 1636 Ignis,
1339 1559 1475 1634 terrae,
1503 1561 1545 1619 et

310 1647 458 1729 ¹atquae,
499 1657 586 1730 quae
614 1635 749 1731 semper
774 1636 919 1709 suerunt
940 1633 1075 1725 divisa,
1114 1636 1173 1709 sed
1197 1659 1349 1731 corpora
1373 1637 1546 1734 organioe

308 1746 368 1829 ,et
395 1728 542 1804 animata
566 1748 610 1803 ex
636 1731 671 1803 se
697 1730 893 1821 formandi,
926 1731 1006 1829 quia
1034 1731 1204 1805 materiae
1229 1732 1443 1807 adtribuitur
1466 1757 1544 1809 mo·

327 1841 405 1917 tus,
439 1827 533 1914 vita,
567 1845 604 1898 et
628 1826 762 1917 sensus,
795 1823 855 1899 seu
880 1831 994 1902 anima
1016 1828 1246 1902 irrationalia:
1282 1827 1340 1901 sed
1365 1853 1451 1926 quae
1475 1853 1543 1928 po·

325 1926 441 1997 tentia
467 1920 518 1998 est
541 1944 581 1993 ea
604 1922 711 2019 longe
734 1920 995 2021 insenum-qua
1017 1923 1168 1996 enihiio
1193 1924 1277 2021 quid
1302 1947 1458 2016 creatur,
1483 1945 1548 2003 ant

308 2011 379 2100 'rei
397 2015 584 2093 insensibili
606 2018 708 2091 datur
724 2016 851 2094 sensus.
900 2018 1000 2121 Quae
1026 2020 1100 2115 ipsa
1118 2019 1324 2118 hypothesu
1341 2043 1444 2111 cum,
1465 2043 1540 2120 ma·

307 2107 437 2189 'terite
458 2114 633 2187 adtributa
659 2114 825 2223 quaedam
849 2111 969 2189 divina
991 2115 1119 2206 inesse,
1145 2117 1335 2192 admittere
1358 2118 1542 2209 videatur,
1599 2137 1603 2141 ·

323 2210 403 2284 veri
434 2230 573 2306 quoque
606 2211 677 2283 Der
710 2234 818 2307 opera
848 2213 1011 2285 nonnulla
1044 2211 1086 2284 ad
1121 2215 1302 2288 materiam
1337 2215 1544 2308 transierat,

306 2395 310 2402 Ι
352 2328 391 2377 er
414 2305 693 2401 consequentiam
722 2305 802 2403 ipsu
833 2306 928 2380 reue
957 2308 1162 2402 inputatur,
1202 2312 1295 2404 quod
1327 2312 1474 2385 alterurn
1500 2312 1542 2386 II··

322 2325 385 2477 IIJd
409 2401 626 2499 prIncipium
675 2425 718 2475 ro
747 2400 875 2476 divino
898 2404 1080 2476 habeatur,
1126 2405 1234 2476 Sedet
1256 2406 1342 2479 lieet
1369 2408 1452 2479 Deo
1477 2406 1538 2481 de·

298 2495 444 2574 derint
466 2496 503 2570 In
528 2517 618 2571 terra
644 2427 764 2589 icam,
798 2502 835 2571 ei
859 2498 991 2589 sucida,
1026 2500 1256 2597 incorporea,
1282 2520 1321 2572 et
1344 2497 1541 2597 spirituali,

320 2592 417 2692 Aug.
442 2612 564 2668 contra
586 2592 680 2690 episi.
693 2595 911 2689 fundamenti
931 2617 963 2666 c.
995 2618 1050 2688 13,
1081 2617 1160 2684 20,
1185 2598 1244 2668 eui
1268 2597 1421 2671 Platonis
1441 2600 1544 2697 hsrxe

299 2684 387 2788 en
412 2690 597 2786 respondet
623 2691 660 2762 in
683 2690 840 2785 suprema
867 2688 1013 2786 regione
1038 2689 1208 2779 universi,
1234 2690 1280 2765 stc
1303 2691 1416 2786 dicia,
1443 2698 1538 2793 quod

299 2786 462 2866 ,nostrae
485 2785 526 2858 sit
548 2783 712 2878 opposttur
743 2809 845 2882 quern
873 2787 990 2859 iocum
1014 2809 1124 2883 aeque
1149 2807 1330 2863 aeternum
1356 2814 1396 2866 ac
1419 2793 1542 2868 Deunr

297 2962 305 2980 ,t
320 2881 508 2971 dixerunt,
533 2882 626 2978 Aug.
644 2899 757 2955 contra
773 2882 911 2955 Felicem
931 2882 954 2953 l.
979 2878 1007 2954 I.
1033 2904 1065 2953 c.
1091 2901 1165 2975 17„
1186 2884 1403 2980 praesentiam
1420 2908 1543 2963 tarnen-

319 2975 417 3069 Dei,
441 2999 506 3074 per
529 2977 746 3052 inteliestum
764 2996 801 3051 et
816 2979 1054 3075 voluntatem,
1080 2979 1125 3050 ad
1140 2980 1258 3052 omnia
1278 3003 1537 3075 porrexerunt,

297 3090 359 3148 'et
384 3073 550 3171 regimini
582 3071 655 3147 Dei
678 3073 798 3148 onmia
822 3096 863 3148 ea
886 3074 1120 3168 subjecerunt.
1146 3074 1239 3168 Aug.
1266 3096 1389 3149 contra
1415 3077 1540 3156 Adim.

320 3191 354 3246 c.
381 3193 414 3264 7.
439 3168 572 3269 inquit,
596 3169 734 3257 Deum,
760 3169 950 3242 secundum
974 3166 1088 3265 ipsos,
1112 3174 1205 3264 genti
1230 3175 1435 3247 tenebrarent
1460 3196 1535 3247 cer-

319 3291 424 3342 cerem
444 3261 662 3360 praeparasse.
709 3262 776 3362 rpfi
799 3287 958 3361 quoque,
989 3266 1081 3360 apud
1104 3266 1257 3338 eundern
1282 3287 1407 3342 contra
1439 3268 1536 3368 epist.

294 3360 469 3461 ⁸fetidum.
495 3380 526 3435 e.
554 3383 610 3434 20.
636 3361 717 3434 illud
734 3361 890 3457 reginren
917 3359 1038 3434 dicunt
1050 3377 1111 3454 per
1133 3361 1266 3457 infinite
1283 3361 1401 3459 spotia
1416 3364 1540 3459 distem

316 3461 372 3546 di,
405 3474 436 3532 et
463 3457 548 3530 nullo
567 3458 639 3554 fine
663 3459 812 3530 cohiberi.
863 3458 1028 3529 Ceterum
1054 3458 1149 3530 malo
1195 3461 1350 3554 rincipio
1378 3462 1537 3559 adfigna·

292 3564 400 3632 'runt
432 3573 558 3628 terram
583 3552 732 3627 nostram
760 3553 801 3626 in
829 3550 1067 3642 domicilium,
1107 3573 1153 3626 un
1180 3578 1200 3626 e
1234 3554 1314 3651 post
1346 3556 1537 3634 vitreriam

291 3722 294 3743 ἶ
317 3673 341 3727 a
366 3653 450 3724 Deo
479 3652 524 3723 de
547 3650 688 3723 tenebris
721 3649 787 3723 istis
813 3667 1048 3744 reportatam,
1090 3651 1279 3743 releganda
1310 3650 1360 3724 est
1382 3654 1542 3748 potestne

289 3745 542 3817 ‘tenebrarum
569 3745 607 3817 in
639 3751 789 3819 tenebras
816 3750 1010 3830 exteriores,
1052 3743 1246 3838 ubicunque
1277 3744 1342 3818 iste
1369 3746 1537 3823 incussit

318 3838 471 3932 futurus,
525 3836 611 3912 Vid.
637 3840 856 3913 secundinus
881 3839 919 3912 in
946 3835 1055 3933 Epist.
1080 3837 1127 3910 ad·
1154 3837 1300 3936 August.

291 3928 296 3936 ⁵
364 3929 396 4034 s.
421 3927 590 4007 CXVIII.
618 3935 723 4038 Quod
747 3933 789 4008 ad
812 3931 1032 4006 Trinitatem
1055 3931 1211 4021 adtinet,
1235 3933 1365 4007 Filium
1390 3953 1427 4008 et
1452 3936 1536 4033 spi·

290 4026 293 4032 ’
315 4031 425 4109 ritum
450 4027 508 4117 S.,
540 4025 627 4102 sicut
651 4030 796 4128 proprie
823 4027 868 4103 iic
896 4026 1006 4102 didius
1036 4027 1261 4103 crediderunt
1284 4028 1539 4127 subsistentias,
1574 4093 1580 4106 .
1653 4053 1659 4065 “

315 4129 368 4206 ita
390 4147 463 4200 non
489 4148 509 4198 e
537 4124 667 4218 nihiso,
694 4149 732 4202 ut
756 4124 879 4224 postea
901 4123 1043 4214 Ariani,
1071 4126 1128 4198 sed
1153 4126 1303 4200 ePatris
1326 4125 1538 4221 substantia,

288 4224 495 4320 [originem
520 4243 707 4318 repetere,
731 4219 803 4297 five
826 4226 872 4298 ab⁴
886 4221 986 4296 omni
1002 4221 1233 4309 aeternitate,
1258 4222 1335 4295 five
1350 4246 1430 4295 cum
1449 4248 1539 4299 cone
1630 4259 1634 4289 ι

285 4387 290 4394 ,
315 4319 400 4406 dere
422 4319 529 4398 veltet
555 4320 744 4416 mundum,
767 4320 967 4490 etanndern
995 4317 1167 4411 pondere
1189 4314 1443 4414 perreeiffimo
1460 4342 1541 4426 rno-
