3609 5500
816 973 1000 1054 Strui..l.'
1048 979 1079 1074 Ἰ
1110 1019 1121 1050 ·.
1458 995 1517 1079 425

288 1163 382 1241 nno
400 1164 446 1238 ab
461 1159 540 1261 ipso
561 1157 705 1260 ‘Angelo
728 1160 816 1236 Luc.
842 1159 890 1233 H:
920 1185 975 1236 rr.
996 1159 1135 1236 'censeri
1162 1160 1297 1260 posset,
1327 1185 1365 1240 et
1382 1167 1509 1242 Paren-

287 1284 340 1336 tes
362 1282 506 1358 quoque
524 1257 789 1350 existimarunt,
813 1256 1021 1331 elevandum
1047 1259 1138 1348 elle,
1163 1282 1234 1342 non
1259 1260 1419 1336 obstante
1435 1266 1511 1339 Na·

289 1360 431 1432 zaretha
456 1359 536 1430 loco
562 1353 792 1429 habitationis
839 1375 1023 1443 arentum,
1054 1355 1191 1428 Matth.
1215 1356 1398 1448 observat,
1435 1362 1508 1433 De-

289 1479 346 1528 um
372 1454 433 1526 sua
459 1450 657 1526 direttione
683 1378 840 1545 expressi
864 1449 1020 1539 curasse,
1052 1468 1092 1522 ut
1117 1451 1339 1526 Nazarethre
1364 1455 1511 1552 degeret

292 1551 404 1648 Jefirs,
420 1547 529 1643 quod
555 1570 698 1645 quoque
718 1549 799 1618 Milo
817 1565 877 1641 per
896 1548 1087 1642 prophetas,
1112 1569 1182 1621 eum
1199 1550 1413 1623 Nazarenum
1438 1552 1509 1648 esse

289 1647 554 1743 adpellandum‚
580 1665 655 1718 erat
680 1645 959 1717 consentaneum.
1012 1640 1168 1716 Videtur
1194 1663 1312 1716 autem
1330 1645 1414 1719 illud
1431 1647 1505 1719 dic·

289 1763 384 1832 tum,
410 1759 452 1814 ut
485 1739 521 1812 id
547 1740 666 1813 obiter
688 1740 890 1826 observem,
917 1762 981 1835 per
1000 1737 1226 1811 traditionem
1252 1759 1507 1839 propagatum,

287 1861 454 1935 tanquam
476 1861 498 1910 a
522 1835 710 1932 Prophetis
758 1835 927 1924 rolatum,
953 1835 1069 1906 ansam
1094 1835 1292 1910 traditionis
1315 1838 1508 1932 praebente

289 1937 356 2104 pes
381 1936 447 2007 XI:
478 1956 509 2006 1.
533 1933 683 2007 uniunt
733 1936 863 2004 arculus
892 1949 1061 2019 vocatur,
1088 1930 1126 2002 in
1152 1931 1225 2027 eJ'us
1248 1933 1402 2005 nominis
1426 1935 1508 2008 loco

307 2027 524 2117 urres'turus,
565 2028 661 2101 sensu
682 2027 883 2125 penitiore:
926 2049 1030 2123 quare
1054 2026 1162 2099 etiam
1182 2030 1429 2122 prophetarunt,
1468 2049 1508 2104 et

291 2149 360 2199 non
379 2126 577 2221 prophatae,
600 2124 643 2196 lit
668 2123 827 2211 menti03
851 2119 933 2218 quia
960 2147 980 2194 a
999 2122 1187 2219 Prophetis
1210 2123 1295 2198 illud
1320 2123 1391 2197 elle
1405 2147 1506 2219 prae·

288 2221 423 2310 dietum
447 2221 486 2292 in
514 2241 648 2318 genere
671 2220 822 2293 habebat
851 2216 1008 2291 traditio.
1225 2279 1227 2284 .

333 2320 366 2420 i.
391 2317 516 2391 XXV.
559 2338 595 2405 4.
621 2316 676 2388 Ex
708 2339 778 2411 quo
810 2315 931 2423 colligi
963 2334 1102 2416 quoque
1137 2310 1275 2410 potest,
1313 2311 1508 2389 adventum

289 2418 501 2513 Magorum,
527 2411 668 2508 ejusque
688 2412 955 2518 consequentia,
983 2431 1054 2481 non
1073 2428 1175 2498 ante,
1200 2409 1258 2482 sed
1284 2408 1385 2507 post,
1411 2412 1505 2484 obla·

291 2514 425 2585 tionem
454 2508 492 2581 in
518 2508 676 2675 Templo
709 2507 919 2603 contigisse,
958 2527 1074 2600 eoque
1100 2505 1194 2577 inter
1221 2504 1286 2579 alia
1319 2504 1506 2603 spemve,

287 2627 329 2680 at
352 2609 522 2680 Parentes
547 2606 611 2674 Bet
638 2601 813 2676 lehemum
833 2604 1091 2695 relinquerent,
1117 2602 1246 2674 etalio
1265 2600 1336 2676 sese
1362 2603 1506 2675 conser-

283 2721 366 2777 rent
395 2723 479 2776 cum
513 2698 649 2772 infante
681 2700 774 2796 Jesu.
827 2696 1004 2799 Quamdiu
1030 2697 1125 2771 enim
1159 2696 1294 2791 omnia,
1327 2696 1507 2795 secundum

292 2804 392 2894 legem
407 2799 620 2895 peragenda,
638 2796 733 2869 inter
747 2818 834 2891 qaae
845 2813 925 2868 erat
944 2792 1199 2884 haecoblatio,
1218 2817 1289 2868 non
1306 2796 1416 2871 esseut
1432 2796 1506 2870 fac·

286 2916 342 2984 ta,
377 2891 600 2968 ssethlehemi
626 2891 721 2967 reste
746 2886 931 2964 manebant
954 2909 1136 2986 parentes,
1167 2893 1254 2964 Luc.
1284 2893 1333 2966 ll:
1364 2915 1420 2986 39.
1447 2892 1505 2966 sed

285 3015 367 3065 cum
392 2987 514 3086 postea
538 2988 653 3060 adhuc
672 2987 893 3060 Betlrlehemi
928 2986 1134 3075 haererent,
1174 3004 1212 3059 et
1245 2986 1340 3061 sedes
1363 3012 1507 3084 quoque

284 3089 401 3182 figere
428 3084 576 3170 vellent,
599 3106 664 3181 per
688 3082 843 3157 Herodis
865 3107 1009 3179 pravam
1033 3081 1288 3171 intentionem,
1313 3109 1358 3157 ex
1377 3086 1506 3176 Mago·

286 3204 374 3253 rum
398 3178 659 3251 adnunciatione
685 3198 821 3266 ortam,
854 3176 1024 3269 compalsr
1050 3176 1147 3262 sunt,
1183 3178 1354 3251 divinitus
1387 3180 1506 3250 admo-

286 3275 384 3361 niti,
410 3272 560 3368 primam
576 3274 813 3372 AEgyptum,
838 3271 920 3345 dein
939 3270 1196 3358 Nazaretham,
1218 3288 1353 3365 petere.
1406 3274 1507 3346 Prae·

286 3393 413 3459 terea,
453 3387 495 3440 ut
516 3368 592 3442 alias
617 3394 756 3465 quoque
782 3365 968 3466 singularis·
986 3362 1089 3458 hujus
1115 3365 1285 3447 adventus
1312 3370 1506 3464 Magorum

288 3465 572 3561 Hierosolymam
595 3466 752 3539 rationes
776 3466 976 3562 proferam,
1016 3462 1103 3534 srcut
1130 3487 1150 3535 a
1176 3461 1389 3557 pastoribus,
1415 3466 1507 3539 divi·

290 3565 386 3638 nitus
415 3561 608 3648 instruitis,
634 3561 702 3634 fuit
724 3562 762 3635 ia
787 3583 874 3657 agro
892 3555 1190 3633 bethlehemitico
1219 3578 1382 3655 tunquam
1399 3561 1509 3658 pastor

288 3657 432 3758 populi,
465 3676 502 3730 et
525 3657 704 3746 servator,
745 3655 971 3730 adnuntiatus
996 3654 1112 3749 Jesus,
1149 3654 1199 3726 ita
1225 3655 1324 3729 Deus
1347 3659 1507 3750 curavit,

288 3758 358 3831 sese
397 3754 440 3827 ad
473 3771 564 3826 artes
598 3773 636 3825 et
668 3753 906 3827 institutiones
937 3751 1103 3823 humanas
1137 3750 1424 3842 adcommodans,
1466 3776 1507 3829 ut

292 3849 418 3947 Magi,
442 3850 501 3924 seu
527 3847 704 3943 sapientes
727 3848 896 3923 astrorum
923 3845 1164 3921 observatores
1188 3849 1222 3919 in
1249 3848 1421 3939 Oriente,
1445 3876 1511 3947 per

282 3949 437 4047 stellam,
476 3944 756 4019 extraordinarie
790 3964 926 4034 ortam,
969 3962 1133 4039 tanquam
1171 3942 1310 4016 illustris
1336 3946 1506 4039 personae

284 4044 501 4141 imaginem,
527 4040 646 4113 versos
667 4042 808 4114 coelum
833 4040 1017 4137 Judaicum
1046 4038 1279 4135 spesbantem,
1314 4041 1509 4120 accedente

291 4137 514 4214 revelatione
547 4134 695 4227 divina,
735 4136 909 4211 admoniti
941 4135 984 4208 de
1030 4158 1115 4232 rege
1146 4135 1358 4231 Judaeorum
1399 4159 1506 4229 nato,

286 4233 564 4336 properaverint
591 4232 897 4332 Hierosolymam,
932 4254 1081 4326 eumque
1107 4233 1433 4328 promulgaverint3
1466 4254 1509 4306 ut

290 4358 332 4406 ea
359 4332 499 4406 ratione
524 4330 815 4425 quaquaversum,
856 4329 964 4402 ctiam
999 4351 1062 4423 per
1090 4328 1296 4417 Orientem,
1332 4326 1508 4421 singularis

291 4426 567 4601 hicTcasurlpIati
595 4425 687 4522 regia
703 4428 917 4526 Judacorum
942 4424 1192 4599 dssvulgaetur.
1246 4423 1353 4532 Quod
1369 4443 1510 4596 <poppae

335 4538 423 4603 ³rnr.
522 4578 532 4596 .
1399 4540 1417 4592 a
1456 4537 1512 4599 lim
