3609 5500
426 955 500 1030 rer
823 931 978 1043 rnsrorra
998 937 1275 1047 neree-nnn.

431 1118 699 1208 resurreetione
723 1119 944 1198 memoriam.
995 1122 1203 1199 Domr‘nicrem
1231 1141 1349 1200 autem
1381 1122 1563 1202 celebrare
1585 1121 1660 1202 hoe

428 1227 512 1304 ioco
534 1222 608 1312 est,
634 1221 673 1294 in
694 1217 852 1294 Ecclesia
869 1221 1061 1296 solenniter
1084 1225 1265 1298 celebrare
1288 1245 1444 1297 coenam:
1498 1246 1544 1298 no
1561 1220 1653 1300 sensu

429 1322 534 1401 venit
555 1319 593 1394 in
617 1318 678 1394 lib.
701 1318 747 1391 de
772 1337 863 1415 opere
885 1333 917 1390 ee
933 1320 1047 1394 eleemo
1062 1345 1150 1416 yna,
1176 1317 1237 1396 ubi
1261 1317 1353 1393 dicit
1378 1319 1489 1396 divin
1511 1343 1661 1412 avarae,

428 1420 570 1518 receptes
593 1431 626 1491 ee
659 1417 747 1490 dines
771 1438 826 1504 es,
870 1429 902 1487 et
931 1416 1122 1491 dominicum
1152 1418 1316 1490 celebrare
1338 1431 1372 1489 te
1399 1419 1507 1492 credis
1529 1451 1587 1472 ··-
1606 1447 1661 1476 -·

429 1541 513 1620 quae
536 1519 572 1588 in
596 1515 787 1588 dominicum
804 1506 880 1608 fine
892 1508 1064 1610 sacrificio
1087 1519 1188 1588 venir.
1238 1513 1299 1586 Sic
1322 1531 1363 1587 et
1386 1535 1495 1590 autor
1515 1512 1599 1588 libri
1613 1515 1658 1589 de

447 1612 646 1714 pennulis,
677 1609 773 1684 inter
796 1629 905 1704 opera
931 1608 1122 1706 Cypriani,
1155 1612 1210 1707 qni
1222 1607 1395 1704 festinans
1419 1615 1469 1686 ad
1479 1609 1656 1709 spedum-

467 1739 498 1787 m
520 1705 664 1802 dimrffirs
694 1706 909 1795 edominice‚
948 1722 980 1779 ee
1005 1707 1112 1782 adlruc
1133 1729 1249 1801 gerens
1270 1705 1407 1804 secum,
1451 1724 1489 1781 nt
1514 1707 1657 1806 adsolet,

428 1805 662 1904 eucharistiam
684 1823 756 1877 etc.
806 1801 874 1873 Per
897 1823 1047 1877 coenam
1071 1825 1181 1893 vero,
1225 1807 1285 1877 ubi
1310 1803 1529 1880 eucharistia
1545 1805 1653 1901 suere·

428 1913 549 1997 ratur,
573 1923 644 1976 non
668 1895 965 1990 saneeificabatur,
1006 1917 1136 1994 agapae
1158 1899 1326 1974 videntur
1351 1900 1525 2001 inteiligi.
1576 1902 1649 2001 Qun

429 2005 570 2082 tatione
602 1998 699 2073 inter
732 1995 884 2072 Tertull.
923 2015 962 2070 et
994 1995 1160 2096 cyprian.
1194 1995 1355 2096 persedin
1394 1998 1469 2073 erit
1507 2019 1656 2075 concor·

469 2125 500 2178 a.

475 2200 508 2299 ς.
533 2195 628 2268 LIX.
662 2189 786 2291 Quoad
809 2205 985 2279 naturam,
1010 2211 1135 2264 verurn
1159 2186 1375 2285 conspedum,
1402 2207 1438 2264 et
1464 2189 1654 2288 efficaciam

427 2295 743 2378 sacramentorum,
767 2309 839 2384 quo
854 2309 920 2360 nos
934 2285 1036 2360 duxit
1054 2287 1142 2364 ordo
1159 2287 1396 2376 tractationis,
1424 2293 1553 2364 eadem
1571 2311 1653 2364 con·

428 2385 584 2470 tinuavit
604 2384 713 2473 fides,
738 2406 827 2554 onae
854 2381 1034 2494 superiore
1057 2384 1172 2458 seculo
1198 2381 1279 2474 fuit,
1305 2403 1343 2458 et
1369 2384 1479 2460 fufius
1504 2409 1526 2459 a
1552 2385 1654 2461 nobis

428 2485 607 2568 illuibata.
643 2481 742 2555 Tran
759 2478 1092 2571 ubstannationem,
1121 2498 1159 2553 et
1175 2481 1319 2554 nomine
1334 2499 1374 2554 et
1390 2504 1453 2569 re,
1478 2480 1584 2556 fnisse
1601 2482 1651 2580 ig·

428 2601 573 2672 notam,
598 2603 619 2654 a
643 2576 920 2652 Protestantibus
944 2597 981 2649 et
998 2577 1216 2650 Reformatir
1238 2576 1375 2651 abunde
1399 2577 1454 2652 est
1478 2578 1651 2671 evraum,

427 2681 519 2761 edeo
542 2695 583 2754 ut
612 2673 742 2750 morari
769 2673 830 2747 hic
858 2668 1003 2747 ‘neceffe
1026 2696 1098 2747 non
1124 2672 1187 2763 snt,
1221 2691 1354 2747 tanturn
1376 2677 1650 2752 celeberrimum

428 2774 600 2876 Origenis
622 2774 757 2860 locum,
793 2771 831 2845 in
854 2773 991 2846 Comnr.
1015 2771 1058 2847 ad
1087 2770 1218 2846 Matth.
1244 2795 1279 2868 p.
1307 2794 1388 2867 253.
1413 2792 1453 2846 et
1484 2796 1569 2866 254.
1593 2772 1650 2871 qui

427 2871 605 2971 integrior
629 2866 741 2942 exstat
766 2867 803 2941 in
830 2890 913 2942 nov.
947 2889 1047 2963 oper.
1073 2867 1221 2964 Origen.
1256 2867 1438 2962 editione,
1487 2896 1525 2967 p.
1562 2882 1647 2962 898,

431 2988 582 3048 'uocum
608 2963 763 3040 conferri
787 2985 944 3037 meretur
968 2966 1062 3039 horn.
1089 2966 1173 3038 vn.
1208 2965 1246 3038 in
1280 2966 1422 3056 Levit.,
1468 2969 1643 3042 Tranion-

428 2998 599 3149 Rantioni
615 3088 636 3138 e
653 3062 824 3136 diametro
841 3060 1043 3151 adversum,
1071 3060 1237 3158 quicquid
1255 3082 1379 3135 eontra
1397 3062 1562 3137 nitantur
1579 3067 1649 3138 Ro·

430 3163 632 3251 manenses,
657 3159 731 3254 ipse
749 3158 856 3232 etiam
878 3159 1013 3248 iinon,
1040 3177 1077 3231 et
1096 3183 1245 3256 nuperus
1261 3182 1359 3253 oper.
1380 3161 1487 3259 Orig.
1510 3163 1647 3252 editor,

431 3266 549 3364 digito
576 3256 776 3334 monstrrffe
806 3275 995 3328 contentus
1018 3280 1099 3344 er03
1132 3278 1211 3328 c-urn
1241 3255 1328 3328 mini
1354 3257 1446 3330 aliud
1475 3257 1518 3330 iit
1546 3283 1650 3353 ngen-

428 3365 533 3448 dum,
561 3358 632 3431 five
648 3351 971 3440 demonstrandum,
997 3352 1033 3425 in
1051 3352 1171 3426 eadem
1195 3351 1263 3423 fide
1282 3355 1519 3448 perseverasse
1540 3356 1654 3429 Vere·

428 3483 486 3530 res
503 3455 605 3545 hujus
621 3451 768 3535 aetatis,
794 3472 883 3544 qune
903 3449 1028 3538 habet,
1055 3450 1211 3523 divinam
1231 3447 1358 3523 Christi
1377 3471 1560 3539 naturam,
1590 3453 1651 3527 seu

427 3548 602 3647 spiritum
630 3549 689 3633 S.‚
724 3546 795 3616 sese
822 3568 901 3621 curn
926 3569 1011 3639 aqua
1034 3545 1070 3615 in
1097 3546 1287 3642 baptism,
1322 3571 1412 3642 pane
1439 3568 1475 3619 et
1502 3549 1588 3620 vino
1607 3548 1649 3623 in

430 3638 660 3724 eucharistia,
684 3638 868 3709 ardiiflime
895 3641 1014 3722 unire,
1041 3641 1129 3714 salva
1154 3643 1409 3716 elementorum
1427 3643 1562 3716 iliorum
1582 3665 1648 3717 nn-

428 3762 528 3829 tura,
567 3759 608 3811 ac
632 3758 711 3808 cnm
737 3734 803 3808 illis
825 3738 889 3807 nim
914 3734 1155 3809 vivificantem
1189 3742 1459 3813 communicare.
1492 3741 1653 3837 Origen.

429 3862 561 3917 comm.
577 3831 620 3908 ad
637 3834 744 3908 Mart.
763 3834 786 3909 l.
805 3856 836 3909 c.
854 3857 998 3930 panem,
1019 3831 1130 3923 dicit,
1140 3833 1349 3930 sarrdrficari
1362 3857 1420 3932 per
1435 3841 1565 3912 verbnm
1583 3837 1654 3913 Dei

429 3965 470 4019 ac
491 3936 710 4033 precationem
736 3932 770 4006 h.
797 3958 828 4008 e.
853 3952 892 4006 ut
917 3931 975 4006 alii
998 3934 1260 4029 exprefferunt,
1284 3936 1435 4009 invocato
1451 3942 1565 4025 verbo,
1592 3937 1650 4013 seu

427 4033 556 4133 'spiritu
586 4030 729 4104 divino:
763 4030 894 4118 rursus,
928 4036 1107 4123 nonnanis
1133 4032 1291 4118 vermeria,
1314 4029 1496 4129 sedsnper
1522 4060 1557 4108 eo
1581 4053 1654 4128 pre·

429 4134 533 4207 laeum
559 4130 710 4210 verbum,
738 4127 820 4196 illud
840 4124 908 4217 est,
937 4130 1017 4219 quod
1035 4133 1136 4221 jurae
1162 4149 1251 4209 enen,
1286 4133 1420 4220 quinon
1446 4134 1580 4229 indigne
1603 4155 1652 4203 co·

426 4222 545 4301 inedie:
575 4218 671 4289 rerer.
701 4241 758 4309 35.
785 4220 822 4291 in
849 4222 958 4292 Matr.
984 4222 1093 4306 dicit,
1119 4225 1215 4315 penis
1235 4219 1314 4315 iste,
1341 4248 1433 4320 quem
1459 4228 1556 4301 Deus
1582 4251 1651 4303 rer.

428 4329 505 4405 hum
535 4332 646 4405 cornus
662 4312 760 4406 suum
792 4313 852 4409 eſje
862 4313 1020 4405 fatetur,
1054 4322 1185 4391 verbnm
1213 4318 1259 4414 efl
1292 4326 1504 4398 nutritorium
1533 4331 1656 4400 anina·

430 4441 529 4513 ηιιη,Ι
547 4414 680 4491 verdum
701 4410 825 4493 cie-Deo
848 4412 941 4487 erebo
965 4418 1161 4515 procedens,
1187 4432 1219 4491 et
1232 4422 1334 4515 panis
1358 4424 1395 4497 de
1407 4440 1501 4521 pane
1518 4421 1663 4591 rededi.¹

916 4570 920 4579 ·
1068 4554 1072 4563 ·
1594 4524 1637 4595 Se
