3609 5500
689 987 692 992 .
802 925 972 1009 decess.
1063 876 1066 884 V
1273 856 1278 873 Ι
1442 933 1518 1036 213‘

286 1126 323 1183 ca
347 1127 452 1207 qnam
475 1105 613 1208 privata
638 1108 711 1186 hoc
739 1126 903 1207 tempore
931 1127 1049 1199 erant,
1082 1108 1143 1182 ubi
1169 1106 1263 1184 sacra
1286 1105 1442 1204 fiebant,
1464 1109 1509 1189 ad

284 1227 370 1300 quae
385 1205 688 1282 excommunicati
701 1230 775 1281 non
791 1206 1088 1294 admittebantur,
1112 1224 1185 1278 turn
1200 1204 1330 1303 script.
1347 1212 1380 1283 S.
1399 1212 1505 1307 phra-

284 1305 334 1377 ses
358 1301 398 1376 id
424 1303 624 1399 requirant,
648 1302 701 1375 uti
726 1305 887 1375 declinare
904 1306 948 1373 ob
969 1327 1024 1392 eo,
1051 1323 1121 1371 non
1146 1304 1343 1398 commisceri
1357 1326 1416 1378 aut
1432 1307 1503 1380 ede·

284 1419 318 1470 rc
346 1420 431 1471 cnm
455 1421 521 1488 eo,
552 1421 614 1471 noo
637 1403 777 1493 recipcre
803 1398 1008 1470 indorum:
1042 1418 1088 1467 ne
1115 1397 1158 1470 ad
1178 1397 1404 1566 Audaeorum
1426 1424 1503 1475 mo·
1551 1430 1555 1444 ·

283 1513 357 1567 rem
377 1495 420 1566 in
435 1494 622 1590 synagogis
643 1515 851 1590 provocem,
882 1491 988 1564 Licet
1004 1492 1098 1564 enim
1120 1492 1175 1586 eje
1213 1492 1333 1566 ionem
1361 1494 1502 1591 esyna-

283 1611 377 1687 goga
398 1590 517 1661 locum
544 1611 683 1695 quoque
706 1585 893 1663 involvisse
912 1585 1016 1663 reste
1047 1587 1252 1681 probaverit
1278 1607 1402 1662 contra
1426 1591 1500 1663 sel-

283 1686 416 1758 denum
445 1682 683 1781 C‚V1tringa
718 1686 794 1782 syn.
819 1683 867 1756 V.
893 1706 932 1778 p,
955 1684 983 1756 1.
1016 1682 1076 1755 lib.
1111 1684 1175 1757 111.
1210 1681 1329 1758 nescio
1361 1703 1503 1776 tamen,

283 1803 365 1854 num
392 1777 631 1853 conformatio
666 1777 942 1853 Christianorum
967 1775 1010 1850 ad
1041 1774 1259 1872 disciplinam
1290 1780 1503 1876 Judaeorum

283 1874 392 1951 suerit
409 1870 594 1969 persenia,
619 1893 656 1948 et
674 1898 720 1948 eo
738 1875 843 1971 usque
859 1873 896 1945 se
913 1870 1127 1967 porrexerit.
1174 1876 1339 1948 Ceterum
1357 1879 1391 1953 S.
1410 1880 1501 1952 Coc·

285 1993 348 2045 nae
374 1970 607 2066 negationem
632 1994 673 2044 ea
696 1968 797 2043 fniffe
830 1966 1140 2065 comprehensam,
1177 1968 1289 2061 iicet,
1330 1989 1370 2044 ut
1393 1973 1503 2047 inodo

285 2065 481 2164 disputavi,
506 2087 630 2139 verum
655 2064 717 2154 srt,
743 2065 900 2140 adserere
919 2084 1038 2137 tamen
1061 2064 1194 2153 nolim,
1217 2067 1500 2154 excommunica-

287 2162 444 2250 tionem,
479 2182 547 2255 qna
569 2161 666 2256 quis,
699 2161 788 2234 saiva
814 2157 1064 2233 communione
1090 2160 1349 2253 Ecclesiastico,
1381 2185 1401 2235 a
1428 2163 1503 2237 solo

293 2258 329 2332 S.
351 2260 494 2331 eoenae
520 2258 580 2330 usu
597 2276 754 2346 arcetur,
779 2255 817 2329 in
834 2254 893 2329 usu
916 2255 985 2328 hoc
1004 2272 1163 2350 tempore
1186 2257 1303 2332 fnisse,
1345 2259 1504 2331 Praeter·

290 2351 385 2450 qiam
409 2350 533 2440 enim,
573 2351 664 2447 quod
695 2352 773 2448 ejus'
792 2350 956 2446 nusquam
981 2350 1042 2423 siat
1076 2354 1116 2422 in
1137 2354 1317 2448 Scriptura
1343 2352 1502 2444 mentio,

288 2447 430 2547 phrases
448 2467 685 2534 memoratae,
711 2466 749 2521 et
773 2448 866 2542 quod
891 2469 1017 2541 graues
1041 2463 1176 2519 tantum
1203 2448 1503 2542 peccatores-sue·

270 2544 356 2618 ¹rint
378 2542 698 2631 excommunicati,
744 2542 889 2614 totalem
907 2540 1095 2637 requirunt
1116 2542 1394 2638 separationem.-=
1429 2544 1501 2635 Ac-

284 2640 409 2730 cedit,
447 2637 623 2711 minorem
647 2638 764 2726 iliam,
801 2659 889 2733 quae
913 2635 1061 2726 Maur,
1102 2636 1507 2715 excommunicationem

287 2732 452 2833 diupost
476 2731 579 2808 fuisse
600 2734 760 2832 ignotam
782 2729 821 2805 in
840 2731 1003 2807 Ecclesia.
1055 2733 1315 2809 Multo-minus
1339 2736 1507 2810 absurdum

288 2832 364 2923 itte,
390 2851 431 2905 et
450 2829 715 2904 Christianismo
739 2828 945 2923 injuriosus,
971 2852 1046 2902 mos
1070 2829 1246 2920 obtinuit,
1271 2855 1340 2928 quo
1359 2832 1500 2906 anathe-

287 2944 381 3002 mate
402 2925 576 3024 percuffi,
599 2944 658 2999 aut
682 2923 746 2998 alia
771 2925 943 3021 corporali
963 2947 1076 3019 poena
1095 2925 1227 3000 adfecti-
1247 2926 1391 3000 fuerunt
1416 2949 1502 3022 pec·

285 3042 436 3099 catores.
486 3021 667 3095 Pollebant
699 3020 840 3115 quidem
861 3019 1023 3114 Apostoli
1055 3019 1227 3113 potestate
1260 3024 1407 3094 Satanae
1441 3021 1503 3094 ali-

288 3140 397 3215 quem
420 3115 603 3205 tradendi,
629 3114 686 3188 sed
714 3116 764 3188 ilii
789 3114 870 3203 soh,
895 3116 985 3208 quusi
1009 3112 1095 3185 vice
1117 3114 1361 3209 Magistratus,
1395 3134 1433 3184 et
1458 3115 1502 3187 ad

293 3232 455 3306 tempus,
489 3235 567 3285 raro
593 3234 730 3315 quoque
762 3210 831 3296 usi,
868 3209 998 3280 necin
1022 3207 1240 3302 perniciem,
1277 3203 1503 3281 sectantem

292 3307 508 3396 animarum,
541 3330 606 3402 per
628 3304 786 3403 corporis
808 3302 1049 3391 adflictiones,
1092 3301 1146 3375 nti
1172 3320 1195 3376 a*
1216 3302 1343 3376 Deciis
1364 3304 1502 3377 abu-nde

284 3400 566 3479 demonstratum
589 3400 659 3489 est,
683 3420 790 3474 etex
820 3423 836 3473 1
858 3402 939 3473 Cor.
965 3402 1013 3474 V.
1038 3421 1080 3471 ac
1104 3398 1242 3473 aliunde
1267 3392 1500 3477 manifestum.

289 3501 368 3577 Nec
385 3504 576 3595 inprecatus
599 3496 650 3569 est
674 3499 796 3569 Petruo
810 3496 987 3585 Ananiae,
1021 3492 1102 3588 ejus
1119 3519 1162 3566 ue
1179 3495 1300 3586 uxori,
1326 3514 1501 3586 mortem,

290 3596 379 3692 quod
415 3591 623 3669 Christianis
643 3593 738 3664 olim
772 3589 905 3683 objecit
937 3590 1178 3687 Porphyrius,
1223 3590 1280 3664 sed
1314 3591 1351 3664 ei
1375 3589 1505 3688 spiritu·

292 3691 505 3788 prophetico
533 3688 651 3784 potiur
682 3686 930 3775 denunciavit,
972 3688 1024 3758 uti
1053 3684 1232 3779 respondit
1261 3686 1414 3762 Hieron.
1442 3707 1500 3785 ep.

291 3796 363 3869 8ro.
412 3785 614 3858 Anathema
645 3784 784 3877 quidem
820 3780 857 3854 in
889 3805 950 3852 eos
982 3779 1193 3876 pronunciat
1219 3783 1340 3854 Paulus
1381 3784 1499 3861 1Cor.

279 3883 393 3958 ¹XVI:
423 3905 486 3954 ao,
509 3887 565 3975 qui
587 3877 742 3975 Christum
774 3901 833 3949 non
861 3895 993 3966 ornant,
1033 3877 1116 3964 sed,
1144 3896 1384 3972 praeterquam
1409 3878 1509 3972 quo'd

287 3975 532 4075 Apostoiicam
570 3975 676 4070 spiret
708 3973 954 4058 autoritatem,
996 3973 1037 4044 ad
1072 3974 1157 4044 alios
1188 3996 1264 4044 non·
1285 3974 1499 4063 derivatam,

289 4075 455 4172 generale
479 4071 563 4167 quid
590 4071 661 4159 est,
686 4068 778 4166 quod
803 4068 979 4140 neminem
1003 4069 1039 4138 in
1065 4065 1186 4162 specie
1210 4067 1313 4157 ferit,
1347 4070 1407 4142 nist
1427 4072 1510 4165 ojus*

287 4167 451 4245 criminis
477 4192 595 4257 reum,
636 4167 688 4238 uti
722 4166 798 4239 sunt
833 4163 1042 4236 uniuersales
1069 4163 1315 4259 prophetarum
1341 4165 1499 4236 inter-mi-

287 4266 471 4352 nationes,
517 4287 561 4334 ne
588 4262 722 4349 dicam,
764 4259 920 4358 phrasin,
961 4283 1022 4331 noo
1047 4285 1177 4347 artiore,
1217 4259 1415 4353 emphatice
1441 4258 1511 4330 hic·

289 4357 593 4458 comprehendere
617 4356 758 4450 odiun,
783 4354 1075 4528 abnssgimm'
1100 4357 1220 4430 sedet
1246 4352 1515 4533 blasphemi&
