3609 5500
274 978 330 1062 φ’
417 905 423 917 r
666 968 814 1072 Historia
837 969 966 1072 Etclrs.
995 966 1111 1070 Clrrr'st.

285 1168 491 1248 carpentes,
513 1147 711 1226 luculenter
727 1150 911 1245 defendit,
935 1153 1100 1248 exemplo
1118 1143 1292 1238 Davidis,
1314 1161 1353 1221 et
1369 1166 1415 1221 cx
1432 1140 1512 1219 sec»

283 1307 286 1314 .
314 1247 525 1338 oSabbati,
551 1266 700 1344 propter
724 1247 930 1339 hominem,
964 1267 1001 1322 et
1024 1249 1064 1321 in
1088 1248 1163 1344 ejus
1190 1243 1437 1331 commodum,
1467 1240 1513 1317 in

283 1271 423 1432 iiltuti,
465 1345 562 1440 cujus
587 1342 763 1420 Dominus
788 1346 899 1419 etiarn
927 1342 979 1418 est
1004 1347 1099 1441 filius
1131 1344 1284 1431 leminis,
1323 1339 1410 1411 Luc.
1435 1337 1513 1412 Vl.-

289 1461 379 1515 1.-
402 1440 510 1546 Quod
535 1438 620 1512 dein
641 1439 711 1513 alio
738 1441 913 1533 Sabbat0,
950 1464 1022 1537 quo
1044 1440 1184 1528 virum,
1223 1437 1354 1512 aridam
1376 1433 1513 1509 haben·

284 1550 362 1611 tem
388 1559 549 1625 manum,
573 1535 728 1625 sanavit,
763 1557 972 1617 renovatum
1001 1535 1072 1610 est:
1099 1534 1186 1609 ibid.

335 1630 368 1731 b.
392 1633 469 1706 XL.
508 1631 614 1706 Haud
639 1630 700 1705 diu
722 1630 821 1728 post,
854 1657 936 1708 cum
960 1631 1102 1706 noctem
1128 1631 1168 1703 in
1194 1646 1317 1702 monte
1340 1624 1411 1725 piis
1433 1647 1512 1700 me·

285 1726 521 1802 ditationibus
549 1750 592 1801 ac
623 1726 788 1823 precibus
819 1728 991 1816 trivisset,
1033 1751 1079 1801 cx
1114 1725 1363 1821 discipulorum
1387 1721 1513 1795 multi·

288 1822 414 1897 tudine
440 1822 550 1918 elegit
576 1823 759 1914 duodecim,
793 1842 831 1897 et
857 1821 1034 1922 apostolos
1059 1823 1266 1918 adpellavit,
1307 1818 1368 1917 qui
1395 1817 1515 1914 ipsum

120 1938 126 1953 ‘
241 1987 243 1990 .
287 1937 468 2016 perpetuo
497 1919 770 2008 comitarentur,
809 1937 848 1993 ct
882 1921 1051 2016 deinceps
1080 1919 1123 1992 ad
1157 1940 1304 2013 regnum
1330 1914 1515 1990 coelorum

288 2015 583 2112 promulgandum
606 2016 649 2088 ab
677 2013 756 2109 ipso
780 2014 1021 2091 mitterentur.
1062 2014 1182 2088 Antea
1203 2012 1346 2108 quidem
1371 2008 1407 2083 ei
1432 2008 1514 2084 fun-

282 2130 369 2191 rant
398 2109 589 2198 adsociati,
614 2111 772 2185 nonnulli
798 2111 904 2187 etiam
936 2111 1084 2200 arffiur,
1116 2128 1157 2183 ut
1180 2109 1281 2205 supra
1304 2105 1516 2197 habuimus,

287 2204 352 2287 sed
379 2230 452 2281 non
475 2205 637 2280 indivulsr
667 2206 836 2297 comiter,
880 2230 949 2282 nec
980 2205 1157 2302 hucusque
1181 2202 1371 2278 duodecim
1391 2223 1517 2276 nume>

290 2326 359 2392 103
384 2300 478 2399 quod
504 2323 599 2376 nunc
624 2300 766 2376 demum
793 2299 925 2378 factum
950 2303 1073 2395 fuisse,
1097 2325 1142 2375 ex
1167 2302 1255 2373 Luc.
1281 2301 1304 2374 l.
1328 2322 1363 2374 c.
1388 2313 1516 2395 pauet,

291 2399 356 2476 ubi
385 2399 493 2475 etiam
523 2394 665 2472 nomina
692 2399 936 2475 recensentur:
960 2397 1048 2474 ficut
1075 2417 1113 2472 et
1136 2399 1244 2471 Mart.
1271 2396 1316 2470 X.
1366 2396 1448 2501 Quo
1473 2392 1517 2468 in

288 2491 419 2570 eodem
448 2514 590 2583 monte,
609 2491 692 2567 ·-ubi
718 2493 1010 2591 pernodlaverat,
1038 2492 1214 2592 peracto,
1252 2492 1337 2565 inde
1365 2513 1446 2565 cum
1464 2486 1518 2569 iit

169 2624 171 2628 ·
288 2590 495 2679 descendit,
528 2588 645 2686 inquit
667 2590 755 2665 Luc.
780 2590 849 2666 Vl:
877 2614 934 2686 17.
968 2591 1008 2666 in
1033 2593 1136 2668 locum
1157 2588 1385 2685 campestrem,
1428 2583 1515 2677 ubi,

288 2686 475 2787 postquam
501 2687 630 2759 multos
646 2709 793 2778 eorum,
820 2686 879 2857 pui
908 2687 1137 2784 undequaque
1161 2686 1204 2760 ad
1228 2709 1310 2760 eum
1326 2678 1512 2758 confluxe·

158 2822 164 2833 ·
288 2804 394 2872 rant,
429 2781 742 2872 a'Daemonibur,
767 2782 909 2881 aliique
935 2783 1217 2870 infirmitatibus,
1244 2778 1440 2869 liberasset,
1459 2778 1510 2857 d

287 2898 460 2955 recenter
482 2876 613 2951 eleclor
637 2876 827 2974 Apostolos
862 2879 934 2953 sese
959 2897 1122 2966 vertens,
1158 2877 1364 2973 singularem
1387 2873 1525 2966 habuit

288 2974 511 3063 sermonem,
540 2970 708 3046 audiente
734 2997 873 3072 quoque
895 2977 1029 3072 populo
1056 2973 1300 3048 circumstante
1320 2973 1408 3044 Luc.
1434 2971 1508 3046 VI:

287 3093 354 3148 πο.
380 3071 440 3145 fin.
466 3093 535 3166 quo
564 3068 718 3165 primum
745 3067 955 3167 Apostolos,
989 3069 1072 3145 dein
1096 3093 1219 3145 eorum
1244 3066 1381 3154 hoster,
1411 3065 1512 3143 deni»

289 3191 362 3264 que
388 3190 530 3257 omnes,
573 3164 633 3262 qui
660 3164 867 3257 audiebant,
908 3186 946 3240 et
970 3167 1068 3253 cives
1099 3166 1201 3264 regni
1227 3164 1406 3238 coelorum
1438 3161 1514 3240 elle

289 3264 510 3360 cupiebant,
552 3263 772 3356 adloquitur:
812 3263 976 3358 depingit
1001 3265 1140 3358 itaque,
1180 3262 1329 3333 duorum
1352 3258 1513 3357 priorum

320 3380 463 3429 enerum
491 3355 676 3428 hominum
703 3355 882 3449 respectu,
909 3374 947 3426 et
973 3356 1016 3428 ad
1040 3380 1101 3429 eos
1126 3358 1322 3430 sermonem
1346 3374 1513 3449 vertens,

290 3381 469 3531 {iversam
511 3466 549 3521 et
585 3446 780 3545 oppositam
823 3449 1068 3524 conditionem
1101 3471 1282 3526 externam
1323 3449 1512 3548 discipulo·

289 3571 370 3623 rum
388 3547 547 3633 suorum,
565 3563 603 3616 et
620 3542 772 3618 hostium
790 3546 963 3642 euangelii
976 3551 1132 3635 3r’llorum
1148 3572 1361 3645 pauperum,
1386 3549 1511 3644 lugenr

290 3643 406 3732 tium,
433 3660 469 3713 et
495 3641 537 3712 ab
562 3637 719 3715 hostibus
746 3661 974 3734 vexatorum,
999 3646 1108 3719 lrorum
1132 3646 1306 3735 divitum,
1332 3646 1533 3727 luxurians-

288 3739 405 3827 tium,
431 3736 678 3832 gaudentium,
712 3755 748 3808 et
773 3739 880 3834 vulgo
906 3742 997 3812 bene
1023 3741 1260 3831 audientium,
1295 3761 1439 3835 eamque
1457 3739 1514 3816 di-
1550 3822 1555 3831 .

292 3835 429 3909 versam
465 3831 594 3904 sortem
627 3834 695 3903 r'llr'r
731 3856 802 3904 non
843 3834 962 3907 obclle
1003 3837 1086 3932 quin
1118 3839 1295 3912 salutarem
1331 3836 1509 3933 futuram,

288 3935 341 4007 leis
366 3952 437 4003 non
463 3926 643 4024 prodesse,
677 3925 761 4023 quin
789 3930 876 4003 male
902 3931 1068 4008 ceslirram
1094 3934 1184 4024 elle,
1228 3933 1387 4006 declarat.
1435 3931 1514 4004 De·

287 4026 399 4122 nique
426 4025 642 4099 auditoribus
666 4022 830 4117 reliquis,
864 4025 981 4101 salutis
1009 4030 1164 4127 cupidis,
1199 4025 1514 4127 praescribendis

290 4123 348 4232 cia
366 4118 581 4290 ppticntiae,
606 4115 808 4211 charitatis,
833 4121 1049 4216 modestiae,
1074 4144 1111 4198 ct
1130 4150 1213 4225 erga
1230 4123 1370 4216 hostes,
1397 4138 1435 4194 et
1450 4122 1505 4195 so·

291 4243 369 4296 cros
408 4241 480 4290 uos.

212 4388 222 4400 ,
336 4314 368 4413 §.
392 4314 486 4391 XLI.
529 4311 715 4402 Ceterum,
746 4313 852 4419 ,quod
877 4318 990 4409 probe
1024 4314 1160 4391 adverti
1183 4313 1313 4402 velim,
1354 4312 1416 4386 hic
1440 4313 1511 4388 ser·

283 4421 371 4511 unc,
407 4410 495 4492 licet
523 4406 564 4489 in
598 4408 772 4492 nonaullrs
806 4410 926 4495 sutilis
959 4413 1128 4500 coruom·
1160 4412 1207 4494 de
1237 4428 1362 4490 monte
1394 4411 1507 4488 Matr.

1303 4541 1512 4601 ..⁸¹¹2
