3609 5500
432 729 507 822 3'94
826 713 1127 818 fflfloria'Eccies.
1152 715 1269 820 const.

431 895 615 998 genuinir,
641 897 699 976 alii
730 921 800 1000 pro
822 899 969 1071 spuriis,
995 898 1206 993 habuerint,
1228 900 1288 977 vel
1305 897 1427 997 potior
1447 895 1570 974 dubiae
1583 917 1643 984 aue

296 1013 303 1027 ·
432 995 599 1072 totitatis.
647 997 727 1073 Eus.
756 1001 805 1074 H.
852 1001 897 1072 11:
928 1020 987 1090 25.
1008 997 1160 1090 adserit,
1187 1020 1250 1071 eoa
1265 995 1443 1072 accenseri
1462 995 1554 1070 libris
1571 998 1635 1090 qui·

428 1094 491 1166 urs
516 1095 818 1185 comrad'cebrtur,
861 1093 1011 1171 imo-ian
1032 1093 1131 1172 nram
1155 1093 1302 1190 spuriis,
1342 1092 1436 1168 h.e.
1467 1088 1545 1165 stilo
1566 1089 1639 1164 Eos.

421 1186 564 1268 dubiis:
602 1192 748 1288 proprie
784 1190 880 1264 enim
914 1190 987 1264 hoc
1018 1195 1166 1265 nomine
1204 1191 1349 1264 fuerunt
1380 1186 1543 1284 infiguiti
1566 1184 1639 1259 libri

431 1281 571 1374 futiles,
614 1289 670 1360 vel
705 1287 747 1360 ab
778 1285 970 1361 haereticis
998 1284 1167 1377 confidi,
1205 1284 1261 1360 uti
1293 1307 1349 1379 ex.
1375 1307 1429 1382 gr.
1464 1281 1637 1378 euangelia

426 1377 544 1471 Petri,
580 1379 739 1478 Tomoe,
774 1381 953 1455 Matthiae
979 1400 1050 1457 etc.
1083 1381 1145 1479 qui
1218 1405 1242 1455 o
1269 1400 1367 1455 terea
1387 1391 1545 1460 umeris
1565 1379 1642 1488 νόθῳ,

424 1477 526 1572 plane
548 1475 659 1571 spurii
693 1481 736 1552 ab
762 1477 841 1552 nus.
876 1478 927 1554 H.
959 1477 1029 1551 HL·
1056 1501 1114 1572 31.
1145 1404 1219 1574 aiii
1305 1495 1374 1553 tur.
1425 1477 1525 1551 idem
1548 1478 1636 1555 dem·

430 1592 502 1666 que
525 1571 732 1646 testimonio
757 1571 925 1671 Origenir
955 1572 1143 1646 coufirmat
1165 1572 1248 1648 Eus.
1275 1571 1343 1649 VI:
1376 1593 1435 1663 25.
1487 1570 1634 1673 Quodfi

426 1685 542 1738 canon
575 1669 800 1765 aJoltanne,
832 1688 893 1742 atat
929 1668 1016 1742 viris
1039 1668 1231 1764 primaevis
1255 1665 1491 1764 Apostolicir,
1523 1667 1634 1741 fuiffet

426 1759 631 1855 confestus,
663 1783 699 1837 et
723 1765 760 1838 hi
783 1764 866 1839 libri
891 1787 958 1874 pro
981 1765 1182 1854 canonicis,
1218 1763 1278 1838 seu
1302 1762 1457 1853 divinis,
1498 1762 1632 1838 fuiffeot

427 1854 566 1960 semper
592 1858 726 1960 habiti,
766 1859 943 1934 Catholici
966 1859 1034 1934 sec.
1060 1860 1127 1935 111.
1151 1857 1313 1934 doiiorer
1338 1857 1383 1934 de
1406 1857 1453 1933 iis
1477 1881 1558 1936 non
1577 1859 1632 1933 du·

424 1950 610 2044 bitaffent,
636 1978 716 2028 cum
741 1953 941 2029 traditionis
964 1953 1099 2027 fuerint
1122 1954 1339 2031 tenaciffimi

475 2045 507 2148 fi.
537 2049 652 2126 XLV.
684 2051 784 2124 Solet
806 2050 949 2148 quidem
977 2049 1068 2123 haec
1092 2049 1185 2125 ratio
1211 2049 1324 2140 erodi,
1366 2049 1544 2140 dicendo,
1578 2047 1627 2144 ip·

425 2143 496 2220 fam
522 2145 611 2219 illam
636 2146 894 2221 dubitationem
912 2143 1164 2221 nonnullorum
1188 2145 1359 2236 deloco,
1383 2168 1489 2244 quem
1513 2143 1554 2218 in
1578 2167 1628 2218 ca·

425 2261 521 2314 none
546 2241 762 2333 habuerunt,
787 2265 956 2340 arguere,
982 2263 1054 2315 non
1077 2242 1123 2318 de
1139 2241 1254 2338 fado,
1284 2240 1345 2316 sed
1367 2242 1413 2316 de
1433 2247 1515 2338 jure
1538 2238 1631 2312 fuine

424 2335 659 2432 disputatum,
692 2340 850 2432 adeoque
874 2359 967 2426 non,
994 2358 1079 2410 num
1102 2337 1140 2412 io
1167 2359 1302 2412 canone
1327 2335 1482 2427 fuerint,
1507 2335 1566 2420 sed
1588 2355 1635 2423 au⁴

418 2432 501 2528 jure
522 2449 560 2503 et
585 2432 724 2507 merito.
776 2434 866 2521 Sed,
898 2449 1142 2530 praeterquam
1166 2433 1261 2530 quod
1283 2431 1447 2529 precatio
1469 2429 1632 2528 praesups

422 2545 596 2628 ponatur,
628 2549 801 2599 canonem
819 2528 893 2623 jam
918 2551 938 2601 a
964 2528 1165 2622 primordiis
1191 2526 1400 2616 obtinuiffe,
1442 2553 1475 2602 a.
1499 2526 1634 2612 dubita<

422 2623 515 2698 tioni
548 2623 592 2694 de
629 2621 847 2719 genuinitate
881 2643 1004 2694 eorum
1038 2623 1207 2700 librorum
1242 2624 1354 2698 nullus
1389 2621 1510 2697 fuiffet
1541 2617 1625 2717 apud

420 2719 646 2808 catholicos,
672 2716 871 2792 traditionis
894 2715 1084 2806 studiosos,
1117 2721 1237 2812 locus,
1269 2717 1295 2795 fi
1321 2742 1367 2795 ex
1390 2741 1432 2794 ea
1456 2718 1502 2794 de
1526 2739 1625 2791 cano·

393 2812 481 2899 'nir
513 2814 652 2913 origine
682 2803 872 2911 apostolica
903 2811 1123 2891 constitisset.
1174 2823 1206 2893 b.
1231 2816 1298 2891 Cui
1329 2834 1547 2889 momentum
1569 2813 1627 2897 ad·

422 2918 498 3006 dit,
541 2912 633 3010 quod
661 2910 704 2984 de
730 2910 872 3009 reliquis
893 2910 992 2985 libris
1023 2911 1153 2985 nullum
1176 2912 1286 2987 suerit
1312 2934 1466 3008 unquam
1488 2907 1625 3015 dubium

422 3032 591 3098 motum,¹
612 3007 671 3103 qui
697 3030 761 3101 per
785 3006 1004 3081 constantem
1030 3006 1255 3082 traditionem
1278 3026 1442 3103 tanquam
1467 3026 1623 3081 canonici

421 3129 463 3181 et
485 3102 599 3177 divini
633 3102 774 3173 fuerunt
800 3102 922 3176 habiti.
972 3128 1006 3177 c.
1025 3102 1222 3189 aberratur
1248 3126 1388 3199 quoque
1420 3102 1459 3177 in
1480 3102 1541 3173 hac
1562 3121 1624 3171 ex·

420 3190 1623 3388 zrirtostdeddidit,intinniit2,sistit

423 3389 522 3465 dibris
548 3408 618 3459 non
646 3376 776 3457 fuerint
801 3386 839 3458 in
864 3408 936 3458 uno
958 3345 1121 3483 catalogo
1148 3389 1241 3465 sorte
1268 3389 1418 3479 adnexi,
1444 3386 1528 3460 ficut
1543 3407 1622 3456 cum

423 3481 591 3581 Epistolis
613 3478 804 3553 Clementis
826 3482 954 3571 Rom,
995 3484 1200 3579 Polycarpi,
1239 3486 1438 3576 Barnabae,
1477 3501 1513 3556 et
1534 3481 1623 3586 lier-

423 3600 503 3657 mae
524 3573 683 3675 pastore,
719 3598 774 3649 res
804 3576 875 3649 sese
901 3578 1042 3667 habuit,
1075 3598 1112 3651 et
1135 3578 1173 3651 in
1198 3600 1335 3653 canone
1353 3576 1621 3654 Protestaonum

422 3696 492 3773 quo
519 3696 562 3781 ue
587 3672 629 3744 ad
651 3671 789 3782 calcem·
805 3694 1014 3782 comparent
1038 3672 1118 3785 libri
1144 3672 1401 3767 Ecclesrastici,
1419 3675 1515 3784 'aliar
1541 3694 1621 3767 apo·

419 3764 1626 3975 trometiunturtttttau⁰uruumu2

417 3954 1621 4159 {3533’1d332{¹35{¹‚‘n31212¹¹firdai‘ttdnrdtzidffia

415 4150 516 4231 enim
543 4144 619 4247 est,
638 4142 730 4244 quod
757 4146 842 4222 ideo
864 4168 1051 4250 negamus,
1085 4150 1166 4248 quia
1186 4150 1350 4248 duriores
1369 4151 1441 4264 sep.
1463 4150 1550 4236 ΗΜ
1569 4146 1622 4219 de

574 4291 577 4300 ·
804 4264 807 4269 “
1397 4271 1415 4317 .·
1498 4310 1515 4321 ..
1574 4263 1630 4316 eu
