3609 5500
679 929 1000 1026 :succutit
1097 943 1107 957 '
1336 934 1339 939 ’
1432 936 1514 1030 187

286 1129 431 1206 pe-quo
458 1125 604 1206 peccate
628 1110 790 1208 perfeete
811 1115 1085 1201 auferebantur,
1117 1120 1156 1183 et
1178 1130 1241 1199 ea,
1271 1106 1351 1205 post
1376 1108 1505 1213 baptis*

285 1228 385 1278 mum
417 1209 619 1295 commitit,
659 1210 912 1305 expiabantur,
949 1234 993 1284 ac
1017 1214 1126 1283 homo
1158 1230 1238 1278 cum
1264 1208 1347 1279 Deo
1379 1205 1509 1282 arente

288 1302 487 1375 uniebatur.
534 1306 634 1374 Inter
661 1306 791 1401 Ignatii
827 1307 1027 1402 fragmenta
1052 1302 1102 1376 est
1131 1300 1224 1398 apud
1252 1303 1368 1375 Grabe
1392 1300 1509 1396 Spici·

288 1396 360 1493 leg.
385 1399 477 1471 Patr.
504 1398 570 1472 sec.
618 1399 665 1473 Π.
703 1404 773 1493 lcii
788 1403 890 1477 mutis
913 1418 1082 1496 peccatum
1114 1398 1297 1491 nequidem
1313 1401 1513 1489 sanguinem

209 1511 213 1518 ·
283 1496 439 1588 martyrii
457 1496 558 1565 delere
581 1494 677 1589 mle.
735 1500 889 1586 ludetur,
924 1496 1040 1592 inquit
1064 1495 1225 1568 Clemens
1245 1492 1348 1566 Alex.
1374 1495 1506 1568 Strom.

285 1586 359 1661 lV:
404 1610 439 1679 9.
471 1593 663 1685 martyrium
701 1593 761 1688 effi
796 1595 1009 1690 ἀπαίθιςσισ
1039 1596 1191 1688 wion
1221 1589 1414 1682 expurgatio
1433 1605 1512 1682 pto.-

285 1700 435 1756 caturnm
460 1709 531 1757 cum
558 1687 675 1780 gloria.
728 1690 831 1766 Tem
855 1694 901 1764 de
922 1690 1061 1785 poenit.
1087 1712 1118 1762 c.
1155 1710 1210 1781 13.
1242 1685 1420 1783 jimndum
1446 1680 1507 1757 adr

285 1781 399 1875 pellat
423 1784 662 1869 intinctionem
696 1802 736 1855 et
760 1785 804 1857 de
828 1787 924 1882 bapt.
949 1810 980 1859 c.
1010 1795 1067 1859 16.
1092 1782 1202 1870 dicit,
1234 1786 1286 1854 bic
1313 1780 1358 1876 est
1381 1776 1508 1873 baptis·
1648 1820 1655 1828 -

286 1896 393 2045 {dn
414 1878 671 2046 qi‘tii'i‘a'ima
684 1895 992 2051 ‘dedente
1010 1876 1508 2049 iim‘siss'i'nm‘inii'dii?

289 2083 349 2140 tus
371 2026 444 2157 eit,
482 2085 521 2140 et
547 2070 642 2164 quod
664 1998 763 2164 aqueiJ
784 2090 822 2145 et
854 2002 1039 2169 sanguitye
1062 1998 1174 2143 inire
1205 2070 1281 2165 ejus
1306 2065 1508 2169 effluxerit,

287 2161 449 2258 martyrii
469 2165 677 2258 baptismum
693 2167 845 2262 repetit:
871 2170 909 2242 in
928 2166 1121 2265 scorpiace
1145 2187 1178 2240 c.
1204 2173 1238 2238 6.
1263 2162 1375 2253 dicit,
1395 2161 1502 2259 poscit

288 2258 391 2331 Deus
397 2256 542 2353 secunda
549 2258 698 2354 solatia,
723 2278 869 2335 extrema
906 2262 1066 2355 meſsam,
1082 2260 1510 2355 ἀὶιηιέιιεὶοιιειηηιαηγηῖ·ν

288 2368 326 2425 et
347 2354 511 2428 lavacrum
531 2356 703 2449 sanguinis
726 2359 841 2431 exinde
880 2375 1026 2431 eentum:
1050 2359 1165 2429 rursus
1189 2358 1238 2429 ib.
1267 2380 1299 2429 c.
1319 2379 1376 2429 12.
1392 2358 1511 2449 sordet·

287 2448 413 2543 quidem
437 2450 631 2546 baptismate
653 2453 849 2544 abluuntur,
883 2456 1028 2528 maculae
1052 2476 1127 2526 netu
1148 2454 1305 2545 martyrio
1329 2452 1508 2523 candidat·-

285 2561 367 2635 tur,
405 2545 478 2621 vid.
503 2547 608 2619 etiam
635 2548 680 2619 de
702 2547 876 2623 Pudicitia
907 2573 985 2645 cap.
1010 2571 1069 2643 23.
1118 2547 1269 2642 Elegans
1290 2570 1431 2641 quoque
1455 2542 1509 2620 est

283 2640 386 2724 iocus
402 2641 491 2736 apud
509 2642 653 2740 Origen.
672 2643 713 2716 ad
731 2644 839 2720 Mitt
858 2669 896 2741 pt
920 2652 1006 2737 416.
1032 2666 1139 2739 quem
1165 2641 1284 2715 citass'e
1314 2641 1506 2719 inffeccrit.

334 2733 369 2835 5.
394 2738 560 2812 CXXVI.
584 2738 664 2813 Atia
686 2762 767 2812 cum
785 2742 957 2832 Veteres,
982 2761 1148 2836 quantum
1171 2737 1325 2828 constat,
1351 2763 1424 2814 non
1442 2762 1512 2823 noe

285 2831 412 2907 verint
444 2833 676 2924 sacramenta,
716 2835 780 2910 nist
813 2837 908 2911 forte
943 2836 1062 2931 specie
1096 2856 1197 2910 tenus
1229 2837 1513 2931 confirmantem

286 2927 358 3003 sec.
383 2927 574 3024 sequente,
617 2931 661 3004 de
684 2952 754 3025 quo
777 2931 899 3028 postea
921 2933 1054 3020 dicam,
1094 2934 1135 3004 ad
1161 2931 1328 3024 Jejuno,
1361 2933 1508 3003 alteram

285 3025 403 3098 cultus
422 3025 554 3102 rituaiis
577 3045 731 3121 partem,
770 3051 892 3124 pergo.
940 3029 1041 3124 Quae
1061 3028 1235 3098 Veterum
1267 3024 1409 3095 fuerunt
1433 3025 1507 3096 hoe

287 3137 451 3216 tempore
467 3120 624 3215 jejunia,
650 3145 672 3194 e
694 3122 795 3196 Tert.
815 3126 858 3196 de
876 3122 1043 3219 Jejuniis,
1068 3138 1106 3190 et
1124 3117 1235 3213 Epist
1260 3119 1394 3190 Itenaei
1411 3117 1507 3215 apud

287 3214 371 3290 nus.
396 3215 447 3289 H.
473 3219 521 3290 V:
551 3240 608 3308 24
633 3218 863 3313 repetendum
889 3219 951 3292 est.
1000 3214 1070 3288 Sed
1095 3238 1116 3287 e
1137 3211 1393 3287 recentioribus
1418 3240 1505 3292 con·

287 3308 422 3407 sulendi
448 3308 527 3385 sunt
560 3335 604 3385 ex
631 3312 848 3386 Reformatis
881 3316 912 3410 J.
939 3312 1098 3386 Dnliaeus
1123 3309 1167 3382 de
1195 3308 1347 3404 Jejuniis
1366 3330 1403 3385 et
1424 3339 1506 3410 qua·

288 3405 492 3502 dtagtfima,
533 3425 570 3480 et
595 3410 835 3576 Lartoffanus
858 3410 1006 3483 Advert
1032 3410 1067 3481 S.
1092 3407 1114 3480 l.
1139 3408 1190 3494 1.,
1224 3424 1324 3479 utet
1350 3411 1504 3486 Bevere·

291 3503 372 3602 gius
402 3506 440 3577 in
466 3505 598 3578 Canon.
631 3504 713 3600 Apo
746 3505 969 3579 ,vindicatis
996 3505 1019 3588 1,
1043 3503 1108 3576 111.
1143 3500 1201 3576 ubi
1227 3502 1507 3603 quadragesimae

290 3597 535 3694 antiquitatem
560 3597 797 3675 demonstrare
827 3621 973 3674 conntut
996 3598 1067 3671 est:
1102 3598 1257 3672 ne-alios
1292 3623 1502 3684 memorem.

293 3693 492 3789 jejunium,
518 3718 602 3767 vere
626 3693 672 3767 stc
695 3693 846 3784 dietum,
880 3696 981 3769 sitnm
1007 3692 1075 3766 fuit
1101 3693 1169 3767 hoc
1193 3696 1309 3767 seculo
1335 3696 1373 3769 in
1399 3700 1503 3774 absti·
1656 3738 1659 3743 >

296 3788 420 3862 nentia
440 3815 459 3862 a
476 3793 602 3887 quovis
625 3813 755 3885 genere
773 3791 864 3877 cibi,
890 3813 928 3863 et
944 3814 1014 3862 non
1040 3795 1150 3862 carnit
1167 3809 1321 3879 tantum,
1345 3812 1385 3864 ut
1410 3794 1506 3889 posta

296 3906 342 3956 ea
365 3882 489 3959 factum
514 3885 586 3974 est,
611 3885 747 3981 quando
771 3886 994 3981 Xerophagiae
1013 3900 1047 3955 et
1069 3885 1327 3979 dthyophagiae,
1354 3884 1504 3968 senari.

250 3997 254 4003 ’
293 3979 422 4054 dorum
445 4000 482 4056 et
505 3980 651 4076 piscium
677 3981 769 4070 esus,
808 3981 986 4054 introduci
1012 3998 1206 4075 coeperunt
1231 4001 1395 4076 tempore
1416 3985 1507 4084 jeju.

290 4076 446 4169 niotum.
477 4077 628 4151 Tertull.
652 4077 674 4149 l.
698 4101 729 4150 c.
757 4095 879 4152 contra
896 4075 1114 4164 Catholicos,
1141 4100 1228 4173 quos
1250 4077 1415 4172 psychicos
1430 4106 1506 4157 car·

289 4175 388 4248 nates
413 4172 582 4270 adpellat‚
611 4170 804 4266 disputans,
830 4173 959 4247 diserte
983 4195 1016 4246 c.
1045 4194 1076 4246 n.
1102 4173 1210 4262 dicit,
1243 4175 1320 4246 ilios
1344 4175 1506 4252 damnare

289 4271 461 4345 <aridorum
485 4272 622 4356 vinum,
647 4287 684 4339 et
709 4268 918 4357 defendere,
945 4268 1081 4355 omnia,
1104 4292 1191 4364 quae
1207 4269 1244 4340 in
1260 4271 1403 4341 macello
1421 4295 1506 4347 ven·

293 4367 450 4457 duntur,
480 4388 589 4462 aeque
612 4360 685 4443 ,effe
707 4362 823 4443 licita:
860 4365 982 4459 sapere
1008 4384 1094 4440 vero
1119 4388 1196 4442 eam
1213 4363 1517 4473 Montanistarum,

343 4500 345 4505 ⁷
453 4479 456 4485 '
531 4482 534 4493 '
858 4461 1007 4559 PPP4
1370 4463 1519 4560 consue}
