3609 5500
141 432 1574 727 u

844 746 847 753 2

1391 837 1397 847 ι

284 972 338 1064 aa
687 955 1135 1060 anastasianam.

291 1143 413 1219 Paulus
444 1141 467 1214 l.
502 1157 533 1211 c.
567 1137 605 1210 in
635 1140 745 1216 oculis
772 1138 907 1215 habuit.
959 1142 1109 1217 Alterum
1132 1134 1204 1227 est,
1242 1136 1416 1213 Christum
1443 1161 1519 1217 non

291 1238 394 1313 suiffe
421 1233 654 1330 corporaliter
678 1236 715 1309 in
741 1236 966 1332 pinnaculum
994 1235 1160 1331 Templi,
1192 1254 1251 1308 aut
1277 1237 1386 1309 altum
1413 1260 1518 1310 mon·

293 1353 387 1422 tem,
411 1328 621 1421 abduslum,
646 1331 780 1428 ipsique
797 1331 917 1406 omnia
940 1355 1049 1430 regna
1073 1330 1169 1405 orbis
1194 1331 1305 1405 oculis
1329 1334 1518 1427 corporeis

291 1428 436 1505 visenda
462 1426 671 1516 monstrata,
697 1453 785 1525 quae
811 1427 917 1503 nimis
939 1428 1116 1523 paradoxa
1139 1428 1238 1517 sunt,
1264 1428 1323 1501 sed
1348 1432 1519 1502 aSatana

292 1543 433 1599 tanturn
450 1521 687 1611 admonitum,
705 1543 745 1598 ut
763 1549 808 1597 eo
824 1525 859 1599 se
877 1524 1077 1611 conferret,
1090 1522 1269 1620 illudque,
1287 1524 1382 1620 quod
1397 1522 1516 1615 dixit,

291 1639 434 1718 ageret,
459 1618 526 1693 acsr
550 1618 691 1692 dixisset
717 1623 880 1709 Satanas3
907 1643 1014 1710 ecce,
1039 1618 1181 1693 fi-filius
1205 1618 1279 1692 Dei
1306 1639 1343 1692 et
1371 1619 1516 1695 Messias

290 1716 379 1791 velis
412 1714 555 1803 haberi,
596 1714 766 1789 adscende
827 1716 1027 1789 innaculum
1062 1713 1228 1811 Templi,
1269 1733 1307 1787 et
1340 1715 1424 1788 inde
1454 1735 1514 1806 te,

283 1835 413 1900 ‚eoram
441 1808 598 1883 omnium
631 1812 763 1901 oculis,
798 1742 936 1908 dejice,
966 1831 1006 1884 ut
1028 1812 1229 1906 angelorum
1255 1811 1414 1884 manibus
1445 1812 1517 1885 sus·

289 1925 467 1995 tentatus,
507 1925 544 1978 et
569 1905 699 1995 salvus,
740 1908 790 1980 ab
807 1905 971 1981 omnibus
1001 1931 1021 1979 a
1048 1906 1198 1980 noscaris
1221 1906 1313 1981 filius
1337 1906 1430 1994 Dei,
1461 1906 1517 1982 ita

165 2062 166 2065 ,
290 2026 433 2102 quoque
458 2001 648 2097 capiendus
672 2001 723 2075 est
745 2028 781 2076 v.
810 2012 843 2083 8.
895 2002 1002 2102 Quod
1025 2020 1145 2097 itaque
1171 2000 1322 2092 dicitur,
1348 2002 1514 2077 Satanam

289 2123 371 2174 eum
391 2097 588 2194 preliandffl
614 2117 683 2185 ete.
718 2096 763 2171 de
787 2097 1029 2196 suggestione,
1064 2097 1237 2189 suasione,
1278 2116 1316 2171 et
1338 2097 1515 2193 jussione,

288 2193 558 2290 intelligendum
583 2191 655 2283 est,
681 2191 795 2267 itaut
822 2218 866 2268 co
893 2194 1064 2284 itatione,
1098 2211 1135 2265 et
1160 2213 1300 2284 mente,
1330 2193 1443 2289 ipsum
1465 2219 1515 2270 eo

287 2290 493 2378 adduxerit,
518 2310 555 2361 et
579 2288 633 2362 ire
652 2288 806 2365 suaseritss
832 2217 954 2364 sium
970 2289 1014 2362 de
1039 2290 1105 2363 hac
1123 2290 1344 2378 tentatione,
1368 2290 1517 2386 ejusque

287 2388 420 2483 scopo,
455 2384 579 2459 dixisse
606 2384 695 2461 nihil
718 2385 872 2461 adtinet:
908 2409 989 2459 cum
1018 2384 1056 2458 id
1081 2385 1183 2482 liujus
1205 2409 1279 2460 non
1302 2385 1344 2458 srt
1367 2385 1449 2459 loci.

297 2564 299 2572 Κ
339 2482 371 2582 §
397 2482 565 2555 xxxin.
593 2483 783 2571 Ceterum,
808 2481 893 2555 licet
919 2478 1126 2555 tentationis
1149 2481 1188 2555 in
1204 2482 1345 2554 deserto
1369 2482 1514 2577 expres·

287 2581 324 2678 sa
350 2597 486 2651 tantum
504 2576 566 2651 fiat
590 2577 728 2652 mentio
754 2580 797 2653 ab
813 2575 1066 2677 Euangelistis,
1090 2601 1157 2673 qua
1183 2576 1381 2667 historicis,
1413 2577 1514 2675 gesta

289 2694 427 2752 tantum
450 2695 646 2746 memorare
671 2672 804 2764 solitis,
828 2674 905 2770 ejus
927 2693 1045 2748 tamen
1068 2673 1171 2747 solius
1189 2674 1289 2752 causa
1314 2697 1385 2747 non
1407 2694 1512 2750 autu·

287 2769 462 2848 moverim
481 2793 560 2842 eum
585 2767 624 2843 in
640 2768 815 2845 desertum
840 2769 1048 2859 abdudlum,
1071 2769 1210 2861 sedet,
1235 2790 1276 2844 ut
1295 2769 1348 2843 ibi
1372 2769 1410 2843 in
1428 2771 1517 2847 loco

286 2866 445 2945 solitario
478 2864 589 2939 totius
622 2865 799 2957 muneris,
843 2867 901 2964 cui
935 2867 1044 2940 modo
1070 2866 1294 2964 inauguratus
1319 2884 1414 2956 erat,
1448 2890 1516 2942 no·

286 2964 369 3045 titia
395 2987 416 3036 a
440 2961 565 3058 spiritu
593 2960 799 3036 inbueretur
822 2987 888 3059 qua
914 2961 1045 3051 hom0,
1083 2961 1195 3059 adque
1220 2962 1305 3035 illud
1334 2965 1404 3036 rite
1427 2964 1515 3036 obe·

285 3061 418 3136 undum
450 3075 740 3155 praepararetur,
781 3082 823 3132 ae
857 3061 1165 3147 corroboraretur,
1206 3057 1302 3131 fimus
1325 3082 1390 3152 per
1415 3060 1513 3133 Sata·

284 3183 354 3241 nae
381 3154 617 3231 tentationem
650 3155 726 3252 ejus
754 3154 920 3252 aptitudo
944 3153 1213 3241 eteonstantia
1246 3154 1515 3249 exploraretur,

285 3257 470 3348 adeoque,
504 3275 543 3326 ea
566 3252 746 3349 superata,
780 3252 816 3327 di
843 3277 906 3328 nus
933 3271 1109 3346 etaptus
1135 3249 1369 3325 declararetur
1398 3251 1441 3324 ad
1469 3253 1514 3347 il·

241 3387 246 3396 ·
284 3352 345 3428 lud
368 3345 635 3442 perficiendum.
685 3348 770 3417 Huc
786 3369 882 3426 enirn
908 3344 1037 3418 ducere
1054 3344 1197 3425 videtur
1228 3370 1259 3420 1.
1284 3345 1418 3442 quoda
1436 3345 1514 3444 spa·-

282 3451 351 3524 rita
376 3465 420 3514 eo
445 3440 554 3514 suerit
579 3439 723 3527 dubius,
750 3440 845 3528 imo,
878 3458 920 3512 ut
946 3442 1034 3514 Luc.
1058 3441 1127 3515 IV.
1152 3442 1275 3534 plenus
1301 3442 1447 3537 spiritu,
1472 3463 1514 3518 et

282 3545 378 3625 {aad
404 3538 545 3632 astupet·
575 3540 609 3611 in
636 3533 782 3633 spirita,
819 3556 1054 3632 argumento,
1092 3559 1173 3610 eum
1200 3536 1239 3610 in
1266 3538 1343 3634 ipso
1371 3538 1513 3614 deserto

282 3637 389 3718 fuiffe
417 3654 533 3708 totum
561 3632 599 3707 in
627 3632 773 3729 spiritu,
799 3631 1036 3728 spiritualibus
1061 3633 1243 3707 exercitiis
1268 3633 1516 3711 meditationis

281 3759 328 3814 ac
358 3729 621 3830 precationibus
647 3747 880 3825 occupatum,
913 3749 951 3802 et
973 3756 994 3805 a
1017 3729 1143 3826 spiritu
1168 3728 1394 3808 instruetum:
1421 3753 1512 3827 quae

310 3828 415 3910 hrasrs
447 3827 553 3901 etiam
593 3826 637 3900 de
672 3825 759 3898 ains
783 3824 958 3900 ecstaticis
990 3825 1173 3923 usurpatur
1206 3827 1277 3923 Ap.
1314 3829 1437 3902 XVII:
1473 3851 1510 3922 3.

279 3857 383 4006 iixl:
414 3943 469 3998 10.
496 3923 581 3998 sicut
607 3921 784 4017 suspiritu
808 3923 878 3998 esse
911 3946 943 3998 c.
970 3923 1000 3998 1:
1028 3946 1085 3997 10.
1138 3947 1171 3998 2.
1197 3923 1431 4024 Quadraginta
1456 3924 1510 3999 ibi

276 4026 358 4102 dies
382 4020 492 4093 suerit
518 4021 696 4105 versatus,
732 4018 804 4092 sme
829 4019 915 4095 cibo
941 4037 978 4092 et
1003 4037 1114 4115 potu3
1155 4019 1277 4115 utique
1307 4044 1388 4096 cum
1411 4020 1508 4093 adlu-

265 4122 378 4200 sione
395 4114 437 4189 ad
454 4116 586 4190 Mosen
603 4114 640 4190 in
662 4133 783 4189 monte
800 4114 918 4206 Sinai,
944 4134 982 4189 et
1002 4115 1045 4188 ad
1061 4114 1136 4210 ejus
1153 4118 1375 4214 exemplum,
1400 4117 1508 4190 adeo·

279 4242 349 4319 que
380 4211 524 4288 similem
559 4213 597 4286 in
630 4211 762 4303 finem,
805 4231 843 4287 ut
875 4211 985 4286 totius
1015 4210 1172 4286 muneris
1202 4231 1240 4286 et
1269 4211 1507 4287 oeconomiae

277 4310 483 4393 condendae
507 4309 622 4385 ideam
647 4307 847 4400 inbiberet,
881 4309 972 4384 ficut
996 4305 1093 4381 Mon
1124 4306 1162 4382 in
1188 4327 1311 4381 monte
1334 4306 1504 4402 contigit.

276 4438 314 4517 3.
338 4413 514 4516 Tentatus
539 4405 605 4505 sit,
646 4427 721 4485 non
747 4422 827 4493 toto.
850 4405 913 4486 illo
944 4425 1252 4508 temporemorae
1278 4402 1318 4485 in
1343 4402 1506 4581 desemod,

282 4540 306 4575 r·
882 4556 910 4588 „
1460 4520 1479 4573 Ε
