3609 5500
245 432 1664 974 -Ι

828 963 935 1041 Secul.
953 965 985 1039 13
1047 941 1074 988 '
1104 951 1121 1024 Ϊ
1475 969 1524 1061 89

294 1162 350 1218 tus
374 1136 499 1242 suerit¹
513 1139 556 1214 ab
580 1162 645 1231 eo,
671 1137 804 1240 quippe
828 1160 980 1219 tacente.
1029 1143 1178 1246 Quando
1201 1142 1330 1222 iterum
1353 1147 1394 1222 ad
1417 1173 1519 1224 aceu-

291 1242 424 1315 satores
483 1235 643 1326 rodiens,
687 1236 721 1310 se
753 1239 796 1313 ad
820 1237 1018 1314 sententiae
1053 1242 1314 1317 exsecutionem
1349 1245 1517 1343 progredi

291 1357 365 1409 non
388 1357 439 1429 po
468 1356 489 1405 e
513 1331 715 1407 declaravit.
800 1341 844 1407 u‘o
861 1335 990 1409 irritati
1010 1336 1133 1432 Judaei
1159 1339 1269 1430 palam
1296 1340 1417 1413 minan
1438 1342 1516 1414 sunt

291 1432 407 1504 Pilato
432 1430 520 1502 iram
545 1447 583 1501 et
606 1426 887 1524 indignationem
913 1431 1194 1520 Caesaris,=inde
1211 1434 1397 1524 orituram,
1423 1438 1515 1531 quod

290 1525 501 1623 inpunitum
526 1523 684 1598 dimittat
709 1528 874 1600 rebellem
903 1528 1077 1616 Caesaris,
1112 1551 1152 1600 ac
1172 1527 1367 1623 Majcstatis
1394 1554 1512 1606 reum:

287 1619 558 1697 cum'Christus
581 1643 653 1694 non
679 1623 952 1717 qualemcunque
968 1625 1079 1718 filium
1104 1623 1171 1695 Dei
1195 1626 1228 1696 se
1253 1625 1423 1721 prosellus
1451 1625 1512 1717 lit,

290 1719 350 1793 sed
378 1716 475 1789 simul
498 1715 681 1805 Meffiam,
709 1740 748 1789 re
773 1741 828 1789 em
848 1719 991 1791 Israelis.
1041 1718 1143 1821 Qua,
1171 1737 1328 1814 tanquam
1347 1721 1512 1810 fulmine,

288 1813 471 1912 perculsus
496 1810 642 1901 Pilatus,
677 1813 852 1885 Christum
880 1813 1071 1885 solenniter
1098 1833 1134 1885 et
1159 1814 1266 1885 morti
1292 1815 1447 1905 addixit,
1473 1835 1511 1890 et

289 1906 577 2005 crucifigendum
596 1905 757 1996 tradidit,
810 1906 965 2003 ostquam
994 1908 1074 2004 ipsis
1091 1908 1361 1999 confessionem,
1387 1913 1511 2009 Judae-

291 2004 431 2081 isalias
457 1999 636 2091 odiosam,
660 1933 894 2098 expressisset,
928 2005 962 2075 se
987 2007 1116 2091 alium,
1148 2027 1190 2075 ac
1216 2001 1413 2097 Caesarem,
1448 2031 1513 2101 pro

291 2123 383 2198 rege
407 2100 471 2174 suo
496 2119 570 2172 non
592 2098 792 2193 agnoscere.
822 2103 1009 2172 -Ceterum
1034 2100 1076 2172 ad
1100 2100 1344 2172 solennitatem
1373 2102 1511 2176 senten·

290 2203 383 2286 tiae,
410 2194 586 2363 aTJudice
612 2193 720 2281 latae,
746 2194 924 2290 pertinet,
949 2194 1044 2290 quod
1059 2195 1204 2282 Pilatus,
1231 2218 1311 2267 arce
1328 2197 1511 2286 Antonia,

317 2314 403 2386 rope
473 2290 649 2385 emplum,
673 2288 732 2361 ubi
748 2292 822 2363 aula
848 2307 885 2363 et
903 2290 1118 2386 praetorium
1145 2307 1239 2378 erat,
1265 2292 1416 2387 egressus
1431 2317 1513 2368 cum

289 2321 371 2489 lesu
388 2387 431 2460 in
446 2408 611 2481 magnum
630 2383 774 2479 Templi
800 2386 946 2473 atrium,
971 2384 1114 2482 ibique,
1140 2386 1200 2458 sub
1219 2385 1280 2456 dio
1309 2388 1429 2461 ereeto
1449 2391 1512 2463 tri·

291 2483 428 2571 buruli,
455 2503 535 2553 eam
553 2479 840 2576 promulgaverit.
888 2480 962 2585 Qui
979 2483 1076 2554 locus
1101 2480 1169 2553 suit
1186 2483 1371 2579 λιθὸςςωτσσ
1394 2487 1511 2582 adpel-

285 2586 376 2658 latus
403 2604 425 2652 a
478 2575 680 2663 avimcnto,
713 2575 865 2650 frustulis
890 2574 1043 2670 lapidum
1070 2577 1180 2663 varii,
1206 2579 1264 2651 sed
1290 2581 1424 2671 nativi,
1450 2606 1510 2655 co·

284 2675 399 2764 loris,
492 2693 564 2745 ato.
614 2672 672 2743 De
695 2694 765 2767 quo
796 2672 869 2746 vid.
896 2675 946 2748 Cl.
973 2671 1061 2746 Iken
1090 2672 1177 2748 Dils.
1204 2676 1273 2750 vol.
1308 2679 1354 2752 ll.
1408 2682 1511 2754 Cete-

284 2798 388 2861 rum,
413 2789 453 2844 ut
481 2767 567 2844 illud
595 2765 633 2841 ln
660 2762 806 2841 transitu
829 2769 1034 2859 observem,
1058 2770 1190 2844 Pilatus
1215 2772 1252 2844 in
1275 2797 1323 2868 po
1351 2775 1398 2847 uli
1424 2797 1510 2851 vota

287 2866 483 2955 conpellit,
519 2890 551 2943 1.
574 2881 723 2962 propter
747 2884 879 2939 metum
915 2863 1115 2959 seditionis,
1156 2869 1254 2963 cujus
1278 2799 1448 2944 indicium
1474 2876 1512 2946 iu

288 2965 368 3063 ipsa
383 2961 533 3037 historia
552 2957 684 3047 exstat,
710 2959 871 3057 adquam
897 2984 942 3034 eo
965 2980 1130 3059 tempore
1152 2965 1254 3037 valde
1280 2968 1384 3061 proni
1410 2989 1510 3041 erant

286 3058 445 3163 Judaei,
477 3057 529 3131 uti
553 3055 627 3151 ipse
652 3055 780 3128 Pilatus
804 3076 878 3130 erat
904 3077 1092 3154 expertus,
1137 3083 1169 3131 2.
1197 3078 1235 3132 ut
1262 3059 1420 3133 favorem
1446 3087 1510 3156 po-

323 3153 379 3227 uli
405 3169 445 3223 et
465 3174 643 3248 procerum
669 3170 913 3246 recuperaret,
948 3176 1053 3245 quem
1087 3175 1152 3244 per
1204 3175 1285 3224 rava
1309 3154 1512 3247 perdiderat

287 3184 480 3335 Ennea,
504 3264 541 3319 et
560 3245 784 3321 necessarium
809 3244 959 3319 habebat
984 3269 1004 3317 a
1030 3243 1075 3318 ud
1102 3178 1292 3320 Caesalrem.

336 3344 371 3445 q.
396 3344 581 3418 LXXXV.
620 3343 678 3416 Ad
701 3344 817 3417 locum
852 3340 1015 3437 supplicii
1052 3363 1131 3416 cum
1164 3341 1378 3417 amilitibus
1403 3344 1509 3420 abdu-

289 3459 457 3529 ceretur,
483 3438 636 3538 propriis
659 3438 770 3512 rursus
793 3436 939 3513 amissus
966 3437 1137 3530 vestibus,
1162 3463 1322 3531 crucem,
1349 3464 1510 3537 promo·

290 3564 355 3629 re,
376 3556 544 3635 portans,
567 3532 748 3609 aSimone
772 3536 975 3630 Cyrenaeo,
1009 3558 1090 3609 rure
1113 3534 1301 3627 veniente,
1327 3539 1370 3611 ad
1386 3537 1423 3611 id
1448 3564 1519 3614 co·-

296 3634 395 3722 aslo,
420 3632 578 3728 adjutus,
599 3629 781 3719 mulieres,
797 3631 926 3703 sortem
944 3631 1018 3727 ejus
1034 3631 1277 3727 deplorantes,
1304 3635 1507 3727 admonuit,

294 3752 336 3807 nt
352 3731 468 3819 suam,
493 3729 718 3821 suorumque,
744 3726 871 3799 sortem
888 3728 1035 3895 <potius,
1060 3726 1150 3800 haud
1173 3725 1233 3800 diu
1255 3729 1334 3825 post
1358 3730 1509 3807 suturam

293 3830 430 3904 summo
455 3824 565 3921 gradu
591 3822 843 3912 miserabilem,
868 3846 888 3894 a
937 3822 1090 3896 animum
1116 3845 1307 3913 revocent,
1334 3848 1413 3899 cum
1438 3830 1507 3900 res·

294 3923 435 4023 publica
462 3919 505 3993 stt
520 3917 735 3993 destruenda.
784 3918 911 3991 Statim
936 3919 1032 3992 acin
1061 3919 1184 3990 collem
1201 3921 1396 4012 Calvariae,
1423 3923 1520 3997 Col-'-

295 4040 394 4121 gata,
420 4016 608 4103 amanlis,
635 4034 674 4086 ut
691 4031 853 4110 putatur,
879 4013 1032 4102 dictum,
1058 4016 1167 4089 Mart.
1187 4016 1343 4091 XXVII:
1370 4040 1426 4113 33.
1450 4026 1520 4097 vel·

299 4111 478 4212 aglnbosa
505 4111 604 4186 collis
626 4112 758 4204 figura,
783 4104 1037 4201 instar-cranii,
1062 4109 1114 4182 uti
1142 4112 1300 4207 lecythus
1328 4112 1410 4189 inde
1433 4095 1507 4205 rubr

305 4210 486 4283 etllercus
508 4206 665 4281 animalis
686 4182 777 4297 553,
804 4208 956 4302 procella
983 4218 1095 4280 rotata
1120 4208 1224 4280 turbo
1240 4187 1349 4302 Εὐ),
1373 4232 1417 4281 ne
1442 4208 1508 4279 alia

306 4326 510 4393 memorem,
552 4303 593 4377 ad
628 4303 783 4374 occasum
814 4302 1103 4401 Hierosolymae,
1144 4303 1314 4394 venisset,
1355 4299 1508 4377 vestibus

307 4418 442 4572 expres,
459 4418 530 4571 ὥ
543 4398 640 4479 cruci
665 4395 797 4478 adfixus
815 4397 891 4493 est,
932 4423 1000 4572 tlt&
1027 4422 1106 4479 cum
1138 4400 1274 4482 duobus
1295 4398 1507 4505 latronibus,

318 4546 323 4551 ·
374 4519 434 4573 om·
526 4549 535 4570 ο
1417 4510 1511 4575 mter
