3609 5500
275 967 348 1044 180
654 905 955 1055 oportunus.
984 948 1098 1055 omn.

277 1131 461 1239 probabile
487 1128 550 1208 est.
599 1128 717 1239 Quare
744 1132 919 1211 desertum
947 1132 1031 1210 illud
1064 1127 1214 1230 petierit
1239 1152 1325 1206 mox
1349 1152 1371 1208 a
1395 1151 1509 1207 voca·

284 1234 386 1308 tione
415 1231 494 1320 sua,
536 1248 573 1302 et
599 1228 681 1325 quid
708 1229 760 1302 ibi
784 1234 921 1325 egerit,
960 1251 1020 1305 aut
1054 1230 1091 1313 ei,
1110 1227 1300 1315 acciderit,
1334 1228 1420 1304 licet
1441 1250 1506 1302 ex·

309 1328 398 1402 telle
431 1348 504 1399 non
538 1344 774 1415 memoretur,
815 1325 997 1424 probabile
1022 1344 1138 1399 tamen
1164 1323 1253 1397 mihi
1277 1323 1340 1414 fit,
1381 1330 1463 1399 eum
1486 1343 1513 1396 a·

209 1505 212 1512 ,
280 1355 418 1521 §piritu
445 1444 491 1494 eo
520 1418 620 1494 soille
648 1418 812 1512 duclum,
840 1444 880 1497 ut
907 1421 946 1495 in
970 1443 1114 1495 munere
1140 1417 1235 1494 reete
1264 1421 1429 1494 obeundo
1451 1417 1513 1491 in·

279 1520 473 1595 strueretur
494 1516 685 1607 divinitus,
730 1517 887 1615 adeoque
913 1515 978 1614 ipsr
1008 1515 1102 1590 haud
1135 1537 1238 1590 unam
1271 1529 1359 1588 tune
1385 1512 1509 1589 conti·

279 1614 368 1715 gille
393 1612 647 1687 revelationem
672 1609 841 1688 divinam.
891 1616 981 1687 Cum
1017 1609 1113 1685 enim
1148 1610 1244 1707 ipse,
1285 1629 1421 1685 narrata
1445 1610 1510 1684 sua

280 1709 498 1798 vocatione,
539 1729 624 1781 mox
647 1708 824 1804 subjungit
853 1708 931 1783 Gal.
955 1709 984 1781 1:
1014 1728 1070 1876 ιᾶ.
1102 1705 1176 1781 sese
1208 1730 1337 1780 carnem
1372 1723 1406 1780 er
1418 1703 1509 1800 sarn-

278 1809 432 1903 guinem‚
463 1802 524 1876 seu
550 1802 732 1892 homines,
767 1826 838 1876 non
866 1801 1024 1877 consului
1054 1826 1094 1890 e,
1126 1824 1194 1874 nec
1217 1800 1509 1899 Hierosolymam

279 1905 317 1977 se
346 1900 387 1972 ad
415 1896 602 2007 Apostolos
627 1896 832 1988 contulisse,
872 1897 932 1973 sed
964 1902 998 1970 in
1027 1898 1188 1976 Arabim
1217 1896 1421 1985 disceffiffe,
1467 1912 1511 1969 et

277 1996 362 2071 dein
387 1993 527 2067 rediisse
558 1991 784 2088 Damascum,
817 1993 911 2068 haud
935 1992 1081 2065 obscure
1111 1990 1268 2089 indicat,
1289 1990 1384 2081 sese,
1431 1988 1507 2064 uod

281 2092 392 2169 rnodo
410 2088 553 2180 notavi,
579 2088 739 2162 Damasci
757 2111 842 2161 mox
865 2110 939 2161 non
955 2085 1165 2183 praestitisse
1189 2084 1369 2161 doblorem
1387 2089 1415 2159 C
1460 2084 1507 2161 is·

279 2189 436 2275 tianum,
470 2184 529 2257 sed
555 2181 635 2279 post
657 2184 812 2258 reditum
840 2207 885 2257 ex
910 2182 1060 2272 Arabia,
1092 2200 1132 2256 ut
1159 2181 1240 2257 Ao.
1265 2184 1330 2255 IX:
1360 2203 1418 2256 22.
1443 2180 1510 2256 ha·

278 2286 407 2370 betur;
449 2297 659 2375 praeterea,
699 2280 792 2376 quod
826 2278 888 2351 hic
922 2275 1098 2367 intendo,
1143 2276 1296 2353 Arabiae
1329 2277 1510 2355 desertum'

279 2376 530 2479 petiissedussu
545 2373 705 2470 spiritur,
731 2399 821 2471 quo,
849 2374 1023 2485 baptismo
1049 2371 1200 2463 tinibus,
1227 2372 1387 2469 expresse
1409 2373 1506 2449 dici·

280 2495 340 2550 tur
362 2476 476 2566 plenus
509 2470 591 2544 Aet.
617 2470 680 2542 lx:
710 2492 765 2564 17.
790 2488 830 2543 ut
855 2470 904 2543 ibr
932 2468 1072 2543 uberius
1094 2467 1343 2559 instrueretur,
1377 2488 1505 2543 corro-

169 2585 171 2590 ·
278 2572 487 2656 boraretur,
513 2584 550 2638 et
575 2564 617 2638 ad
645 2564 794 2655 illustre,
827 2564 921 2639 smol
938 2563 1066 2661 grave,
1100 2586 1245 2655 munus,
1276 2587 1356 2638 cum
1379 2564 1507 2640 multis

280 2660 473 2751 molestiis,
499 2660 693 2748 laboribus,
720 2680 758 2734 et
773 2658 939 2757 perieulis
964 2658 1210 2756 conjundlum,
1263 2657 1425 2758 raecipue
1444 2684 1505 2736 re·

279 2757 402 2858 speetu
426 2755 539 2847 Sauli,
572 2755 625 2830 uti
651 2755 731 2832 Ast.
757 2759 821 2832 IX:
849 2777 908 2846 15,
936 2763 993 2830 16.
1040 2755 1198 2830 Ananiae
1231 2684 1276 2829 de
1302 2755 1377 2853 ipso
1400 2780 1506 2854 prae·

282 2853 417 2931 dicium
433 2850 524 2942 suit,
550 2870 834 2960 praepararetur,
859 2869 896 2923 et
913 2869 1014 2947 aptus
1030 2851 1247 2926 redderetur.
1272 2850 1373 2925 Sicut
1392 2876 1506 2964 ergo,
1524 2935 1528 2941 ⁴

280 2972 323 3026 ut
348 2946 515 3022 credibile
539 2945 612 3036 est,
635 2947 710 3039 lpse
726 2946 798 3020 sese
827 2945 1013 3041 precibus,
1038 2946 1215 3037 ledlione,
1240 2967 1278 3020 et
1294 2947 1505 3024 meditatio·

282 3070 333 3123 ne
357 3040 486 3139 Script.
513 3044 570 3132 S.,
594 3040 737 3141 aliisque
756 3040 940 3116 exercitiis
965 3041 1102 3116 idoneis
1128 3061 1338 3138 occupatum
1362 3046 1507 3138 tenuit,

278 3143 334 3223 ita
359 3159 397 3215 et
423 3138 514 3213 haud
538 3161 606 3212 una
628 3138 823 3213 honoratus
848 3136 917 3211 fuit
948 3137 1168 3212 revelatione
1193 3139 1334 3229 divina,
1377 3141 1419 3214 ad
1448 3141 1508 3238 ip·

279 3243 363 3317 sum
395 3233 524 3309 notitia
550 3260 586 3306 re
614 3235 650 3306 ni
668 3233 816 3323 Christi,
843 3231 1086 3331 spiritualisac
1108 3234 1285 3321 coelestis,
1310 3234 1398 3332 legis
1414 3237 1508 3310 Mo·

280 3334 396 3410 saicae
426 3330 649 3413 abolitionis,
673 3355 716 3404 ac
741 3329 916 3420 euangelii
1004 3329 1093 3419 tiae,
1120 3331 1158 3403 in
1185 3330 1280 3403 omni
1307 3333 1506 3428 complexu

281 3428 376 3512 duo,
416 3421 681 3529 instruendum,
722 3421 882 3517 opposite
917 3352 1001 3495 adm
992 3423 1177 3498 humanam
1213 3425 1506 3520 institutionem,

279 3541 387 3618 quam
413 3515 487 3610 rpse
516 3517 644 3608 ubrque
660 3540 680 3590 a
695 3517 729 3590 se
746 3515 921 3604 removit,
945 3516 999 3590 uti
1026 3521 1101 3593 Gal.
1128 3522 1158 3611 I,
1182 3523 1229 3598 ΙΙ.
1282 3548 1298 3597 1
1321 3525 1403 3597 Cor.
1429 3525 1503 3600 Xl:

279 3637 344 3709 23.
392 3608 519 3704 Ephes.
545 3611 609 3682 lll:
638 3635 670 3706 3.
696 3629 732 3684 et
751 3610 851 3719 alibi.
900 3611 1017 3724 Quare
1035 3615 1210 3713 plusquam
1228 3617 1408 3714 probabile
1425 3619 1504 3712 est,

278 3730 365 3786 eum
393 3724 430 3776 et
458 3703 529 3776 hoc
553 3722 715 3800 tempore
747 3731 785 3780 m
814 3709 1028 3804 paradisum,
1070 3731 1108 3784 et
1139 3713 1244 3808 usque
1277 3714 1320 3786 ad
1354 3714 1505 3792 tertium

281 3803 446 3888 coelum,
472 3797 572 3872 fuisse
597 3819 754 3897 raptum,
779 3823 817 3876 et
842 3803 937 3877 inter
958 3803 1024 3879 alia
1046 3804 1225 3898 didicisse,
1252 3830 1339 3904 quae
1365 3809 1406 3881 ad
1431 3811 1502 3886 dis·

278 3899 449 3996 ciplinam
474 3895 642 3989 quandam
668 3899 792 3974 referri
821 3898 962 3995 possunt
986 3901 1124 3991 arcani,
1166 3904 1202 3975 in
1230 3903 1297 3977 hac
1319 3902 1394 3977 vita
1419 3930 1505 3982 cunr

281 3992 488 4072 hominibus
521 4013 592 4066 non
629 3995 938 4084 communicanda3
980 4017 1019 4070 ut
1043 3999 1116 4092 ipse
1142 3999 1276 4090 innuit,
1309 3998 1418 4094 elp’p‘nrae
1440 4002 1503 4076 ad·

281 4091 413 4192 pellans
445 4087 564 4181 ῥήματα
595 4097 692 4165 uerba
724 4118 783 4165 non
814 4094 970 4179 dicenda,
1015 4097 1135 4166 2C0r.
1162 4095 1242 4168 Xll.
1292 4098 1395 4171 Unde
1427 4097 1505 4191 est,

286 4183 383 4286 quod
407 4205 490 4278 prae
517 4182 660 4279 reliquis
686 4185 865 4282 Apostolir
892 4185 1000 4260 fuerit
1024 4186 1120 4260 hisce
1144 4187 1181 4261 in
1207 4193 1307 4265 rebus
1331 4192 1504 4272 eruditus.

285 4286 349 4363 Ne
372 4296 487 4353 autem
512 4277 588 4386 quis
608 4280 653 4386 ud
686 4280 720 4354 id
747 4279 991 4369 obhaerescat,
1035 4283 1127 4378 quod
1158 4286 1313 4361 triennio
1338 4287 1417 4385 post
1438 4289 1505 4362 de·

284 4401 381 4459 mum
406 4393 547 4453 venerut
564 4374 870 4473 Hierosolymam,
895 4377 1072 4457 observari
1088 4380 1218 4476 velim,
1242 4404 1315 4465 non
1338 4383 1505 4552 tradisip:

842 4522 852 4529 '¹
908 4522 913 4533 ·
1443 4503 1507 4558 um
