3609 5500
237 432 1636 710 ..-

675 1019 681 1032 ·
713 959 756 972 ''
817 952 999 1050 teror
1438 976 1522 1068 ης

295 1135 412 1220 rituali
434 1139 567 1248 ¹Regni
594 1135 729 1227 'curisti
763 1161 915 1243 natura,
961 1138 1188 1237 obscuravit,
1224 1134 1294 1224 ¹v'el
1316 1147 1514 1246 subvertit,

293 1242 449 1340 pertinui
525 1333 528 1338 ⁸
557 1246 601 1322 ad
626 1247 720 1322 illam
739 1248 886 1344 praxior
897 1266 1170 1345 partem-quae
1186 1245 1325 1344 cultum
1342 1248 1412 1320 Dei
1431 1262 1515 1323 tonss

293 1337 420 1415 ffituit.
442 1421 445 1426 ,
498 1345 640 1435 elebat,
665 1363 703 1418 et
719 1346 888 1443 urgebam·
900 1344 1019 1418 -fidem
1031 1343 1072 1442 in
1089 1337 1380 1434 Christum5²cttm·
1395 1345 1513 1442 segurn'

288 1437 472 1520 ritualium
509 1438 730 1514 observantia
764 1440 835 1518 esse
873 1438 1195 1539 conjungendam,
1246 1451 1315 1509 nec
1358 1437 1431 1511 slne
1471 1454 1513 1518 ed

289 1533 361 1608 effe
384 1557 508 1613 coram
531 1538 614 1610 Deo
633 1535 804 1634 justitiam
828 1533 1005 1632 advitam
1029 1554 1224 1628 aeternam,
1250 1550 1309 1605 aut
1334 1532 1439 1612 solam
1459 1538 1514 1610 os·

288 1630 458 1707 siclorum
490 1632 672 1707 moralium
706 1630 979 1729 praestationem
1015 1634 1099 1706 Deo
1130 1630 1288 1727 placere,
1330 1628 1513 1729 adeoque,

287 1749 364 1802 που
397 1754 447 1803 ex
472 1728 614 1825 Judaeir
647 1750 805 1818 tantum,
849 1730 907 1804 sed
936 1748 973 1801 et
999 1725 1193 1817 Gentibus,
1227 1723 1444 1802 Christianos
1469 1729 1512 1805 ad

285 1824 618 1915 circumcisionem,
635 1842 691 1899 :et
718 1827 837 1922 legum
860 1824 1094 1899 Mosaicarum
1124 1825 1406 1919 observantiam,
1438 1824 1514 1901 elle

286 1921 362 1994 obli
425 1945 477 1996 or.
524 1923 682 2014 lundata
714 1919 857 1995 videtur
883 1920 984 1993 fuisse
1007 1918 1134 2015 opinio
1158 1919 1197 1996 in
1227 1942 1273 2013 eo
1298 1921 1512 2018 praecipue,

287 2025 339 2114 'qu
410 2019 470 2091 lex
493 2015 551 2090 rila
572 2017 683 2091 suerit
707 2040 726 2090 a
751 2019 832 2090 Deo
866 2017 1057 2090 solenniter
1078 2018 1193 2107 dara,
1224 2031 1294 2087 nec
1319 2015 1511 2107 solenniter

286 2116 483 2212 ¹abrogata,
513 2113 650 2187 -soedus
673 2111 882 2187 Sinaiticum
911 2112 948 2185 in
980 2132 1161 2186 aeternum
1182 2111 1323 2186 dicatur
1355 2112 1513 2190 cressum

290 2215 375 2282 bam
398 2210 545 2301 israele,
589 2210 646 2282 cui
673 2211 807 2283 Gentes
833 2210 898 2282 srnt
923 2208 1136 2285 inserendae.
1187 2207 1361 2297 necent,
1393 2211 1512 2285 Chris·

295 2306 407 2381 runi
449 2329 529 2396 una,
563 2303 645 2377 dum
673 2306 768 2379 inter
793 2305 958 2379 homines
985 2306 1053 2379 suit
1082 2305 1257 2392 versatur,
1301 2303 1417 2400 legem
1446 2309 1511 2379 ob·

292 2402 319 2478 s
413 2426 446 2476 e.
505 2402 590 2501 Quo
623 2402 717 2475 inter
748 2402 814 2476 alia
851 2400 1039 2497 respexisse
1075 2400 1218 2476 videtur
1242 2401 1362 2473 Paulus
1389 2405 1512 2482 aCon.

287 2498 343 2576 V:
369 2504 426 2573 16.
451 2497 514 2572 ubi
540 2498 716 2587 declarat,
748 2496 943 2587 Christum,
969 2521 1041 2570 non
1062 2516 1223 2595 tanquam
1235 2496 1416 2591 secundum
1435 2526 1513 2574 car·

285 2616 360 2669 nem
384 2596 593 2684 viventem,
621 2611 789 2691 tanquam·
804 2594 874 2691 legi
898 2593 1111 2689 subjeslum,
1138 2613 1176 2665 et
1193 2593 1268 2687 ejus
1291 2589 1511 2689 ministrum,¹

286 2693 397 2769 Rom.
423 2693 522 2769 XVt
539 2699 571 2772 8.
596 2710 634 2764 et
659 2692 734 2765 Gas.
758 2692 828 2762 lV:
852 2712 888 2782 4.
925 2689 984 2764 sed
1007 2706 1164 2767 mortuum
1187 2714 1229 2763 ac
1260 2689 1511 2788 resuscitatum,

285 2811 331 2866 nc
353 2787 459 2862 coelo
483 2787 660 2878 dicatum,
685 2787 842 2885 adeoque
869 2786 1082 2884 spiritualem
1107 2810 1149 2860 ac
1179 2786 1385 2892 coelestem,
1409 2790 1514 2865 aesti-

287 2883 455 2960 mandum
482 2903 519 2957 et
535 2882 742 2958 imitandum
769 2884 858 2971 esse,
885 2885 974 2957 adeo
997 2905 1039 2957 ut
1058 2883 1096 2956 in
1114 2881 1254 2958 Clrrislo
1278 2882 1367 2962 nihil
1394 2888 1510 2965 valeat

292 2978 360 3056 nisi
384 3005 467 3054 nora
497 2998 674 3070 creatura,
710 2980 801 3053 nulla
826 2978 1077 3070 circumcisio,
1127 2979 1255 3051 nullum
1288 2984 1511 3147 praegutium

289 3076 370 3154 Gal.
393 3076 465 3151 Vl:
493 3101 550 3167 15.
599 3078 683 3149 Erat
707 3100 795 3149 vero
819 3075 1024 3172 hypothesis
1047 3072 1267 3169 perniciosa,
1302 3093 1338 3145 et
1393 3075 1512 3151 hristi-

290 3195 380 3261 anae
395 3170 498 3263 fidei,
524 3198 565 3246 ac
581 3171 811 3247 oeconomiae
826 3170 979 3266 gratiae,
1006 3194 1026 3238 e
1045 3168 1219 3239 diametro
1234 3168 1396 3255 aduersa,
1421 3193 1512 3266 quae

292 3267 391 3363 ylm,
410 3265 669 3365 virtutemque,
689 3266 833 3357 unicae,
855 3284 890 3338 et
928 3262 1339 3351 erfeslislimae','Christi
1358 3265 1509 3341 oblatio·

289 3363 347 3442 nir
378 3386 519 3460 quoque
550 3364 776 3453 destruebat,
828 3387 869 3437 ac
896 3359 1065 3460 Juslitiarn
1099 3382 1217 3434 coram
1249 3362 1331 3434 Deo
1361 3362 1513 3460 legalem

289 3464 400 3537 Rom.
434 3461 481 3534 X:
518 3485 551 3551 5.
587 3459 793 3533 stabiliebat.
850 3460 949 3560 Quae
986 3457 1078 3531 ratio
1110 3457 1182 3548 esi,
1222 3480 1329 3553 quare
1363 3460 1508 3555 Paulus,

292 3557 491 3657 praeclarus
518 3557 582 3630 iste
615 3557 787 3631 libertatis
812 3554 1027 3629 Christianae
1053 3554 1207 3643 uindex,
1244 3574 1281 3627 et
1309 3556 1410 3663 regni
1443 3585 1511 3656 pu·

294 3676 353 3727 rae
377 3652 515 3751 gratiae
540 3652 647 3728 stator
672 3652 880 3740 acerrimus,
922 3649 1206 3747 ingente-studio
1240 3650 1309 3723 sese
1334 3675 1368 3723 er
1393 3679 1509 3750 oppo-

291 3749 422 3839 suerit,
466 3768 504 3822 et
535 3754 640 3823 noxia
667 3746 916 3844 consequentia
953 3747 991 3820 in
1020 3748 1120 3835 clara¹
1148 3745 1376 3820 collocaverit
1407 3752 1507 3844 luce,

340 3869 509 3932 romner
531 3844 606 3919 sere
631 3845 820 3942 Epistulas,
846 3844 894 3931 in,
910 3843 1027 3941 specie
1052 3861 1090 3916 et
1114 3843 1273 3939 expresse
1299 3843 1342 3945 ad
1369 3844 1445 3920 Gal.
1471 3868 1512 3942 et

290 3870 471 4041 liilipp„
492 3944 548 4014 ‚uti
573 3963 696 4015 notum
724 3936 784 4013 est.
1447 3988 1469 3998 -.

335 4034 368 4138 s.
394 4038 559 4113 CCVIll.
593 4037 778 4136 Originem
805 4034 895 4108 suam
920 4033 1067 4133 reperiit
1091 4032 1258 4124 haeresis,
1282 4057 1322 4111 ut
1347 4034 1392 4113 de
1421 4059 1511 4118 tem·

292 4153 402 4235 pore,
428 4159 500 4230 quo
523 4153 628 4227 caput
652 4133 822 4224 exseruit,
847 4154 1012 4221 agam«,·a
1038 4132 1265 4206 contentione
1282 4134 1377 4208 inter
1394 4138 1511 4210 Chris·

291 4233 408 4307 tianor
422 4230 535 4304 sedlae
551 4231 782 4319 Pinarisaicae,
809 4252 849 4301 ac
866 4230 1007 4303 Paulum
1024 4251 1061 4302 et
1073 4231 1257 4302 Barnabam
1276 4231 1512 4324 Antiochiaeg

293 4329 397 4427 paulo
421 4347 504 4401 ante
536 4348 751 4400 conuentum
779 4327 1157 4495 Hierosolqmitanum,
1184 4349 1263 4400 ann.
1293 4350 1389 4398 roma
1414 4328 1512 4404 Claus

290 4425 372 4519 dii,
405 4448 479 4504 aer.
507 4446 551 4503 vc
567 4445 666 4522 49mo
689 4424 942 4594 habitum,Gne
956 4442 1013 4496 ate
1037 4426 1079 4500 ad
1100 4422 1318 4498 Christianos
1339 4423 1521 4610 ςεῃῑᾶίῗεᾶ

372 4560 377 4570 “
875 4611 878 4615 .
920 4543 946 4622 ὃ
968 4541 994 4616 4
1472 4547 1491 4599 e
1590 4608 1595 4615 .
