3609 5500
672 919 720 996 3³
749 915 1113 1017 ¹²)SecuitTlI132'3l'*
1442 943 1514 1037 ili

283 1137 397 1213 retur,
421 1135 458 1195 m
474 1118 519 1193 ad
541 1119 857 1201 communicationem
883 1122 1004 1202 tenire,
1013 1118 1219 1220 prostlirmt,
1242 1093 1514 1221 'sedtm'lteretm

286 1224 342 1296 diu
362 1220 578 1315 poenitentia,
604 1234 635 1289 et
659 1234 828 1312 rogaretur
852 1215 1361 1313 dolenter-¹putertracle'mentia,
1379 1235 1412 1294 tt
1432 1222 1512 1291 ἐξα·

289 1312 646 1409 minarentnrnausae,
675 1318 907 1387 rtmolnntutes
917 1312 1171 1413 illrtceffrrntrr
1179 1313 1402 1411 singulorum:
1425 1336 1516 1413 quae

290 1414 504 1508 verbulum
530 1410 698 1508 Cypriani
723 1432 866 1510 ep.‚55.
893 1412 935 1485 ad
961 1414 1272 1492 Antonian.,Cum
1298 1434 1389 1493 uero
1413 1413 1513 1485 seve·-

288 1508 536 1605 indisciplina
560 1513 628 1580 'nec
655 1506 751 1580 inter
773 1507 903 1602 la'plos'
919 1506 1110 1585 discrimen
1131 1523 1320 1607 poneret,-
1347 1528 1415 1583 nec
1449 1505 1521 1593 sub,

288 1607 392 1682 vitae
417 1605 527 1678 finem
564 1626 625 1677 eos
655 1602 880 1696 admitteret,
910 1605 1071 1680 ‘nondum
1097 1627 1147 1702 ex,
1168 1602 1287 1690 verbis
1313 1603 1446 1704 liquet,
1477 1599 1518 1675 in

291 1725 376 1800 quo
389 1700 542 1797 praecise
570 1698 678 1773 fuerit
704 1703 992 1798 temperamentum¹
1014 1700 1135 1792 srtum,
1160 1723 1262 1809 quarn
1287 1700 1349 1777 diu
1377 1718 1517 1799 protra-

294 1797 411 1875 henda
436 1797 479 1871 lit
498 1797 742 1906 poenitentia,
769 1819 854 1872 num
878 1798 921 1870 ad
947 1796 1056 1872 finem
1081 1789 1267 1894 vitam-alr
1280 1796 1410 1897 justum
1429 1815 1518 1868 tem·

294 1894 395 1995 poris
412 1894 595 1990 ¹'spatrum‘l
618 1892 802 1967 Probabile
829 1889 948 1969 tamen
972 1893 1079 1968 verba
1103 1890 1259 1984 lt'cium't',
1294 1890 1517 1992 poenitenti·

295 2015 353 2066 am
380 2014 452 2063 non
480 1990 522 2063 ad
547 2006 698 2061 mortem
732 1990 838 2088 usque
868 1988 1143 2089 intelllg'l,·'sed
1177 1987 1284 2064 ‘citius
1313 1988 1518 2064 finiendam.

296 2107 334 2164 t.
358 2085 510 2184 Phrasrs,
550 2089 743 2162 rralrtrt'rnr
761 2088 815 2160 diu
835 2086 1059 2183 poenitentia,
1077 2085 1290 2197 generalior
1309 2082 1379 2178 est,
1416 2105 1519 2182 quam

295 2186 337 2259 ut
363 2184 407 2258 ad
432 2182 565 2258 exitum
591 2183 688 2258 vitae
713 2180 877 2281 restringi
902 2203 1033 2280 queat:
1075 2180 1218 2258 drxillet
1243 2202 1328 2257 tunc
1354 2181 1537 2270 continuo,'

298 2279 407 2354 autin
425 2302 657 2377 perpetuum,
683 2278 725 2352 ad
738 2279 835 2352 vitae
848 2278 1007 2368 exitum3
1034 2300 1092 2358 aut
1110 2279 1195 2376 quid
1213 2278 1333 2354 fimile.
1387 2303 1420 2354 2.
1445 2277 1521 2353 Ad·

260 2435 264 2443 .
299 2376 417 2467 ditur,
453 2378 591 2475 causas,
632 2375 838 2465 noluntates,
865 2394 896 2449 er
914 2373 1326 2475 nercffitnresstngulmum
1344 2376 1414 2450 elle
1441 2398 1523 2449 exa·

299 2472 505 2563 minandas3
538 2472 631 2571 quod
656 2474 772 2546 locum
795 2474 858 2549 vix
881 2472 1011 2549 habere
1037 2469 1227 2570 potuiffet,
1268 2468 1402 2546 stante
1428 2493 1523 2545 mor·

299 2588 377 2643 tern
401 2592 475 2642 non
496 2569 592 2644 foret
616 2569 835 2645 terminanda
856 2568 1093 2667 poenitentia.
1143 2566 1367 2644 Consulamur
1391 2567 1523 2666 ‘itaque
1614 2608 1616 2610 >

295 2667 365 2741 ulia
387 2667 485 2756 loca,
532 2689 616 2740 num
638 2666 809 2763 majorem
831 2666 926 2746 forte
951 2665 1112 2741 adferant
1141 2665 1267 2741 lucem.
1327 2666 1525 2741 Decretum

296 2763 339 2840 in
355 2763 479 2837 eadem
502 2762 612 2857 Epist.
638 2762 692 2836 his
709 2761 948 2860 configuntunr
965 2759 1076 2839 exstat
1101 2760 1236 2839 verbis:
1259 2764 1412 2861 placuit,
1442 2786 1524 2837 exn,

297 2861 436 2937 minatis
466 2857 575 2952 constr
602 2856 823 2956 singulorum,
868 2860 1058 2935 libellaticos
1099 2859 1229 2935 interim
1266 2864 1417 2951 admitti,
1458 2856 1522 2955 sas

294 2956 458 3054 trr'ficmis
484 2957 519 3027 in
536 2957 819 3056 exitusubmniri.
873 2956 979 3031 Unde
995 2954 1078 3030 illud
1095 2953 1192 3030 nette
1212 2956 1391 3054 colligitur
1415 2978 1449 3030 α.
1466 2957 1521 3029 in-

298 3071 357 3130 ter
379 3052 601 3130 Libellaticos.
618 3069 650 3126 et
667 3052 879 3151 sacrificator
911 3049 1078 3127 statutum
1103 3050 1205 3126 fuisse
1222 3052 1331 3151 ,haud
1355 3053 1524 3149 exiguum

299 3149 511 3226 discrimen:
537 3149 631 3248 quod
648 3169 697 3231 ,et
719 3151 788 3224 alio
813 3148 861 3238 in,
879 3147 1003 3223 eadem
1028 3144 1141 3245 Epist.
1165 3148 1248 3223 loco
1273 3148 1435 3224 defendit
1454 3148 1524 3246 Cy·

327 3246 462 3320 rianus.-
508 3251 540 3323 b.
563 3244 780 3322 Libellaticis'
795 3242 1001 3321 ulteriorem
1022 3243 1094 3318 n'on
1111 3240 1214 3319 fuiffe
1234 3243 1419 3344 inpofitam
1437 3268 1526 3344 poe·-

299 3269 513 3435 litentiam
539 3343 599 3417 sed
623 3367 707 3418 rnox
724 3340 786 3418 eos
803 3342 969 3439 receptos
990 3340 1071 3417 elle.
1124 3339 1248 3417 Verba
1263 3341 1360 3417 enim
1376 3338 1414 3418 id
1428 3343 1525 3417 ¹clare

299 3437 524 3537 fignificant,
565 3458 603 3515 et
636 3436 753 3538 praxis
789 3440 988 3515 confirmat.
1045 3438 1327 3541 Communicalie
1359 3437 1455 3514 enim
1489 3437 1526 3514 se

297 3540 395 3612 inox-
413 3559 492 3611 cunr
518 3536 714 3613 libellaticis
736 3533 871 3612 indicat
898 3535 1114 3635 Cyprianus,
1138 3554 1176 3610 et
1201 3544 1325 3614 contra¹
1348 3531 1526 3611 Novaria·

300 3650 387 3724 tros,
412 3633 450 3709 id
476 3654 680 3733 carpentes,
705 3630 920 3709 defenditin
937 3634 1005 3710 hac
1027 3631 1150 3731 epist„¹
1177 3636 1318 3710 Interea
1367 3633 1427 3706 uid
1444 3655 1526 3706 cum

300 3728 449 3826 reliquis
466 3728 746 3821 -fuerit'attum',
765 3752 818 3807 ‚ex
844 3730 983 3822 verbis,
1010 3732 1138 3827 placuit
1164 3734 1197 3803 in
1221 3656 1523 3899 euitnyubnmiri,

303 3825 379 3900 non
410 3822 645 3922 satis-liquet.
697 3825 874 3900 Videntur
910 3824 1074 3925 quidem,
1115 3846 1189 3897 non
1226 3821 1290 3898 nili
1340 3823 1384 3898 ub
1417 3823 1526 3898 finem

304 3922 404 4000 vitae
430 3920 491 3995 eo's
516 3920 752 3998 admittendos
776 3920 867 4011 elie,
900 3921 1080 4014 indicare,
1105 3918 1185 4015 sed,
1218 3942 1301 4019 cum
1332 3942 1405 3996 non
1431 3918 1526 3994 dica·

302 4036 381 4111 tur,
404 4033 537 4097 ,tamum
559 4038 619 4094 aut
643 4016 705 4095 nm
730 4015 875 4115 nifi.sub
892 4015 990 4093 vine
1023 4018 1150 4109 finem,
1191 4017 1284 4093 hanc
1308 4038 1447 4116 quoque
1473 4014 1527 4090 fe·-

304 4136 389 4194 runt
415 4115 769 4215 interpretationem,
793 4112 891 4223 illos,
925 4114 1019 4191 intra
1036 4117 1168 4215 justum
1191 4114 1436 4214 poenitentiae
1462 4111 1528 4191 sta·

305 4232 381 4291 tum
407 4213 619 4305 absolutum,
651 4214 677 4290 sn
700 4217 825 4290 morbo
855 4214 1016 4290 laborent
1041 4209 1263 4303 difficiliore,
1304 4209 1530 4308 recipiendos

300 4311 385 4389 effe.
416 4380 420 4388 .
442 4386 445 4411 ς
472 4337 519 4389 uo
535 4306 823 4411 admillojseulu,
838 4312 948 4411 verba
958 4310 1114 4415 praecise
1123 4332 1195 4409 non
1204 4309 1406 4398 declarant,
1425 4330 1531 4419 quae·

296 4406 418 4523 pani
495 4392 798 4515 inductorium
814 4404 1085 4591 ingenitorum
1108 4404 1170 4497 tet
1198 4394 1291 4508 'quid
1313 4399 1530 4578 cumtspfill

305 4524 360 4557 ‘'··
882 4526 992 4591 tata
1014 4526 1040 4602 4
1417 4524 1535 4599 aran,
