3609 5500
699 887 702 892 ’
823 886 930 968 Serus.
951 891 1007 966 ΙΙ.
1108 893 1120 956 ’.
1351 898 1355 909 “
1452 895 1526 985 541,

299 1064 573 1160 confirmandas,
598 1088 644 1143 ne
670 1064 765 1142 idem
790 1066 872 1164 ipsis
898 1067 1121 1166 aca‘lophiae
1144 1069 1395 1168 contingeret,
1418 1068 1521 1146 etde

299 1166 413 1243 Patris
440 1165 705 1262 inperceptibili
734 1184 855 1238 natura
872 1166 1153 1254 convincendas3
1185 1169 1344 1260 Spiritum
1368 1166 1403 1240 S.
1430 1190 1521 1241 vero

300 1284 343 1338 ut
367 1284 492 1334 aeonas
515 1261 558 1334 ad
584 1261 773 1359 gratiarum
800 1262 977 1334 altionem
1001 1261 1188 1350 incitaret,
1222 1262 1333 1358 iisque
1362 1263 1520 1356 quietern

301 1360 422 1444 daret,
448 1356 584 1453 quando
607 1360 650 1430 ab
678 1358 838 1430 omnibus
861 1358 1029 1431 aeonibus
1052 1359 1261 1432 laetantibus
1288 1356 1394 1451 Jefias
1411 1356 1519 1433 salva·

302 1473 361 1529 tor
387 1451 439 1525 est
467 1454 630 1548 prolatus.
682 1454 782 1552 Quae
812 1455 952 1550 quidem
979 1454 1177 1534 obscuriora
1211 1455 1309 1544 sunt,
1352 1476 1453 1547 quam
1482 1470 1522 1530 ut

206 1605 215 1618 ,
303 1571 487 1645 exponere
511 1550 665 1638 valeam,
706 1550 765 1623 sed
799 1548 881 1622 illud
907 1551 1076 1645 adparere
1106 1548 1269 1641 videtur,
1299 1546 1521 1645 spiritumet

297 1654 445 1719 unimam
474 1642 600 1736 Christi
626 1666 692 1740 per
719 1669 760 1719 ea
797 1645 992 1743 aenigmata
1030 1645 1200 1744 intelligi,
1243 1671 1346 1743 quam
1369 1643 1523 1720 animam

302 1740 452 1817 Menae
477 1738 690 1814 Calibalistae
711 1766 854 1838 ¹quoque
881 1743 1089 1816 censuerunt
1115 1768 1194 1816 cum
1216 1763 1363 1816 aeterno
1370 1739 1522 1838 sermone

303 1836 534 1935 personaliter
560 1836 629 1910 elie
659 1840 814 1928 unitam,
840 1837 935 1912 simul
959 1839 1190 1913 oeconomiae
1208 1838 1368 1929 coelestis
1392 1841 1518 1935 guber·

302 1931 475 2007 natricem
497 1953 540 2004 ac
564 1930 880 2022 conservatricem,
939 1958 1002 2007 uae
1030 1934 1160 2008 animat
1186 1955 1225 2008 et
1250 1935 1411 2009 vivificat
1438 1957 1523 2029 coe·

300 2026 420 2116 leslia,
443 2025 492 2099 ita
515 2044 554 2098 ut
580 2050 660 2101 cum
679 2028 828 2125 sermone
852 2030 894 2103 srt
920 2031 1115 2105 inmediate
1138 2031 1258 2119 unita,
1287 2052 1341 2105 et.
1358 2030 1521 2127 spiritum

325 2145 439 2220 unque
463 2121 654 2199 contineat.
696 2125 876 2201 Videntur
894 2144 1075 2222 praeterea
1092 2152 1158 2225 per
1179 2126 1335 2224 Christum
1363 2146 1393 2200 er
1404 2125 1525 2224 Jesurrr

295 2147 457 2294 iiiversas
472 2216 601 2290 Christi
629 2240 765 2315 partes,
781 2221 937 2316 spirirum
960 2238 992 2294 et
1015 2227 1182 2314 anianum,
1208 2222 1439 2299 intellexisse:
1468 2220 1523 2300 uti

303 2338 353 2390 ex
376 2313 559 2387 Theodoti
583 2317 906 2414 excerptis'colligi
933 2318 1062 2413 potest.
1114 2319 1292 2395 Proferam
1321 2320 1522 2395 summatim

303 2433 393 2509 quae
411 2408 461 2482 ibi
486 2408 678 2486 traduntur.
728 2410 833 2506 Jesus
858 2414 1005 2487 salvator
1029 2413 1080 2487 ibi
1106 2414 1237 2487 dicitur
1270 2414 1301 2511 ς.
1328 2439 1384 2507 23.
1410 2416 1535 2509 plenus.

302 2529 456 2592 nemum,
481 2519 635 2598 tanquam
662 2513 705 2580 ab
730 2507 887 2601 univerfis
909 2510 1109 2609 progreffiis,
1143 2530 1180 2583 et
1202 2508 1233 2607 h
1262 2531 1319 2583 21.
1343 2509 1526 2603 beneplaci-

302 2620 374 2676 utnr
397 2599 639 2692 universtraris,
673 2601 780 2677 etiam
805 2603 836 2700 s
862 2628 921 2698 47.
955 2608 1132 2680 catholicus
1159 2609 1360 2701 derniurgus,
1390 2606 1526 2702 primus

302 2717 344 2775 et
368 2696 572 2773 universalis
598 2698 720 2773 mundi
747 2700 893 2798 opifex3
926 2725 991 2798 per
1016 2703 1113 2798 cujus
1140 2701 1373 2779 directionem
1396 2726 1433 2780 et
1457 2727 1524 2801 po*

302 2792 475 2884 tentiam,
502 2814 540 2868 ut
556 2794 608 2867 est
622 2793 653 2892 h.
678 2817 737 2886 45.
752 2851 763 2885 ,
790 2796 911 2869 omnia
925 2798 1001 2894 egit
1018 2800 1204 2893 detniurgus
1220 2799 1411 2890 secundus,
1436 2824 1524 2896 pro·

298 2890 518 3005 priemundi
535 2891 809 2981 creatordidlus,
849 2890 931 2982 sed,
966 2918 1068 2991 quam
1095 2896 1266 2968 virtutem
1300 2897 1521 3061 superiorem

301 3007 484 3086 ignorans,
519 2985 581 3059 sibi
600 2987 755 3081 ,gloriam
780 2986 970 3062 creationis
996 2988 1210 3076 vindicavit,
1253 3006 1336 3061 ute
1403 2990 1436 3086 i.
1460 3011 1551 3079 49,

287 3084 442 3184 servator
467 3105 555 3156 vero
580 3080 665 3155 huic
702 3083 803 3180 operi
834 3081 965 3156 infudit
1010 3084 1128 3155 semen
1164 3081 1365 3178 spirituale,
1409 3102 1445 3155 et
1478 3083 1523 3157 ad

303 3180 451 3280 gloriam
484 3199 635 3252 aeonum
666 3176 750 3252 illud
784 3177 940 3276 aptavit,
982 3177 1055 3253 vid.
1088 3176 1119 3346 p.
1153 3200 1215 3268 45.
1247 3196 1284 3251 et
1320 3178 1525 3254 Heracleon

303 3274 395 3379 apud
418 3275 534 3349 Grabe
560 3271 669 3366 spicil.
694 3276 716 3349 l.
743 3299 774 3350 c.
823 3278 911 3348 Cum
935 3274 1007 3348 hoc
1043 3276 1125 3372 Jeu
1150 3273 1279 3347 orelam
1307 3272 1412 3348 habet
1437 3298 1524 3353 con·

297 3369 517 3447 suetudinem
545 3366 708 3462 Christus,
747 3370 778 3468 s.
802 3395 886 3459 4r.,
924 3370 983 3466 qui
1008 3389 1043 3444 et
1068 3368 1138 3444 ima
1165 3395 1187 3445 0
1214 3368 1402 3446 servatoris
1434 3372 1520 3459 dici·

300 3487 358 3545 tur
380 3465 413 3565 h.
438 3490 498 3558 59.
524 3463 652 3560 ψυχικός
682 3470 837 3540 animalis
871 3464 1045 3557 Christus,
1085 3491 1108 3541 a
1134 3395 1320 3564 demiurgo
1351 3467 1525 3562 secundo,

301 3566 364 3640 vel
389 3563 579 3654 inferiore,
605 3563 779 3657 prolatus,
806 3564 841 3636 in
852 3565 943 3660 filii,
969 3565 1029 3638 seu
1047 3562 1130 3659 Jesu
1155 3564 1221 3637 filii
1247 3563 1437 3655 sermonis,
1463 3582 1524 3642 cu'·

299 3660 366 3756 ⁸jus
395 3658 560 3732 sermonis
583 3657 702 3751 imago
727 3658 778 3732 est
810 3660 1010 3756 demiurgus
1039 3659 1134 3754 ipse,
1178 3660 1369 3755 imaginem
1405 3662 1437 3758 h.
1461 3684 1525 3756 47.

307 3753 541 3856 qni'animalis
555 3754 730 3841 Christus,
749 3780 768 3829 a
785 3756 982 3851 Demiurgo
999 3756 1172 3852 prolator,
1197 3755 1329 3828 virtute
1346 3754 1524 3849 Sophiae,

304 3874 416 3949 quare
437 3873 481 3926 ex
507 3850 811 3945 contemplatione
845 3851 1000 3947 Sophiae
1025 3842 1222 3946 processisse
1259 3849 1371 3925 fertur
1394 3849 1426 3948 h.
1453 3870 1525 3947 32,

303 3949 343 4024 in
368 3946 525 4044 pleroma
549 3946 726 4035 evolavit,
751 3947 810 4020 ubi
835 3968 1000 4041 receptus
1030 3943 1104 4034 est,
1131 3963 1168 4016 et
1196 3943 1455 4044 primogenitus
1470 3972 1526 4033 re,-

294 4067 378 4121 rum
395 4041 604 4130 inferiorum
625 4042 833 4117 constitutus
847 4040 879 4139 s.
909 4066 952 4139 33
978 4058 1015 4114 et
1040 4065 1119 4137 ga,
1145 4039 1182 4115 in
1199 4065 1268 4152 quo
1284 4065 1406 4124 omnes
1421 4045 1526 4124 elesii

297 4138 543 4236 comprehensi
576 4162 655 4212 cnm
681 4136 760 4233 ipso
785 4141 945 4236 pleroma
960 4137 1102 4213 intrasse
1120 4137 1381 4228 existimantur,
1407 4138 1438 4249 §-
1459 4142 1526 4231 ζμ,

324 4261 409 4310 uate
440 4234 583 4332 Christus
611 4253 863 4332 caputeorum
899 4235 1112 4330 adpellatur,
1144 4235 1204 4330 qui
1231 4236 1386 4331 pleroma
1411 4259 1529 4327 ingre.

284 4357 290 4369 ·
330 4330 843 4432 'untur,etJesusl1umeri,
883 4332 965 4425 quia
992 4329 1150 4409 Christus
1176 4329 1367 4428 cuquesu
1392 4329 1528 4429 unitus,

840 4430 1012 4543 ,Yrva
1452 4429 1531 4564 flu
