3609 5500
805 954 912 1039 Secti.
938 957 1013 1037 ΠΙ.
1111 985 1113 987 ·
1453 966 1527 1057 625

253 1142 257 1147 “
285 1151 355 1238 per
392 1135 484 1233 ἀρχὴν
510 1132 677 1235 intelligit
701 1140 816 1227 temno
835 1138 1045 1236 potestatem:
1078 1154 1183 1228 quum
1208 1134 1403 1236 subjungit,
1436 1137 1527 1214 nin:

258 1269 261 1273 ¹
285 1251 350 1306 um
381 1238 451 1305 esse
480 1234 634 1305 omnium
667 1256 783 1308 rerum
817 1256 1011 1307 creatarum
1036 1234 1146 1325 ἀρχὴν,
1172 1254 1340 1329 quatenus
1372 1258 1434 1329 per
1459 1237 1519 1333 Ip-

288 1326 364 1412 sum
391 1350 497 1401 omne
524 1334 734 1423 δημικῃεῑιαι
765 1334 956 1403 ordinatur:
986 1328 1117 1400 dicitur
1147 1351 1256 1427 porro
1288 1316 1408 1425 ἧόρχιῖ
1425 1335 1518 1425 prin·

289 1425 407 1521 ‘cipiunt
425 1423 511 1519 petri
530 1429 577 1509 miv
604 1434 681 1500 tutat
706 1433 834 1524 citamur
850 1433 942 1521 ὁρχην
967 1424 1012 1497 riv
1031 1452 1149 1517 πτερω
1169 1422 1239 1521 posi
1251 1432 1414 1519 proprium
1428 1429 1518 1520 prin·
1555 1461 1558 1472 ¹

286 1525 358 1610 tipo
400 1542 513 1593 carens
544 1526 735 1617 principium
760 1528 907 1597 Patrem.
957 1522 1012 1594 Ex
1034 1520 1137 1594 dietis
1164 1542 1302 1617 quoque
1329 1520 1516 1610 elucescit',

287 1613 477 1689 Methodii
503 1615 702 1692 doeirinam
735 1619 772 1692 in
807 1618 969 1693 omnibus
1001 1616 1077 1711 ejus
1111 1617 1226 1703 libus,
1268 1616 1327 1711 qui
1359 1614 1516 1706 exstant,

241 1740 244 1747 ·
286 1710 502 1800 cohaerere,
529 1714 688 1811 adeoque
712 1717 889 1789 conuiuium
915 1713 989 1809 ejus
1004 1710 1173 1785 inmerito
1190 1709 1325 1784 censeri
1343 1737 1363 1785 a
1380 1710 1516 1787 Photio

287 1803 541 1973 intergolatum
567 1810 609 1881 ab
638 1809 801 1900 Arianis,
837 1808 959 1906 utique
983 1808 1082 1903 quale
1109 1830 1203 1881 nunc
1228 1804 1390 1903 superest.
1504 1856 1508 1867 .

335 1896 367 1995 ᾗ.
428 1901 512 1974 XV.
546 1905 737 1999 Supersunt
761 1906 925 2003 Symbola
953 1902 1059 1991 fidei,
1101 1900 1300 1997 exquibus
1336 1901 1515 1978 Ecclesne

287 1994 377 2069 fider
396 1995 524 2079 retiius
543 1998 774 2093 dijudicatur,
801 2024 947 2098 quorum
965 1998 1065 2091 supra
1081 1997 1239 2070 memini.
1276 2000 1318 2069 ln
1336 1998 1512 2072 Hieroso·

286 2090 460 2187 iymitano
482 2092 586 2164 Pater
609 2093 800 2189 adpellatur
832 2096 930 2168 Deus
961 2094 1164 2190 παντοκρίπωρ
1195 2097 1388 2187 otnnipottns
1412 2095 1517 2168 omni·

286 2210 342 2259 unt
369 2202 514 2274 creator,
556 2187 665 2260 Filius
691 2190 825 2264 dicitur
848 2200 879 2262 ίκ
900 2188 937 2265 ri
961 2191 1072 2286 πατρὸς
1094 2216 1136 2264 ex
1160 2191 1261 2263 Patre
1286 2188 1514 2289 (simplicitet¹

287 2300 328 2355 et
353 2301 425 2354 11011
447 2292 479 2355 ir
500 2279 551 2365 vit
573 2283 658 2361 a'rtoic
680 2309 721 2357 ex
739 2283 871 2382 effentio
887 2285 1016 2385 Patris)
1043 2304 1141 2359 notus
1158 2302 1236 2360 oute
1260 2289 1366 2360 omnia
1375 2286 1512 2382 seculo,

287 2378 361 2457 aaa
382 2378 525 2459 ἀληθινὰ
547 2381 639 2454 Deus
663 2403 779 2472 verus,
808 2403 867 2479 per
891 2407 981 2477 quem
1010 2386 1116 2455 omnia
1132 2379 1233 2468 satia
1245 2380 1349 2473 sunt,
1366 2381 1514 2479 spiritus

289 2492 379 2549 veto
405 2472 542 2570 santius
568 2475 772 2572 simpliciter
802 2496 949 2552 vocatur
969 2478 1180 2573 paracletus,
1214 2478 1269 2569 qui
1300 2495 1358 2570 per
1382 2477 1514 2573 prophe·

285 2585 343 2645 tas
366 2573 490 2644 locutus
513 2567 573 2739 gi.
621 2574 663 2645 In
690 2573 858 2668 Symbolo
885 2572 1151 2662 Alexandrino,
1191 2573 1233 2643 ab
1260 2571 1350 2645 Ario
1375 2573 1410 2646 in
1437 2595 1512 2646 me-

284 2665 382 2739 dium
396 2666 509 2763 produ
549 2691 590 2759 o,
623 2685 757 2740 tantum
778 2667 952 2758 habetur,
982 2669 1100 2741 Filium
1124 2692 1166 2740 ea
1190 2668 1292 2740 Patre
1316 2685 1394 2740 ante
1410 2664 1510 2759 secu·

286 2762 321 2835 ia
353 2757 466 2835 notum
496 2762 566 2836 effe
591 2763 638 2836 τδν
659 2762 750 2858 ao‘yov
764 2760 967 2858 sermonem
1001 2765 1093 2839 nulla
1117 2786 1254 2861 quoque
1279 2768 1361 2844 aar&
1384 2764 1513 2859 effanti-
1633 2766 1638 2775 '

286 2880 331 2933 oe
351 2856 442 2951 faita
458 2858 653 2933 mentione.
685 2862 728 2932 ln
753 2857 961 2934 Caesariensi
985 2857 1143 2957 symbolo
1167 2860 1270 2931 Filius
1294 2862 1423 2936 dicitur
1440 2855 1513 2933 Dt-

287 2977 329 3029 τις
355 2975 397 3024 ea·
423 2952 512 3042 Deo,
536 2955 640 3028 lumen
665 2980 706 3028 en·
734 2956 873 3043 lumine,
897 2952 969 3028 vita
992 2981 1032 3030 ex
1057 2959 1128 3029 rita
1153 2970 1214 3028 etc.
1239 2971 1315 3028 ante
1339 2953 1513 3049 ornnioses

288 3050 366 3126 culo
390 3057 422 3120 ix
447 3060 483 3124 ri
505 3055 565 3127 aa
586 3047 697 3146 πατςὸσ
729 3074 769 3124 ex
789 3051 861 3124 Deo
886 3051 987 3121 Patre
1013 3066 1130 3122 notus:
1168 3049 1212 3120 de
1234 3048 1368 3143 Spiritu
1393 3051 1427 3120 S.
1456 3048 1511 3120 di·

287 3143 382 3225 citur
418 3151 574 3221 credimus
610 3152 643 3219 in
682 3167 779 3218 unum
804 3147 958 3240 Spiritum
992 3145 1028 3216 S.
1077 3143 1242 3237 Denique
1282 3142 1318 3215 in
1352 3143 1512 3242 symbolo

290 3241 461 3315 Romano
485 3242 631 3338 antiquo
659 3240 863 3337 fimpliciter
897 3238 1028 3313 dicitur
1055 3239 1151 3310 Credo
1183 3243 1217 3310 in
1242 3236 1349 3311 Deum
1373 3241 1511 3314 Patrem

289 3339 561 3428 omnipotentem,
587 3358 618 3412 et
641 3343 674 3409 in
703 3335 857 3430 Christum
874 3333 924 3428 Je
941 3357 1014 3424 um,
1050 3333 1169 3406 Filium
1187 3335 1260 3429 rjus
1285 3339 1508 3431 unigenitum,

286 3431 463 3507 Dominum
486 3433 623 3530 nostrum
660 3450 728 3506 etc.
754 3451 786 3506 et
830 3436 865 3504 in
912 3433 1015 3525 piritu
1047 3430 1173 3503 Sentio.
1207 3447 1296 3506 etc.’
1327 3433 1387 3506 Sic
1410 3453 1448 3505 et
1471 3435 1512 3510 in

288 3529 458 3628 symbolo
481 3527 705 3626 Aquilejensr.
757 3526 879 3602 Restat
901 3527 1112 3639 symbolum,
1139 3523 1230 3622 quod
1249 3528 1396 3604 Luciani
1420 3553 1511 3605 mar-

288 3643 305 3698 t
333 3625 399 3719 ris,
434 3624 472 3698 in
497 3623 744 3721 persecutione
768 3624 1012 3698 Diocletianea
1038 3622 1220 3712 coronati,
1251 3648 1382 3699 nomen
1434 3647 1510 3698 rae-

290 3651 361 3792 [itt
381 3719 473 3817 apud
501 3720 665 3794 Athanas.
690 3722 800 3817 Oper.
834 3738 859 3794 t.
885 3720 913 3794 1.
940 3744 973 3815 p.
1000 3729 1081 3808 892.
1107 3737 1143 3790 et
1170 3719 1303 3793 Socrat.
1329 3720 1379 3791 H.
1405 3650 1506 3792 in:

294 3835 351 3889 ιο.
387 3817 610 3892 Protulerunt
661 3814 772 3888 uidem
800 3814 881 3887 illud
917 3813 955 3886 in
981 3814 1054 3906 syn.
1078 3810 1240 3884 Nicaena
1270 3809 1414 3901 Ariani,
1447 3812 1506 3886 sed

288 3908 351 3985 sub
383 3909 531 3986 Luciani
565 3931 729 3997 nomme,
771 3926 809 3980 ut
843 3907 950 3980 tradit
982 3909 1168 3979 sozomen.
1203 3903 1222 3974 l.
1261 3907 1326 3979 111:
1352 3927 1388 3996 5.
1439 3908 1507 3982 eui

251 4058 254 4063 -
287 4006 399 4082 etiam
425 4008 565 4080 videtur
599 4003 867 4085 vindicandum:
909 4002 955 4074 de
993 4021 1062 4097 quo
1091 3998 1165 4074 vid.
1189 4000 1301 4074 Bullus
1322 4001 1344 4075 1.
1369 4024 1400 4076 c.
1426 4026 1505 4098 cap.

291 4124 350 4198 13.
384 4122 421 4177 et
447 4098 643 4178 schelstrat.
670 4099 756 4174 Diff.
790 4099 856 4172 ΙΙΙ.
905 4098 990 4171 Hoc
1015 4114 1128 4169 autem
1156 4093 1193 4168 in
1219 4094 1375 4194 symbolo
1401 4099 1505 4171 Pater

288 4199 429 4296 quidem
455 4194 671 4291 uniuersorum
697 4196 897 4289 Demiurgus
921 4209 953 4266 et
966 4189 1081 4283 satior
1096 4191 1248 4282 dicitur,
1274 4193 1394 4265 sedet
1420 4193 1506 4266 Fili·

289 4318 331 4370 ur
355 4310 431 4370 ante
444 4294 559 4388 secula
587 4307 683 4365 notus
709 4317 749 4364 eo·
776 4293 902 4376 Patrn-
925 4287 1125 4386 (mentione
1148 4294 1230 4366 a'n‘ac
1251 4286 1402 4381 ffatim
1443 4312 1504 4362 uo·

253 4442 256 4446 ·
288 4413 359 4493 que
377 4382 628 4487 praetermiffa)
655 4387 747 4473 Deus
773 4411 814 4464 tu
832 4386 925 4469 Deo,
964 4399 1053 4458 totus
1081 4407 1123 4460 tx
1145 4399 1230 4475 toto,
1245 4383 1330 4479 solus
1354 4310 1523 4490 coion„

294 4513 303 4525 ·
341 4483 430 4562 Toto.
451 4483 525 4564 tn.
574 4580 579 4587 ,
665 4500 672 4507 ·
839 4474 968 4559 Kkkk
1344 4480 1506 4581 perseius
