3609 5500
768 900 901 1039 secui,
921 903 1023 983 ill:r
1428 913 1509 1011 ⁶4!

288 1110 382 1169 roam
416 1086 488 1164 Dei
520 1082 806 1166 communionem
840 1086 1012 1162 ln·coelo
1049 1083 1202 1165 admitti.
1262 1087 1347 1191 Quo
1380 1078 1519 1167 eodeni

288 1189 389 1263 sensu
414 1185 506 1259 dixit
534 1203 637 1259 autor
667 1188 708 1256 de
737 1186 832 1256 loude
867 1186 1037 1277 martyrii,
1077 1184 1138 1260 fin.
1156 1183 1194 1279 fi
1215 1186 1376 1260 nolueritis
1410 1186 1514 1284 nostri
1611 1207 1626 1236 ·

289 1306 440 1357 memores
465 1281 545 1378 effe,
578 1305 647 1354 cnm
675 1283 708 1350 in
734 1284 823 1354 mois
844 1279 1002 1352 Dominus
1033 1286 1226 1377 martyrium
1252 1288 1389 1377 coeperit
1414 1287 1509 1357 hono·

286 1404 373 1456 core.
422 1381 586 1451 Ceterum
616 1375 660 1448 de
688 1373 889 1449 Theodosra
918 1374 1079 1472 virgine,
1109 1379 1150 1450 ad
1173 1376 1313 1451 uinslos
1337 1381 1509 1452 acceden-

288 1497 347 1565 te,
372 1491 411 1546 ut
438 1497 499 1546 eos
523 1487 681 1567 rogaret,
708 1489 764 1559 ut,
790 1493 870 1545 curn
887 1472 937 1544 ‘ad
955 1472 1072 1545 Deum
1087 1472 1338 1569 pervenerint,
1363 1473 1413 1545 sui
1431 1496 1508 1545 me·

290 1592 406 1649 mores
423 1569 553 1656 essent,
577 1564 688 1637 refert
712 1566 791 1641 Eus.
817 1566 863 1640 de
879 1569 1032 1657 Mortui.
1057 1568 1197 1643 Palaest.
1221 1590 1251 1643 c.
1280 1591 1314 1663 7.
1344 1570 1405 1641 Sic
1422 1591 1507 1645 cum

288 1662 482 1744 fructuoso
500 1682 573 1735 erat
598 1662 794 1735 fraternitas
815 1661 1067 1759 refrigerantes
1090 1684 1129 1737 et
1150 1684 1335 1762 rogantes,
1361 1684 1400 1736 ut
1426 1664 1506 1739 illoe

288 1762 327 1856 iu
353 1778 472 1832 mente
499 1759 655 1831 haberet.
705 1757 804 1831 Felix
827 1759 968 1855 quoque
992 1780 1072 1833 euni
1097 1760 1258 1855 rogavit,
1300 1775 1337 1833 ut
1353 1759 1414 1855 sui
1439 1785 1508 1835 me·
1548 1796 1551 1801 ·

288 1882 356 1934 mor
373 1853 470 1951 effer:
495 1852 675 1948 respondit
692 1850 917 1944 Fructuosus,
942 1858 975 1925 in
992 1870 1095 1927 mente
1119 1878 1168 1925 me
1183 1857 1298 1929 babere
1322 1880 1399 1930 nece
1425 1856 1507 1953 cesi

288 1949 472 2045 Ecclofioen
497 1950 690 2020 Cotlolicom
715 1951 759 2020 ab
783 1950 919 2021 Oriente
942 1948 1036 2045 usqne
1069 1954 1103 2021 in
1129 1953 1306 2024 Occidente
1336 1955 1369 2023 di
1400 1953 1505 2049 usam.

287 2050 474 2144 Denique,
501 2043 646 2117 sanstus
664 2062 723 2137 pro
740 2046 821 2117 uinis
844 2068 936 2118 orare
951 2068 1022 2119 non
1049 2046 1119 2119 else
1135 2046 1387 2143 incongruum,
1410 2051 1506 2126 dixit

288 2166 430 2244 quoque
463 2140 609 2239 origen.
643 2140 685 2213 ad
716 2142 816 2214 Cant.
849 2142 1065 2232 Salomonis,
1106 2142 1215 2239 Oper.
1251 2162 1338 2218 tom.
1373 2144 1438 2221 Ill.
1462 2172 1510 2246 pe,

288 2262 367 2437 κζ.
390 2335 503 2411 XLII.
529 2331 712 2423 Alterum,
737 2330 853 2427 quod,
877 2331 942 2407 etsi
965 2331 1078 2408 adhuc
1100 2331 1291 2409 innocuum
1303 2283 1318 2425 ,Ι
1340 2337 1507 2416 viam-acl
1576 2289 1578 2291 v

289 2456 414 2533 preces
431 2434 475 2504 od
497 2426 661 2523 offensior
678 2427 833 2517 stravit‚¹
847 2427 1072 2526 suppeditant
1088 2436 1395 2505 commemorationes
1414 2447 1507 2526 mar-j

287 2550 406 2701 prum
430 2522 698 2615 anniversariae:
730 2545 872 2620 quarum
896 2524 1063 2599 notitiam
1088 2523 1235 2620 aliquarn
1268 2526 1335 2602 sec.
1359 2545 1510 2624 praeces.

315 2644 398 2699 ente
429 2621 521 2697 dedi.
576 2620 689 2694 Nunc
721 2616 932 2692 testimoniis
965 2621 1067 2712 hujus
1105 2619 1174 2695 sec.
1207 2640 1505 2705 contentusero.

289 2719 486 2820 Cyprianus
508 2737 564 2814 ep.
591 2738 647 2826 34.
674 2715 718 2788 de
745 2714 908 2788 Celerino
933 2715 1086 2789 Leslore
1120 2715 1300 2793 ordinato:
1323 2713 1507 2816 sacrificia

282 2835 343 2917 pro
372 2819 436 2905 iis,
461 2830 548 2886 mart
576 2813 687 2901 ribus,
704 2809 855 2978 joppen,
876 2827 914 2884 nc
937 2809 1144 2910 meministis,
1168 2811 1353 2909 offerimus,
1380 2822 1507 2913 quone

284 2920 467 3010 martyrum
494 2836 654 3007 pusiones
685 2922 718 2978 n
771 2909 817 2980 ies
848 2906 1074 3004 anniuersario
1100 2911 1393 2983 'commemoratione
1421 2914 1508 2987 cele-³

286 3012 432 3089 bromus.
478 3004 545 3102 Ep.
564 3027 630 3173 (gy.
654 3002 698 3078 ad
717 3003 854 3075 Clerum
874 3001 1000 3099 jubet,¹
1018 3016 1055 3075 nc
1078 3003 1286 3094 dioscorum,
1311 3010 1425 3101 quibus
1441 3009 1508 3082 end·

289 3108 433 3184 cederent
458 3101 561 3178 conse
591 3121 668 3174 ores
682 3097 718 3170 in
743 3118 903 3188 carcere,
930 3100 1140 3188 odoacarem,
1176 3115 1213 3171 nc
1230 3107 1504 3178 commemoratio-T

287 3210 345 3277 'urs
360 3224 488 3290 corum,
509 3201 594 3271 inter
617 3194 785 3268 memorios
806 3209 1006 3291 nmmum,
1031 3194 1275 3284 celebrentur3
1300 3197 1396 3292 quod
1413 3207 1506 3276 more

287 3294 444 3386 (licitur,
482 3295 639 3367 celebrari
663 3291 839 3363 oblaciones
872 3305 905 3364 et
917 3288 1096 3460 somiplcia
1128 3293 1166 3365 ob
1192 3295 1505 3371 commemorationes¹

287 3415 406 3468 eorum.
457 3389 513 3465 Ex
537 3389 659 3486 quibus
683 3383 771 3460 locis
802 3409 833 3460 ra
871 3384 954 3461 illud
982 3384 1199 3460 cariffimum
1225 3385 1295 3478 est,
1329 3410 1507 3489 martyreo

288 3488 356 3564 iuis
382 3487 420 3561 in
446 3481 709 3561 solennitatibus
734 3501 807 3555 non
827 3477 930 3558 fuisse
955 3481 1139 3573 adoratos,
1163 3499 1223 3556 aut
1243 3482 1431 3561 invocatos
1445 3506 1507 3562 red

287 3584 435 3684 ligiose,
459 3607 527 3657 nec
550 3581 658 3656 etiarn
681 3577 849 3652 sacrificia
872 3576 918 3654 iis
945 3579 1077 3654 oblata:
1105 3595 1203 3652 erant
1228 3580 1318 3654 enlm
1345 3598 1509 3658 conrnre·¹

287 3681 505 3774 murationes
537 3694 672 3751 tanturn
705 3693 918 3772 martyrum,
963 3695 1004 3748 et
1023 3674 1190 3749 sacrificia
1212 3694 1271 3770 pro
1293 3673 1389 3771 t'pjss,¹
1429 3689 1505 3756 non

287 3782 380 3853 'vero
403 3771 505 3866 ipsis,
526 3771 567 3842 ad
585 3795 646 3846 eos
669 3767 835 3844 colendos
861 3793 892 3843 2.
921 3769 1145 3843 solennitates
1163 3790 1283 3842 eorum
1311 3774 1445 3846 dierum
1461 3773 1505 3848 ire

287 3864 583 3963 [celebrationibus
602 3881 813 3961 martyrum,
838 3863 1070 3956 etprecibus,
1098 3863 1383 3939 aceucharistiae
1409 3869 1503 3940 cele·

287 3964 470 4052 iuratione,
503 3959 694 4059 praecipue
722 3954 799 4031 litas
823 3953 947 4032 fuiss'e:
989 3960 1086 4054 prius
1110 3958 1206 4031 eninr
1232 3959 1345 4055 ipsum
1367 3985 1505 4036 comme·

247 4110 249 4115 ·
289 4063 478 4138 nrorotionis
507 4079 637 4131 nomen
664 4052 816 4143 indicat,
842 4066 878 4126 et
898 4051 1073 4150 posterius
1096 4078 1140 4128 ex
1158 4053 1324 4152 sacrificii
1348 4081 1389 4131 ac
1413 4061 1506 4134 oble·

287 4163 388 4247 n'onr‘r
412 4179 504 4230 voce
529 4150 731 4248 colligitur,
760 4148 891 4248 quippe
917 4173 1005 4245 quae
1027 4170 1065 4225 et
1086 4173 1232 4246 preces,
1266 4172 1303 4227 et
1328 4152 1505 4230 eucharin:

290 4254 373 4329 tiam
394 4253 562 4326 denotat:
587 4268 654 4322 nec
678 4264 794 4321 tamen
817 4243 1046 4324 eucharistiae
1071 4247 1238 4343 explicita
1253 4247 1326 4322 hoc
1342 4250 1419 4330 ste.
1443 4270 1507 4324 oc·

288 4351 399 4429 currit
422 4348 571 4425 mentio.
624 4345 726 4421 Tert.
751 4341 797 4417 de
822 4363 943 4416 coron.
970 4341 1071 4420 milit.
1096 4366 1130 4420 c.
1158 4344 1199 4440 3.'
1216 4344 1399 4418 memorat·
1418 4349 1511 4420 mla&

282 4452 287 4459 ·
793 4440 1020 4516 Mmmmu
1382 4441 1510 4539 tiener.'
