3609 5500
564 788 569 799 .
599 810 602 817 ¹
698 722 878 801 Seruili·
1328 758 1409 833 419

189 898 354 1001 adpehari
372 902 543 998 angelum,
564 900 720 999 gloriam,
744 902 918 992 hominem,
944 904 1038 1003 quod
1059 924 1135 983 eam
1161 912 1404 995 manifestavit

192 1001 363 1089 formam,
388 1000 494 1072 etiam
500 997 699 1093 sennonem:
725 1000 877 1075 absoluta
896 1026 983 1075 vero
1001 1004 1067 1076 hac
1083 1006 1241 1099 afflone,
1261 1014 1400 1091 Patrem

193 1097 280 1169 hanc
305 1099 460 1168 uirtutem
485 1096 526 1167 ad
549 1096 585 1167 se
608 1094 806 1184 retrahere,
842 1097 912 1170 effe
936 1098 1067 1195 quippe
1091 1124 1167 1174 eam
1191 1111 1321 1203 uir-paru
1343 1118 1400 1201 aab

189 1192 323 1288 ὁχᾷιςον
345 1199 385 1264 τῦ
405 1221 535 1285 raquo,
560 1213 631 1265 nec.
651 1192 722 1263 ulio
745 1190 852 1262 modo
875 1216 896 1266 a
920 1196 1020 1266 Patre
1046 1193 1197 1294 disjungi
1224 1228 1266 1277 ac
1288 1206 1401 1287 secer-¹

197 1296 251 1378 ui,
274 1288 493 1375 statuebant,
520 1305 653 1359 etcum
670 1284 774 1357 radiis
796 1286 875 1359 solis
891 1293 1160 1384 comparabant,
1195 1300 1256 1392 qui
1276 1299 1312 1372 in
1331 1320 1403 1373 tet·

193 1406 272 1457 ram
292 1383 405 1457 emissi
414 1382 645 1455 inhaerebant
661 1397 777 1453 tamen
791 1382 884 1470 Soli,
911 1403 948 1455 et
963 1408 982 1457 a
998 1385 1077 1458 Sole
1091 1386 1277 1467 occidente
1290 1413 1399 1471 retra·

192 1479 382 1553 luebantur:
414 1502 434 1551 a
450 1500 517 1572 qua
533 1476 706 1549 sententia
721 1473 807 1571 Juih
832 1477 982 1552 declarat
998 1479 1032 1551 se
1049 1479 1220 1577 alienum,
1252 1507 1290 1562 et
1317 1492 1345 1561 F
1346 1490 1402 1565 ili·

193 1594 252 1649 um
274 1572 425 1647 statuere
451 1574 487 1665 iq]
510 1578 632 1669 ἀριθμῷ
652 1580 742 1666 ἕτερον
767 1594 795 1643 u
827 1597 956 1646 numero
988 1577 1065 1668 quid
1092 1579 1197 1670 aliud,
1237 1583 1399 1675 scilicet,

197 1688 238 1741 nt
258 1671 362 1743 iumtu
384 1671 589 1743 accenditur
614 1673 785 1743 alumine.
837 1669 956 1742 Ovum
979 1668 1102 1765 nequit
1127 1698 1199 1747 ouo
1224 1679 1293 1754 effe
1310 1680 1403 1755 suni·
1510 1759 1512 1763 .

201 1764 283 1852 hur,
304 1784 407 1860 quarn
430 1765 568 1837 illorum
584 1784 622 1836 et
637 1763 885 1861 Athenagorae
909 1764 1105 1839 locutiones
1126 1767 1214 1845 sunt.
1265 1776 1402 1874 Adpel·

195 1858 243 1933 lat
266 1881 404 1955 quoque
431 1859 559 1934 Filium
580 1866 710 1971 Aptp'ru
730 1886 753 1933 a
777 1857 1161 1967 Patren-iideporubiiem.

239 1954 273 2055 ᾗ.
295 1956 451 2031 vafl.
476 1980 509 2051 3.
534 1958 660 2030 Unrtas
677 1954 802 2041 Patris,
825 1957 849 2024 F
851 1955 923 2042 ihr,
942 1974 980 2027 et
999 1956 1149 2051 Spiritus
1166 1962 1200 2034 S.
1216 1964 1398 2058 confiuit,

198 2070 374 2125 eumente
396 2050 664 2146 Athenagorae,
697 2051 736 2124 in
757 2049 908 2145 aarum
927 2049 1133 2144 identitate,
1167 2056 1217 2129 ita
1240 2079 1279 2132 ut
1298 2086 1403 2139 anam

199 2145 410 2222 constituant
434 2147 576 2241 dhupu3
616 2169 703 2242 quae
726 2170 800 2222 vox
821 2145 1042 2242 juostouuiam
1067 2148 1234 2241 denotat,
1267 2154 1327 2230 seu
1352 2158 1406 2231 ess

201 2239 340 2314 sentiam
362 2242 620 2330 subsrstentem,
660 2238 767 2428 miſsi·
795 2263 851 2315 aa.
879 2241 939 2313 ubi
963 2240 1091 2336 Angeli
1120 2243 1287 2321 dicuntur
1306 2262 1407 2349 inpar

198 2336 330 2435 Judpoe
360 2338 448 2409 aliae
479 2338 629 2434 efflandae
648 2336 716 2433 sud
734 2335 881 2433 stantes:
931 2332 1048 2409 censet
1084 2358 1265 2433 praeterea
1291 2364 1404 2429 toturn

200 2431 235 2508 P.
258 2441 296 2510 F.
319 2453 358 2506 et
381 2434 408 2504 S
433 2485 443 2504 .
477 2430 739 2519 diffindionem
770 2431 840 2506 effe
865 2442 892 2506 h
916 2442 950 2515 τῆ
971 2432 1057 2519 τάξει
1087 2439 1120 2507 iu
1143 2440 1249 2511 ordiar
1278 2436 1311 2536 h
1342 2470 1403 2526 10,-

224 2530 290 2608 uod
314 2528 380 2602 vix
428 2529 520 2601 'cere
542 2524 732 2625 potuisset,
769 2524 1074 2602 fisubstantiaiem
1099 2532 1299 2609 credidiffet
1325 2540 1406 2616 sub·

252 2624 395 2699 endam.
446 2622 532 2697 Dici
557 2620 676 2720 potest
698 2621 800 2696 Pater
821 2626 926 2696 ordine
950 2623 1079 2719 major,
1111 2624 1169 2700 sed
1192 2634 1311 2707 ordinis
1335 2636 1405 2712 dis·

200 2716 323 2794 tinfflo
348 2717 413 2792 vix
437 2717 692 2794 substantialem
714 2715 916 2813 exprimere
941 2718 1077 2814 potcst3
1109 2719 1168 2794 sed
1193 2722 1216 2796 st
1241 2748 1310 2800 una
1337 2730 1405 2806 sta·

202 2832 311 2888 tuatur
333 2812 567 2905 subiistentia,
609 2813 684 2908 ejus
706 2813 887 2908 potentiae
919 2812 1015 2886 reete
1041 2814 1255 2906 adpellantur
1288 2829 1405 2906 ordine

202 2907 387 2984 amomo.
438 2911 591 3006 beato
613 2905 737 2990 darius
762 2907 875 2980 autc
898 2905 1035 2982 uonna
1070 2929 1114 2978 ex
1137 2907 1168 3003 t.
1192 2933 1227 2998 9.
1261 2916 1320 2990 ubi
1345 2919 1406 2994 ar·
1550 2887 1559 2896 ’

205 3003 268 3076 lius
287 3004 323 3077 in
344 3006 465 3094 Patre,
491 3026 529 3078 et
544 3007 646 3077 Pater
669 3001 708 3077 in
733 3000 811 3097 ipso
832 3000 903 3076 effe
926 3000 1055 3075 dicitur
1075 3003 1182 3088 iodrum
1206 3016 1259 3082 uui
1280 3012 1408 3109 δυνάμι.

201 3095 360 3192 πώματος
382 3105 508 3173 unitate
535 3116 572 3173 ‘ut
592 3101 738 3194 putentia
758 3098 921 3190 Spiritus,
963 3097 1000 3205 h,
1025 3118 1068 3204 e·
1089 3104 1214 3174 unitate
1241 3117 1406 3199 potentiae

201 3195 352 3292 Spiritus:
388 3194 476 3269 ficut
499 3192 681 3290 potentiae
708 3191 828 3268 insunt
851 3191 1022 3288 spiritur,
1057 3211 1106 3268 tta
1128 3197 1257 3274 Filium
1281 3203 1405 3284 inhae-

201 3313 275 3364 rere
296 3292 413 3379 Patri,
444 3291 535 3364 nulia
556 3289 622 3362 alia
646 3287 768 3362 relicta
794 3287 1041 3376 ustintrione,
1073 3311 1116 3362 ac
1140 3289 1236 3368 inter
1260 3303 1406 3378 adtribu-

199 3403 269 3460 tum
288 3406 321 3463 et
338 3387 544 3485 subjodum,
569 3383 621 3457 ita
645 3385 810 3458 ht=Pater
831 3380 880 3462 vir
902 3388 1081 3480 ermerus
1104 3412 1191 3462 mens
1215 3408 1247 3464 rt
1263 3396 1407 3491 Spiritus

206 3481 267 3569 iit,
285 3503 321 3557 et
345 3479 450 3556 Filius
473 3481 548 3577 ejus
569 3482 662 3575 atyn
683 3483 769 3554 ratio
791 3497 826 3554 tt
841 3480 971 3576 sermo,
1005 3501 1043 3554 ut
1067 3505 1151 3556 mox
1178 3485 1407 3589 subjungitur.

208 3578 279 3649 hoo
306 3603 341 3669 4.
367 3576 495 3650 eodem
526 3577 607 3650 loco
638 3574 670 3673 h.
696 3597 730 3665 9⁴.
758 3574 865 3650 filios
887 3575 1092 3682 adpellatur·
1103 3576 1217 3672 sermo
1244 3586 1409 3664 Patricio

202 3679 270 3748 ruta
289 3705 339 3748 m
362 3681 492 3769 temon
513 3674 548 3744 iu
569 3674 643 3744 idea
666 3686 699 3743 et
721 3666 896 3762 efficacia:
930 3692 1020 3766 quo,
1053 3673 1181 3747 Fthum
1208 3676 1278 3752 eiie
1301 3685 1409 3762 ideam

205 3786 238 3842 er
260 3769 441 3865 ffraciam
464 3767 595 3854 Patris,
620 3764 709 3839 haud
737 3767 882 3838 obscure
908 3765 1104 3840 indicatur:
1136 3792 1205 3844 nec
1227 3774 1312 3850 aliur
1336 3781 1408 3856 effe

203 3863 340 3938 videtur
364 3861 546 3961 progruffirr
575 3861 665 3936 illius
696 3859 797 3934 ideae
820 3879 858 3934 et
883 3860 1079 3950 efficaciae,
1120 3863 1259 3962 dequo
1290 3871 1323 3969 ᾗ.
1351 3898 1408 3954 10.

206 3961 372 4057 loquitur,
407 3984 449 4035 ac
472 3979 591 4030 earum
616 3954 710 4030 adtio
734 3973 772 4028 et
788 3956 1019 4048 exercitium,
1051 3957 1102 4030 ita
1117 3979 1156 4034 ut
1172 3984 1228 4036 res
1254 3965 1349 4039 inter
1372 3967 1410 4044 se

205 4057 359 4130 confusas
380 4057 541 4154 digerat,
565 4070 603 4124 et
627 4051 829 4126 ordinetin
852 4054 945 4143 tua,
969 4073 1007 4126 et
1029 4052 1159 4137 efficiat
1186 4079 1251 4151 per
1273 4060 1346 4132 vim
1363 4085 1412 4140 ex

202 4151 242 4230 te
269 4151 431 4232 cmiiitm.
479 4144 711 4247 Deniquess,
746 4169 827 4320 zum
860 4165 989 4249 negat,
1026 4149 1412 4348 generationemsauyu

185 4293 194 4318 ,
475 4271 491 4280 ·
795 4263 852 4342 gg
876 4264 898 4318 a
1310 4273 1411 4336 eruo·
