3609 5500
693 995 696 1000 ·
813 949 920 1028 secut
947 950 998 1028 Ι.-’
1443 943 1526 1054 291²

285 1153 347 1211 arn
372 1129 762 1230 tyranniceregentia,
788 1152 826 1206 et
850 1129 1111 1230 persequentis,
1136 1128 1173 1205 in
1198 1132 1314 1209 locum
1339 1134 1509 1235 Satanae,

285 1227 348 1331 qui
373 1229 478 1302 idern
497 1229 646 1303 durante
676 1230 817 1328 inperio
849 1233 1015 1303 Romano
1051 1229 1177 1327 gentili
1206 1254 1347 1327 egerat,
1391 1234 1511 1312 succe·

289 1333 426 1413 nentis,
454 1346 497 1400 ac
516 1326 756 1421 judiciium,
781 1351 852 1424 quo
869 1326 979 1399 uariis
1004 1326 1133 1422 plagis,
1164 1328 1200 1398 in
1220 1332 1352 1423 septem
1379 1333 1519 1426 phiolit·
1550 1327 1557 1334 ’

285 1421 459 1522 ᾶφὶέὶὶε,
493 1421 675 1510 consentius
705 1424 846 1497 tandem
881 1421 1126 1496 destrueretur.
1179 1424 1235 1496 De
1261 1424 1385 1520 quibus
1409 1429 1515 1508 adcu-

286 1541 417 1607 ranus,
443 1536 483 1592 et
501 1517 628 1608 fanus,
654 1521 800 1616 exposui
828 1520 864 1592 in
889 1521 1039 1605 Memorio
1057 1521 1259 1613 Propheticu.
1311 1523 1390 1594 Effe
1413 1529 1515 1600 deni·

286 1640 357 1715 que
380 1615 510 1702 librum
534 1615 745 1713 genuinum,
770 1635 807 1688 et
832 1641 851 1689 a
875 1617 1038 1711 Joiranno
1064 1616 1283 1712 profestum,
1311 1639 1416 1690 nemo
1434 1621 1511 1695 Ve-

286 1727 402 1788 terum
431 1708 608 1784 dubitavit
631 1734 712 1785 ante
742 1713 926 1785 nonnullos
950 1712 1122 1800 Criticos,
1147 1716 1257 1807 alogos
1283 1714 1326 1785 ab
1352 1715 1509 1813 Epipha.

287 1811 351 1887 nio
364 1809 465 1882 haer.
491 1830 550 1899 51.
575 1809 786 1905 adpellatos,
811 1830 849 1881 et
863 1806 1041 1882 Dantures
1065 1808 1201 1904 aliquos
1220 1810 1324 1899 alios,
1352 1815 1508 1889 millena·

286 1908 333 2000 rii
356 1902 462 2003 tegni
489 1903 621 1984 Christi
649 1905 686 1977 ia
705 1927 795 1979 terra
812 1923 1093 2003 oppugnatores,
1117 1908 1189 1979 sec.
1215 1908 1278 1979 ΙΙΙ.
1330 1906 1521 1985 Testimo«

288 2002 388 2094 nium
412 1998 540 2097 utique
562 2000 648 2075 huic
671 2003 760 2075 libro
783 2006 1041 2097 praebuerunt,
1084 2019 1244 2099 tanquam
1270 2002 1415 2095 divino,
1448 2029 1511 2081 an·

286 2095 468 2196 aiquiffimi
495 2098 803 2187 omnessec.11.,
845 2097 897 2170 uti
930 2095 1083 2191 Justinus
1106 2099 1289 2196 Martyr.,
1324 2100 1509 2194 irenaeus,

290 2195 451 2274 cremon
473 2191 602 2282 mex„
631 2194 861 2282 Tertullian,
884 2193 965 2265 alii:
993 2192 1045 2266 uti
1073 2193 1109 2266 in
1136 2195 1259 2291 vulgus
1284 2213 1408 2269 notum
1435 2198 1509 2292 est,

293 2309 335 2365 et
356 2313 378 2366 a
397 2287 534 2364 Doffls·
547 2288 678 2362 dudum
707 2292 986 2386 comprobatum.
1040 2289 1109 2361 Sed
1137 2291 1180 2361 de
1197 2291 1417 2385 genuinitate
1435 2294 1516 2390 ejus

294 2385 359 2462 hic
381 2405 449 2466 non
480 2382 533 2458 est
566 2386 664 2460 locus
690 2384 900 2482 disputandi.
949 2386 1163 2479 Euangeliou
1190 2409 1277 2459 vero
1303 2410 1374 2482 quo
1401 2388 1517 2488 scopo

286 2479 558 2580 ,conscripstrit,
582 2481 776 2557 declaratur
799 2505 830 2557 c.
855 2483 935 2555 XX:
965 2503 1022 2576 31.
1049 2480 1104 2556 his
1127 2483 1263 2556 verbis:
1297 2484 1377 2558 haec
1396 2484 1515 2583 scrip.

286 2597 324 2657 tn
340 2577 449 2678 sunt,
483 2593 522 2651 ut
546 2580 708 2668 credaris,
734 2578 854 2674 Jesum
878 2578 938 2673 ff
967 2576 1146 2675 Christum,
1168 2578 1278 2673 filium
1303 2583 1395 2652 iilum
1420 2583 1512 2678 Dei,

286 2676 510 2769 ncrrdentcs
532 2677 635 2748 vitam
659 2677 807 2750 lrabeatis
840 2678 874 2747 ia
909 2677 1031 2751 nomine
1062 2681 1145 2772 ejus.
1199 2673 1265 2748 Cui
1292 2681 1514 2759 convenien-

288 2794 344 2850 ter
367 2773 428 2848 ina
453 2770 564 2869 etegit
597 2771 725 2847 Christi
758 2769 870 2862 uiua,
913 2791 952 2844 et
975 2769 1090 2868 gesta,
1131 2795 1177 2847 ex
1203 2771 1327 2868 quibus
1352 2776 1518 2865 constare·

290 2886 452 2973 poterat,
494 2865 606 2965 ipsum
630 2868 699 2944 effe
726 2868 889 2966 Johanne
920 2864 1068 2964 baptista
1091 2889 1163 2944 non
1188 2885 1325 2942 tantum
1353 2870 1513 2967 superio,-

293 2986 382 3059 πω,
406 2981 534 3040 contra
551 2964 777 3060 Johannitas,
804 2964 863 3038 sed
885 2983 924 3037 et
938 2986 1086 3052 veram,
1111 2986 1154 3036 ac
1179 2967 1359 3060 proprium
1379 2968 1449 3039 Dei
1466 2969 1510 3042 fia

291 3061 393 3153 lium,
417 3078 456 3135 et
472 3061 678 3157 promissum
693 3061 876 3149 Messian,
901 3063 1019 3134 Deum
1041 3060 1159 3146 simul,
1189 3059 1283 3132 fimul
1299 3085 1423 3134 verum
1441 3064 1513 3138 ho«

265 3159 444 3247 minem,
467 3176 593 3235 ¹contra
616 3156 886 3246 Cerinthianos,
917 3153 1071 3250 aliosque
1098 3152 1306 3247 Gnosticos,
1335 3155 1396 3253 qui
1424 3176 1511 3237 tune

294 3272 398 3353 ‚capnt
413 3252 632 3349 incipiebant
656 3253 826 3328 exserere.
879 3249 1083 3339 Veritatem
1108 3249 1280 3323 humanae
1303 3251 1341 3324 in
1368 3248 1512 3331 Christo
1536 3234 1603 3265 ‘⁸'

291 3370 432 3443 naturae
457 3349 570 3447 ipsum
598 3374 667 3448 quo
693 3374 737 3426 ue
761 3350 798 3423 in
821 3347 941 3445 specie
966 3347 1003 3420 in
1030 3344 1142 3420 oculis
1167 3345 1342 3436 habuiffe,
1374 3351 1433 3425 vel
1463 3369 1512 3439 ex

292 3470 334 3524 eo
360 3446 455 3523 inter
478 3445 544 3519 alia
570 3375 757 3535 eluceicst,
800 3445 893 3541 quod
920 3445 1115 3518 sermonem
1149 3465 1234 3516 mox
1267 3466 1343 3540 cap.
1370 3446 1398 3520 1:
1428 3470 1510 3543 14.,

316 3542 401 3620 braii
432 3541 591 3631 adhibita
610 3541 836 3638 emphatica,
861 3538 992 3614 fotium
1017 3539 1086 3614 effe
1114 3562 1245 3614 carnem
1270 3540 1444 3635 declaret,
1471 3558 1511 3622 en

293 3644 426 3737 mnne,
455 3636 890 3735 temporecrucifixionis,
918 3636 1099 3735 expresse,
1125 3653 1287 3731 tauquam
1307 3637 1390 3732 quid
1413 3662 1510 3741 mag·

293 3736 327 3815 ni
347 3733 545 3824 momenti,
574 3734 739 3826 testetur,
759 3732 801 3830 se
825 3731 935 3829 eidffl
960 3735 1047 3806 latus
1073 3732 1147 3828 ejus
1171 3733 1290 3806 lancea
1316 3731 1492 3830 confossum

293 3833 439 3933 indeque
468 3829 638 3906 effluxisse
653 3831 852 3929 sanguinem
878 3849 912 3904 et
937 3853 1075 3925 aquam,
1110 3851 1141 3900 e.
1169 3828 1268 3900 XIX:
1283 3851 1314 3936 ‘3
1319 3851 1354 3916 5.
1402 3778 1513 3933 Quos

291 3932 412 4013 aeiuce
442 3953 457 4001 s
482 3929 519 4005 in
555 3952 572 4000 1
600 3952 657 4026 ep.
684 3930 733 4004 V:
762 3938 794 4001 6.
822 3925 990 4021 repetiit,
1025 3944 1185 4018 tanquam
1213 3925 1293 3996 Filii
1321 3926 1414 4016 Dei,
1449 3930 1511 4027 qui

294 4054 362 4119 coro
379 4052 399 4103 e
449 4022 579 4118 factus,
605 4024 868 4115 testimonium,
889 4020 985 4110 simul
1004 4018 1138 4117 signum
1156 4017 1291 4110 salutis,
1309 4044 1374 4118 per
1389 4035 1512 4113 veram,¹
1640 4022 1645 4034 “

295 4126 360 4223 ejus
380 4140 536 4198 mortem
559 4120 738 4197 addanae.
1504 4156 1506 4160 ·

335 4222 366 4322 ᾗ.
393 4216 627 4312 CCXLVIII.
667 4220 783 4294 Prima
810 4212 985 4310 Epistola,
1011 4209 1101 4287 dina
1118 4209 1317 4303 Catholica,
1346 4231 1516 4309 quatenus

293 4321 332 4393 ad
356 4312 573 4392 Christianos
599 4316 636 4389 in
660 4338 792 4412 genere
806 4311 937 4409 scripta
953 4309 1022 4397 est,
1047 4307 1244 4404 ubicunque
1264 4326 1433 4382 terrarum
1450 4311 1512 4393 de,-

293 4436 430 4515 ὄφιες,
473 4414 638 4511 generale
661 4434 800 4511 quoque
834 4410 943 4581 hgbet
975 4424 1243 4506 argumentum,
1283 4421 1322 4495 et
1348 4405 1516 4507 scapum,

848 4577 851 4583 .
891 4525 960 4603 oa
1403 4510 1520 4606 eoque
1575 4558 1640 4830 ι
