3609 5500
661 906 683 988 ·'
806 918 922 1008 fsecut
948 927 983 1007 L'
1079 913 1093 926 ’

291 1107 325 1180 so
350 1093 468 1181 datum
502 1085 572 1180 elie
605 1101 820 1191 scandalumt
864 1132 909 1184 eo
940 1123 1124 1206 praeterea
1158 1093 1342 1205 lp'eualte,
1381 1128 1422 1184 ut
1446 1101 1512 1187 sibi

291 1204 325 1276 in
344 1201 525 1298 posterum
555 1211 679 1277 caveat
707 1204 863 1278 Ecclefia·
891 1225 912 1278 a
934 1205 1079 1294 cen-sura
1105 1202 1149 1275 in
1172 1208 1384 1316 'hypocritas
1407 1221 1508 1279 exer·

289 1299 418 1385 tenda,
459 1317 522 1372 aut
549 1300 736 1372 sceleratos
769 1302 952 1387 occultos3
991 1323 1071 1389 curn
1101 1293 1183 1371 illud
1216 1303 1288 1371 stne
1312 1299 1509 1398 multiplice

287 1392 511 1483 confusione,
528 1396 819 1480 et-detrimento,
837 1397 915 1467 fieri
934 1418 1006 1468 non
1026 1395 1157 1489 possit·
1174 1395 1264 1482 Sed,
1284 1396 1406 1490 Judam
1417 1405 1508 1468 'coe-

287 1513 347 1561 uae
374 1490 526 1585 paschali
550 1509 608 1562 aut
636 1490 865 1562 eucharistiae
891 1488 1105 1579 interfuisse,
1148 1489 1310 1584 equidem
1344 1514 1416 1562 non
1442 1490 1508 1563 sta·

285 1585 423 1658 tuerim.
473 1587 531 1657 De
567 1608 636 1680 quo
670 1586 709 1657 in
742 1585 801 1658 lib.
836 1582 926 1658 Diffi
953 1587 986 1658 S.
1025 1602 1181 1656 mentem
1207 1583 1313 1656 fustus
1336 1585 1506 1681 explicui.

285 1677 421 1752 Eodem
454 1679 561 1751 etiam
594 1679 711 1778 tendit
742 1678 867 1752 modus
898 1678 1046 1778 agendi,
1082 1701 1185 1776 quem
1218 1678 1395 1776 Johaunes
1419 1683 1510 1789 Bap-

284 1772 382 1865 tista,
409 1793 448 1846 et
465 1772 626 1870 Apostoli
645 1791 853 1863 tenuerunt,
878 1781 940 1860 ut',
967 1797 1035 1864 ue,
1062 1773 1406 1872 eos-minut'rrgidoa
1422 1771 1507 1850 surs-

286 1869 317 1942 se
342 1870 382 1943 in
396 1868 627 1943 admittendis
646 1870 783 1943 civibus
807 1870 1002 1957 Ecclesiae,
1027 1892 1129 1965 quam
1147 1870 1316 1970 deinceps
1337 1867 1506 1962 suerunt,

286 1984 320 2038 et
347 1988 447 2040 nunc
470 1962 549 2037 sunt
577 1965 753 2054 nonnulli,
780 1965 916 2053 diem,
942 1965 1002 2037 suo
1020 1967 1191 2037 docerent
1207 1967 1505 2060 'exemplo'·,·nos·

285 2079 378 2133 trum
407 2083 481 2133 non
508 2059 578 2132 else
602 2059 663 2131 de‘
681 2057 851 2133 interiore
874 2060 1031 2132 hominis
1055 2058 1146 2132 statu·
1165 2059 1343 2155 judicare,
1385 2062 1507 2136 sedin

284 2155 502 2229 eoufessione
525 2178 567 2227 ae
592 2153 764 2244 uiescere,
790 2177 858 2227 nec
882 2155 1053 2252 aliquem,
1082 2154 1146 2226 nist
1164 2153 1420 2228 Christianismi
1448 2178 1505 2231 ca·

285 2251 531 2358 pitalesleges
555 2178 729 2345 distinete
751 2267 791 2322 et
818 2250 929 2346 palam
962 2249 1176 2337 violantem,
1210 2252 1394 2338 damnare3
1429 2270 1506 2323 tan·

288 2366 359 2419 tum
379 2344 492 2420 officit
519 2342 628 2417 nostri
653 2343 744 2435 esse,
794 2367 1044 2440 uemcunque,
1059 2343 1278 2438 severissime
1298 2345 1404 2418 etiarn
1429 2345 1507 2419 sub·

291 2440 635 2609 iqde,cadutqqere,
667 2457 709 2514 et
739 2367 792 2513 ati
811 2440 863 2515 ssti
893 2439 1174 2537 explorationem
1188 2441 1430 2538 compellere:
1465 2458 1507 2550 ut

284 2560 309 2609 e
361 2561 377 2610 t
429 2559 481 2609 or.
565 2592 572 2608 .
849 2563 852 2568 ·
979 2583 983 2591 -
1015 2555 1019 2566 ·
1180 2551 1182 2556 '
1335 2585 1354 2594 --

330 2629 361 2731 d
384 2631 606 2704 CLXXXV.
641 2655 672 2726 3.
696 2628 829 2726 scripte
843 2633 887 2704 S.
914 2630 992 2703 loca
1016 2631 1108 2724 clare
1125 2628 1287 2726 quidem,
1314 2651 1397 2704 meo
1415 2655 1504 2731 quo·

281 2751 349 2826 que
376 2726 538 2823 judicio,
568 2725 759 2813 evincunt,
799 2723 1204 2801 excommunicationem
1232 2726 1270 2819 in
1299 2728 1333 2799 S.
1362 2730 1507 2804 coenae

286 2822 479 2918 negatione
506 2844 578 2894 non
604 2822 706 2894 fuisse
729 2821 834 2895 unice
858 2821 993 2911 fitam,
1016 2822 1073 2894 sed
1096 2844 1188 2912 non,
1222 2844 1299 2895 earn
1332 2825 1506 2897 exclusam

285 2919 408 3007 suiffe,
451 2918 546 3013 quod
577 2916 615 2989 in
648 2938 721 2989 rem
747 2919 964 3012 praesentem
988 2915 1125 2991 sufficit.
1176 2949 1212 2993 a.
1237 2918 1400 3023 Quocum
1429 2940 1506 2993 om·

290 3038 335 3087 ne
360 3011 617 3085 commercium
646 3034 813 3086 exercere
837 3013 1012 3088 Ecclesiae
1039 3013 1250 3109 denegatur,
1277 3036 1377 3101 cum,
1402 3014 1506 3088 rani·

285 3109 497 3183 liariffimum
513 3107 660 3182 omuino
678 3107 828 3196 includi,
854 3098 1074 3180 manifestum
1091 3106 1153 3195 stt,
1179 3111 1222 3181 ad
1239 3110 1273 3179 S.
1293 3110 1446 3180 Coenam
1463 3108 1504 3184 ia

294 3222 402 3276 coetu
425 3202 538 3276 nostro
568 3201 651 3276 tales
677 3201 815 3275 admitti
844 3224 915 3275 non
945 3201 1041 3296 posse
1065 3201 1303 3294 colligendum
1321 3198 1393 3290 est,
1419 3205 1505 3296 quia

290 3297 455 3395 religiosa
478 3321 552 3371 non
574 3317 740 3387 tantum,
782 3295 840 3370 sed
873 3294 1078 3387 uastissima,
1120 3295 1158 3368 in
1194 3297 1275 3391 ejus·
1304 3295 1503 3390 exercitio,

288 3397 454 3472 fruuntur
474 3392 727 3466 communione
750 3397 953 3481 credentes,
979 3391 1015 3463 in
1042 3413 1146 3464 unam
1171 3389 1328 3485 colligati
1353 3391 1502 3468 societa-

286 3511 381 3579 tem;
413 3513 496 3563 cum
517 3490 555 3563 se
584 3487 745 3571 invicem¹
760 3489 864 3561 uni-us
893 3487 1061 3581 corporis
1084 3489 1238 3560 membra
1262 3482 1505 3582 considerent,

290 3607 325 3659 et
338 3585 522 3660 charitatis
539 3583 778 3672 Christianae,
800 3604 841 3657 ac
860 3581 1052 3671 fraternae,
1077 3583 1222 3674 vinculo
1244 3580 1337 3654 arcte
1352 3581 1448 3657 inter
1467 3586 1505 3659 se

290 3681 583 3775 constringantur.
630 3677 844 3752 Christianos
868 3678 906 3751 in
930 3679 1265 3775 domibus-quoque¹
1308 3679 1430 3753 rivatis
1453 3681 1504 3753 sa-

286 3778 472 3852 miliatiter
502 3775 594 3849 sacra
622 3770 919 3860 administrantes,
960 3774 1016 3846 tui
1049 3774 1175 3867 quaeso
1209 3795 1275 3869 pru
1320 3772 1388 3846 bile
1411 3775 1506 3866 -fiat,

289 3875 331 3949 ad
354 3875 391 3946 se
414 3872 604 3946 admittere
636 3871 780 3944 voluisse
811 3869 979 3963 ejusrttodi
1004 3867 1186 3963 homines,
1229 3869 1432 3962 quibuscum
1458 3890 1505 3945 ae

291 3969 397 4043 edere
421 3968 564 4062 quidem
590 3965 729 4038 licitum
752 3964 878 4052 suerit,
918 3986 934 4036 1
959 3968 1040 4038 Cor.
1075 3965 1124 4037 V.
1151 3964 1303 4061 quosque
1326 3969 1430 4041 vitare
1445 3967 1506 4041 de-

291 4069 398 4141 beant
431 4066 536 4137 Rom.
564 4063 665 4136 XVI.
704 4084 771 4135 nec
805 4060 968 4147 salutare,
1009 4076 1069 4132 aut
1106 4058 1144 4131 in
1177 4060 1318 4132 domum
1345 4063 1508 4156 recipere

293 4178 366 4233 erat
402 4159 602 4256 permissum
633 4158 751 4252 2Joh.
781 4178 857 4231 10.:
882 4155 1035 4250 salutare
1056 4153 1126 4241 est,
1159 4154 1283 4246 alicui,
1316 4155 1506 4230 secundum

292 4276 473 4354 receptam
496 4254 697 4341 formulam,
728 4273 887 4348 tanquam
916 4251 1013 4324 fratri
1038 4250 1075 4323 in
1098 4250 1258 4343 Christo,
1296 4250 1415 4322 dicere
1434 4268 1508 4346 pax

295 4358 374 4443 tihi,
416 4372 476 4428 aut
495 4373 568 4453 pax
598 4364 629 4421 et
650 4356 762 4446 gratia
785 4366 913 4522 tecqu,
955 4348 1009 4425 uti
1035 4370 1081 4426 ea
1105 4346 1255 4423 clausula
1277 4343 1510 4523 Epistollptutqt

279 4500 285 4509 .
918 4465 941 4521 a
1423 4465 1442 4522 a
1489 4501 1517 4546 ‚‚
