3609 5500
872 926 1058 1015 Seruili.
1112 955 1114 960 ·
1176 969 1179 978 ·
1497 929 1581 1028 3813

323 1102 392 1177 “ti
421 1110 520 1209 plura
541 1107 619 1185 sunt
635 1106 844 1206 Emngelia,
871 1134 952 1184 cum
974 1107 1017 1182 ad
1042 1104 1290 1205 vitginitatem
1308 1109 1561 1204 extollendam,

315 1206 419 1298 {um
443 1209 486 1282 ad
511 1229 651 1281 carnem
679 1206 717 1279 in
742 1204 880 1278 Christo
905 1204 1108 1303 putatitiam
1125 1205 1448 1296 demonstrandam,
1475 1231 1557 1304 qua·

326 1309 382 1393 {a
412 1325 475 1378 ex.
507 1326 560 1399 gr.
586 1300 684 1392 sunt,
728 1305 917 1375 nativitatis
941 1301 1081 1374 Mariae
1109 1300 1280 1395 virginis,
1323 1324 1559 1399 proteuange·
1590 1371 1592 1378 .

302 1375 429 1470 hum
452 1401 490 1472 8.
517 1397 661 1495 Jacobi‚
694 1396 911 1487 Nicodemi,
943 1396 1058 1484 Petri,
1099 1396 1238 1491 ejusque
1270 1393 1365 1484 atla,
1404 1399 1560 1492 probes

294 1472 670 1589 Recognitionibus
688 1492 879 1565 Clementis
895 1491 1157 1587 distinguenda,
1182 1490 1261 1563 acta·
1275 1491 1455 1579 Andreae,
1482 1491 1565 1563 To·'
1698 1556 1700 1559 .

291 1589 442 1679 mae,
467 1608 508 1661 et
531 1588 608 1664 alia.
658 1589 716 1660 De
740 1612 830 1683 quo,
864 1607 1004 1683 praeter
1028 1585 1132 1677 alios,
1167 1587 1239 1661 vid.
1267 1586 1451 1663 Beausobr.
1476 1583 1563 1661 hist:

283 1662 506 1761 Mantcu.
530 1710 569 1783 p.
593 1685 639 1759 u.
665 1680 724 1759 nu.
749 1685 796 1756 n.

522 1874 716 1949 rnnrns
751 1874 1082 1949 ussnnrrnms
1114 1872 1385 1952 nccursmn.

684 2005 1564 2142 mmfflma''

377 2253 422 2354 h.
446 2256 622 2336 XXXIII.
649 2255 835 2333 Generalia
859 2256 943 2331 fidei
962 2256 1177 2332 Christianae
1203 2258 1320 2354 capita
1335 2282 1353 2331 a
1370 2256 1561 2355 Scriptum·

277 2324 410 2426 bus
431 2356 546 2450 hujus¹
558 2355 666 2429 seculi
683 2354 720 2426 in
737 2374 868 2448 genere
893 2352 1035 2449 quidem
1059 2354 1120 2428 hic
1139 2352 1211 2426 illie
1228 2355 1473 2443 recensentur,
1499 2353 1560 2428 sed

287 2445 415 2520 nec
432 2457 577 2538 oedem,
602 2474 669 2524 nec
686 2450 811 2521 eodem
820 2447 963 2538 ordine,
988 2473 1055 2523 nec
1072 2451 1207 2544 usquam
1217 2449 1391 2545 Symboli,
1409 2474 1449 2525 ea
1466 2472 1562 2523 com·

290 2534 465 2639 plexi,
506 2565 550 2619 et
570 2569 635 2641 per
656 2543 828 2618 Ecclesras
851 2543 986 2635 uhtati,
1028 2547 1140 2617 multo
1163 2545 1292 2617 minus·
1312 2548 1353 2617 ab
1385 2544 1564 2642 Apostolis

351 2641 521 2731 rorem,
545 2641 589 2713 fit
604 2640 752 2713 mentio.
803 2640 920 2712 Plures
936 2641 980 2713 de
998 2639 1136 2714 Christo
1153 2637 1292 2713 articuli
1316 2639 1451 2714 exstant
1470 2639 1563 2737 apud

343 2750 464 2826 goat.
483 2737 527 2811 ad
547 2737 652 2811 Trall.
660 2735 709 2905 ἑ.
728 2734 791 2809 ΙΧ.
817 2753 856 2807 ut
872 2753 910 2808 et
929 2735 1020 2834 apud
1037 2733 1122 2834 Just.
1147 2737 1258 2811 Mart.
1284 2759 1405 2811 contra
1423 2739 1564 2834 Tryph.

304 2833 381 2911 1³-
408 2857 496 2932 311.
522 2832 592 2906 elle
624 2832 669 2906 sc‘
685 2836 758 2905 ieet
787 2830 898 2903 fillum
926 2832 1020 2921 Dei,
1046 2853 1165 2906 natum
1190 2856 1234 2905 ex
1258 2831 1417 2929 virgine,
1441 2836 1564 2908 acho·

312 2924 505 3018 1llittem,
549 2926 674 3001 nostris
708 2925 899 2999 obnoxium
935 2929 1220 3017 infirmitatibus‚·
1257 2927 1405 3015 factum,
1447 2929 1561 3002 cruci·

324 3008 461 3100 fixum
476 3024 539 3099 sub
555 3024 687 3097 Pontio
703 3021 835 3110 Pilato,
863 3024 1101 3097 resuscitatum
1120 3047 1164 3094 ex
1184 3022 1354 3110 mortuis,
1373 3023 1411 3094 in
1427 3024 1565 3097 coelum

331 3102 543 3208 sublatum,
578 3134 615 3191 et
638 3118 830 3193 Dominum
861 3116 1032 3192 virtutum
1056 3117 1197 3190 factum.
1248 3119 1341 3189 Iren.
1368 3139 1454 3188 vero
1478 3118 1558 3192 adv.

421 3240 477 3292 res
499 3218 522 3290 l.
549 3216 577 3288 l.
603 3237 635 3287 c.
663 3237 720 3302 ro.
747 3211 915 3309 plurimos
934 3212 1091 3310 Symboli
1116 3209 1239 3306 Apoll.
1262 3211 1425 3284 articulos
1441 3232 1565 3286 recen·

349 3294 428 3401 fet,
450 3313 511 3409 qui
538 3310 644 3384 fidem
671 3307 858 3382 continent
883 3307 922 3382 in
948 3332 1052 3382 unum
1079 3308 1195 3380 Deum
1221 3308 1376 3396 Patrem,
1403 3309 1566 3405 omnipo·

354 3407 511 3496 tentem,
551 3425 747 3478 creatorem
788 3404 878 3476 coeli
916 3422 953 3478 et
986 3423 1120 3490 terrae,
1170 3423 1208 3476 et
1240 3402 1277 3476 in
1308 3424 1417 3477 unum
1448 3405 1567 3499 Jesum

357 3489 557 3591 Christum,
583 3502 692 3573 filiurn
709 3498 802 3587 Dei,
828 3520 895 3572 etc.
922 3501 1021 3572 acin
1045 3496 1215 3593 Spiritum
1233 3501 1289 3586 8.,
1315 3497 1375 3592 qui
1398 3522 1462 3595 per
1478 3502 1564 3576 Pro·

251 3666 254 3673 .
359 3582 479 3678 Pheras
493 3594 713 3694 praedicavit
731 3594 984 3681 oeconomias,
1004 3594 1132 3668 deinde
1148 3593 1454 3669 Resurrectionem
1472 3598 1566 3671 mor'·

362 3698 520 3783 tuorum,
541 3691 714 3789 judicium
741 3688 920 3779 ultimum,
946 3692 1055 3764 vitam
1081 3710 1258 3763 aeternam
1276 3689 1364 3784 piis,
1390 3710 1427 3762 et
1444 3693 1565 3785 ignem

364 3797 544 3862 letemuin.
571 3787 687 3882 inpiis.
737 3785 835 3878 Quos
867 3786 1031 3860 articulos
1065 3784 1191 3857 deinde
1224 3784 1356 3879 repetit
1389 3787 1410 3859 l.
1436 3789 1503 3859 Ill:
1525 3808 1562 3878 4'.

369 3868 424 3952 sed
438 3883 511 3959 aliis
535 3883 672 3970 verbis,
696 3877 820 3952 omillo
843 3905 980 3975 quoque
1005 3882 1151 3953 articulo
1175 3880 1219 3952 de
1238 3880 1367 3976 Spiritu
1387 3883 1421 3952 8.
1475 3883 1566 3955 Ter·

372 3972 436 4079 tull
458 3981 500 4053 de
525 3976 731 4070 Praescript.
759 3977 892 4049 haeret.
918 3999 949 4048 c.
977 3983 1034 4067 36.
1061 3976 1256 4048 communis
1292 3974 1374 4048 fidei
1406 3976 1570 4065 articulos

378 4063 492 4167 aliquos
523 4071 761 4158 memoravit,
810 4092 916 4144 unum
951 4069 1083 4143 scilicet
1108 4070 1177 4145 elle
1209 4072 1348 4156 Deum,
1375 4076 1568 4147 creatorem

379 4167 614 4255 universitatis,
652 4188 689 4240 et
715 4165 887 4240 Christum
916 4163 1053 4261 Jesum,
1087 4187 1131 4240 ex
1158 4167 1296 4263 virgine
1318 4167 1435 4242 Maria
1458 4169 1569 4242 filium

378 4252 437 4335 Dei
452 4265 640 4351 creatoris,
666 4278 703 4334 ut
722 4278 780 4348 et,
798 4263 909 4336 carnis
929 4262 1001 4333 dari
1020 4261 1332 4349 resurreelionem3
1358 4264 1413 4335 sed
1431 4261 1577 4352 uberius¹
1666 4346 1668 4348 v

378 4375 428 4435 eos
458 4362 602 4440 exhibet
633 4356 719 4436 ibid.
746 4378 777 4430 c.
806 4378 862 4454 13.
895 4356 954 4429 ubi
987 4379 1107 4433 omnes
1138 4359 1214 4434 fere
1248 4357 1385 4433 articuli
1417 4357 1573 4452 Symboli

898 4455 988 4530 Bbb
1015 4477 1035 4547 3
1450 4453 1577 4552 Apost-

1657 4626 1702 4832 l
