3609 5500
307 931 380 1029 ⁶3⁶
485 934 490 941 ·
697 895 1146 1019 camedracontes.

320 1099 578 1207 deniorrnlllate
597 1107 750 1172 mortem
768 1097 896 1207 ubique
912 1098 1170 1194 repraesentat,
1188 1109 1354 1194 tanquam
1372 1105 1457 1197 qm
1496 1076 1551 1172 11,-

317 1221 358 1274 et
385 1200 610 1273 credentibus
640 1219 763 1289 pacem
789 1200 903 1268 adlert
927 1213 964 1267 er
995 1194 1246 1289 refrigerium,
1288 1195 1473 1290 peccatori
1531 1202 1536 1214 '

311 1319 401 1372 vero
427 1317 598 1392 poenam,
632 1309 677 1362 ne
704 1292 849 1365 minima
870 1293 1054 1386 purgatorii
1085 1287 1175 1362 saslr
1210 1288 1422 1383 mentione,
1424 1311 1538 1461 am

312 1393 349 1468 ei
375 1389 643 1473 contradicens,
677 1410 759 1461 cum
798 1390 886 1459 duos
922 1406 1054 1457 tantum
1080 1382 1246 1478 agnoscar
1270 1383 1398 1475 slatus,

304 1488 506 1584 frigerium,
551 1481 687 1578 inquit,
724 1483 811 1578 justi
833 1498 1010 1568 vocamur,
1043 1482 1266 1576 adjudicium
1290 1487 1466 1577 rapientem
1490 1486 1534 1555 irr-

306 1588 414 1685 julli,
455 1582 552 1652 datur
577 1581 714 1651 uelocius
739 1580 843 1649 rasela
869 1576 1048 1672 fidelibus,
1083 1574 1220 1671 perfidis
1251 1591 1369 1672 poenas
1419 1576 1538 1675 Negas

314 1699 455 1778 quoque
477 1680 514 1748 in
548 1676 613 1768 Ep.
641 1695 699 1762 52ὁ
724 1673 766 1747 ad
794 1672 1032 1746 Antonianum
1064 1672 1216 1762 diserte,
1251 1671 1535 1768 exomelsgefisrs

311 1770 532 1870 rmseffiomm
549 1769 628 1866 fieri
652 1772 738 1862 apud
762 1767 903 1863 imerosr
929 1791 974 1840 eit
1000 1790 1092 1864 quo,
1126 1765 1355 1863 poenitentes
1381 1769 1452 1846 ello
1473 1789 1532 1843 aui

317 1890 356 1948 te
382 1887 532 1942 mortem
556 1864 807 1955 adsumendos,
834 1862 983 1958 colligiti
1062 1944 1065 1947 q
1313 1947 1316 1954 .

357 1962 404 2067 §ss
418 1964 591 2037 XXXVI.
619 1960 738 2034 Exstat
763 1981 880 2034 tamen
909 1949 1086 2056 singularis
1108 1946 1145 2031 in
1164 1952 1286 2029 eadem
1304 1947 1375 2055 Ep.
1400 1958 1447 2034 od
1464 1958 1533 2033 Ari·

315 2063 501 2139 tonianum
517 2059 636 2146 locus,
672 2056 753 2152 qui,
781 2056 1005 2149 sipurgamrr’o
1021 2052 1165 2150 proprie
1183 2051 1229 2125 src
1252 2053 1455 2150 adpellato,
1485 2052 1534 2128 uti

315 2156 439 2257 postea
464 2151 701 2226 intrododlum
728 2151 797 2240 est,
823 2173 894 2223 non
922 2150 1060 2239 faveat,
1095 2147 1204 2221 fimile
1229 2148 1364 2246 aliquid
1386 2148 1534 2229 statuere.

274 2251 279 2282 '
313 2252 468 2329 viderur,
504 2249 561 2319 De
576 2269 649 2343 quo
667 2264 823 2318 mentem
839 2243 1033 2319 distinslius
1051 2244 1250 2341 explicabo.
1300 2246 1347 2319 ln¹
1363 2257 1411 2319 eo
1424 2244 1475 2320 ibi
1489 2242 1537 2319 cll

321 2342 535 2444 Cyprianus,
563 2364 621 2430 ut,
647 2341 813 2438 gravibus
838 2339 1107 2437 peccatoribus,
1131 2341 1396 2430 adulterim,
1466 2358 1534 2416 ,et

316 2441 417 2540 lapssr
434 2442 476 2516 ad
494 2439 749 2527 idololatriam,
775 2438 1060 2533 poenitentibus,
1086 2454 1143 2522 et,
1167 2453 1207 2506 ut
1231 2434 1331 2531 loqui
1357 2437 1430 2512 sole
1498 2441 1534 2525 s,
1573 2441 1575 2446 '

318 2536 631 2623 satisfacientibus,
646 2556 730 2622 ‚non
754 2534 823 2606 elle
849 2534 989 2605 veniam
1012 2533 1054 2604 ab
1085 2526 1239 2604 Ecclesia
1267 2536 1532 2630 denegandam,-

312 2631 540 2712 demonstret.-
589 2630 653 2702 Cui
671 2629 721 2702 rei
738 2652 818 2702 cum
836 2629 969 2701 obstare
986 2624 1166 2715 videatur,
1189 2625 1304 2719 quod,
1325 2625 1522 2724 veniaejus·

317 2730 416 2810 modi
448 2722 609 2801 concessa
640 2724 902 2824 peccatoribus,
946 2721 1089 2797 licentia
1120 2721 1293 2819 peccandi
1327 2735 1534 2823 augeretur,

316 2823 514 2924 Cirpriaiius
538 2820 619 2893 illud
643 2823 858 2916 consequens
874 2840 1000 2918 negat,
1025 2837 1062 2892 et
1077 2842 1122 2892 ex
1137 2818 1286 2914 ingente
1307 2818 1530 2907 discrimine,

346 2924 415 2996 uod
444 2921 642 3006 intereos,
682 2942 722 2989 ac
741 2917 899 3013 virgines
917 2937 954 2991 et
970 2934 1161 3010 martyres,
1189 2910 1369 3011 superest,
1411 2904 1536 2992 confir-

320 3040 414 3109 mat,
441 3016 496 3089 his
523 3014 597 3087 usus
621 3014 755 3088 verbis:
782 3017 873 3085 aliud
897 3012 942 3109 ell
965 3014 1007 3083 ad
1031 3007 1277 3106 reniamstare,
1301 3014 1399 3086 aliud
1413 3016 1455 3088 cd
1469 3014 1535 3106 glo*

321 3118 406 3194 riam
428 3116 613 3208 pervenire,
653 3111 761 3198 aliud,
802 3114 846 3183 mi·
874 3133 927 3183 um
950 3112 983 3180 in
1011 3121 1188 3197 carcerem,
1237 3114 1299 3178 nori
1334 3115 1425 3185 exire
1449 3110 1539 3199 inde,-

323 3219 419 3289 donec
428 3211 539 3307 soluat
555 3202 751 3300 norsfflmum
771 3212 1002 3300 quadrantem,
1043 3206 1150 3291 aliud,
1175 3200 1298 3299 statim
1313 3204 1400 3299 fidei
1421 3224 1452 3277 et
1476 3210 1541 3278 sir3

323 3313 406 3384 tutis
432 3310 577 3396 accipere
603 3305 794 3390 mercedem,
822 3305 932 3390 aliud,
975 3302 1195 3395 propeccatis
1225 3302 1318 3392 longo
1340 3302 1444 3374 dolore
1470 3306 1541 3373 clu·

327 3410 470 3478 siarcum
495 3399 677 3484 eimmdari,
710 3413 741 3467 er
762 3404 898 3492 purgari
924 3400 978 3469 diu
1004 3402 1100 3488 igne,
1124 3396 1234 3481 aliud,
1266 3404 1403 3490 peccata
1427 3399 1539 3483 omnia

322 3492 468 3593 pafflrme
490 3487 662 3581 purgaffe3
688 3494 779 3563 aliud
800 3498 928 3583 demque
954 3493 1009 3562 diu
1033 3494 1225 3584 penderem
1248 3492 1468 3586 diemjudicii
1491 3491 1539 3560 ad

314 3588 515 3694 sententium
531 3584 685 3688 Domini,-
708 3588 800 3657 aliud
811 3584 929 3677 statim
956 3609 977 3656 a
1002 3588 1138 3659 Domino
1167 3588 1316 3660 toronos.
1363 3586 1538 3680 Purgato·

294 3739 297 3745 .
322 3693 431 3772 pium,
454 3703 499 3752 co
524 3701 666 3752 nomme
687 3682 776 3777 apud
805 3682 950 3753 Latinos
976 3682 1133 3775 insigniri
1158 3683 1314 3769 solitum,
1336 3680 1433 3778 q'uod
1450 3689 1540 3754 ante

323 3789 386 3865 fin.
412 3780 479 3854 sec.
504 3778 589 3850 Viri
613 3778 704 3872 apud
729 3801 791 3850 cos
814 3775 975 3874 ignotum
1000 3777 1087 3869 suit,
1113 3778 1175 3851 hic
1198 3783 1271 3863 lion
1293 3772 1458 3867 intendi,
1494 3801 1539 3852 er

325 3909 395 3970 eo,
421 3874 515 3972 quod
538 3874 598 3947 diu
615 3873 693 3968 poll
717 3873 854 3947 demum
875 3872 912 3946 in
930 3875 1042 3948 lucem
1069 3875 1263 3969 prodierit,
1290 3899 1362 3950 non
1379 3893 1540 3961 tantum,

324 3978 386 4056 sed
413 3995 450 4043 et
474 3970 635 4060 aliunde,
667 3971 755 4043 milii
780 3971 922 4046 videtur
946 3969 1183 4059 manifestum,-
1225 3992 1305 4042 cum
1330 3972 1430 4068 quod
1457 3992 1539 4044 con·

323 4066 488 4152 sessioni,
514 4066 569 4135 seu
590 4063 852 4157 poenitentiae,
880 4066 997 4157 inipsa
1016 4067 1080 4137 hac
1097 4089 1153 4160 ep.
1178 4085 1287 4162 neget
1311 4068 1384 4144 elle
1410 4069 1546 4154 locum,

271 4231 275 4240 ,
322 4191 404 4246 mm
435 4162 480 4232 de
510 4155 607 4251 lapsis
642 4157 712 4250 jani
745 4162 1008 4256 poenitentibus
1049 4162 1091 4234 ab
1127 4159 1280 4235 Ecclesia
1315 4162 1544 4238 admittendis

319 4267 507 4365 loquatur,
527 4252 584 4348 qui
603 4253 855 4346 remilsroncm,
875 4254 1049 4331 Ecclesiae
1067 4256 1308 4349 reconciliati,
1334 4258 1458 4356 itaque
1473 4261 1545 4354 jam

319 4360 505 4473 porsecuti
530 4368 653 4442 erant,
676 4373 745 4429 nec
767 4377 900 4452 poenas
926 4353 1041 4432 denuo
1065 4349 1205 4435 neccsse
1228 4353 1545 4531 habebafflne.

314 4482 332 4526 'i-
1451 4472 1556 4541 'eus'
