<?xml version="1.0" encoding="UTF-8"?>
<!DOCTYPE html PUBLIC "-//W3C//DTD XHTML 1.0 Transitional//EN"
    "http://www.w3.org/TR/xhtml1/DTD/xhtml1-transitional.dtd">
<html xmlns="http://www.w3.org/1999/xhtml" xml:lang="en" lang="en">
 <head>
  <title>
</title>
<meta http-equiv="Content-Type" content="text/html;charset=utf-8" />
  <meta name='ocr-system' content='tesseract 3.04.00' />
  <meta name='ocr-capabilities' content='ocr_page ocr_carea ocr_par ocr_line ocrx_word'/>
</head>
<body>
  <div class='ocr_page' id='page_1' title='image "./hermannivenemai05venegoog_0344.png"; bbox 0 0 3609 5500; ppageno 0'>
   <div class='ocr_carea' id='block_1_1' title="bbox 271 913 1113 1030">
    <p class='ocr_par' dir='ltr' id='par_1_1' title="bbox 271 913 1113 1030">
     <span class='ocr_line' id='line_1_1' title="bbox 271 913 1113 1030; baseline 0.002 -37"><span class='ocrx_word' id='word_1_1' title='bbox 271 949 350 1030; x_wconf 68' lang='lat'>340</span> <span class='ocrx_word' id='word_1_2' title='bbox 463 945 469 952; x_wconf 94' lang='lat'>·</span> <span class='ocrx_word' id='word_1_3' title='bbox 663 913 813 1020; x_wconf 71' lang='lat' dir='ltr'>Historia</span> <span class='ocrx_word' id='word_1_4' title='bbox 834 914 965 1017; x_wconf 68' lang='lat' dir='ltr'>Ecclefi</span> <span class='ocrx_word' id='word_1_5' title='bbox 992 915 1113 1021; x_wconf 72' lang='lat' dir='ltr'>clmst:</span> 
     </span>
    </p>
   </div>
   <div class='ocr_carea' id='block_1_2' title="bbox 158 1097 1551 4502">
    <p class='ocr_par' dir='ltr' id='par_1_2' title="bbox 158 1097 1551 4502">
     <span class='ocr_line' id='line_1_2' title="bbox 278 1097 1501 1201; baseline 0.004 -21"><span class='ocrx_word' id='word_1_6' title='bbox 278 1104 407 1197; x_wconf 83' lang='lat' dir='ltr'>eundi,</span> <span class='ocrx_word' id='word_1_7' title='bbox 430 1099 485 1177; x_wconf 87' lang='lat' dir='ltr'>uti</span> <span class='ocrx_word' id='word_1_8' title='bbox 502 1117 627 1178; x_wconf 85' lang='lat' dir='ltr'>notum</span> <span class='ocrx_word' id='word_1_9' title='bbox 651 1097 724 1191; x_wconf 77' lang='lat' dir='ltr'>eli,</span> <span class='ocrx_word' id='word_1_10' title='bbox 755 1097 829 1174; x_wconf 88' lang='lat' dir='ltr'>vid.</span> <span class='ocrx_word' id='word_1_11' title='bbox 853 1097 972 1197; x_wconf 82' lang='lat' dir='ltr'>Ampl.</span> <span class='ocrx_word' id='word_1_12' title='bbox 997 1100 1252 1201; x_wconf 82' lang='lat' dir='ltr'>Bynlterthuelt</span> <span class='ocrx_word' id='word_1_13' title='bbox 1274 1101 1362 1184; x_wconf 76' lang='lat' dir='ltr'>Diu</span> <span class='ocrx_word' id='word_1_14' title='bbox 1380 1106 1425 1184; x_wconf 74' lang='lat' dir='ltr'>dt</span> <span class='ocrx_word' id='word_1_15' title='bbox 1447 1133 1501 1184; x_wconf 84' lang='lat' dir='ltr'>re·</span> 
     </span>
     <span class='ocr_line' id='line_1_3' title="bbox 278 1197 1498 1300; baseline 0.001 -20"><span class='ocrx_word' id='word_1_16' title='bbox 278 1208 395 1299; x_wconf 78' lang='lat' dir='ltr'>ligitur</span> <span class='ocrx_word' id='word_1_17' title='bbox 416 1204 592 1299; x_wconf 79' lang='lat' dir='ltr'>peregrina</span> <span class='ocrx_word' id='word_1_18' title='bbox 614 1197 706 1294; x_wconf 90' lang='lat' dir='ltr'>apud</span> <span class='ocrx_word' id='word_1_19' title='bbox 728 1197 941 1288; x_wconf 85' lang='lat' dir='ltr'>Romanos,</span> <span class='ocrx_word' id='word_1_20' title='bbox 973 1220 1019 1272; x_wconf 90' lang='lat' dir='ltr'>ne</span> <span class='ocrx_word' id='word_1_21' title='bbox 1043 1198 1130 1273; x_wconf 80' lang='lat' dir='ltr'>alios</span> <span class='ocrx_word' id='word_1_22' title='bbox 1155 1199 1293 1300; x_wconf 66' lang='lat' dir='ltr'>ritem,</span> <span class='ocrx_word' id='word_1_23' title='bbox 1318 1223 1417 1280; x_wconf 84' lang='lat' dir='ltr'>tanto</span> <span class='ocrx_word' id='word_1_24' title='bbox 1442 1207 1498 1282; x_wconf 91' lang='lat' dir='ltr'>fu·</span> 
     </span>
     <span class='ocr_line' id='line_1_4' title="bbox 279 1292 1499 1391; baseline -0.003 -17"><span class='ocrx_word' id='word_1_25' title='bbox 279 1323 361 1377; x_wconf 91' lang='lat' dir='ltr'>rore</span> <span class='ocrx_word' id='word_1_26' title='bbox 385 1298 424 1372; x_wconf 91' lang='lat' dir='ltr'>in</span> <span class='ocrx_word' id='word_1_27' title='bbox 448 1293 664 1370; x_wconf 78' lang='lat' dir='ltr'>Christianos</span> <span class='ocrx_word' id='word_1_28' title='bbox 688 1292 845 1382; x_wconf 83' lang='lat' dir='ltr'>irruiss&#39;e,</span> <span class='ocrx_word' id='word_1_29' title='bbox 870 1308 910 1364; x_wconf 88' lang='lat' dir='ltr'>ut</span> <span class='ocrx_word' id='word_1_30' title='bbox 941 1294 1003 1368; x_wconf 79' lang='lat' dir='ltr'>uix</span> <span class='ocrx_word' id='word_1_31' title='bbox 1028 1317 1159 1384; x_wconf 84' lang='lat' dir='ltr'>nomen</span> <span class='ocrx_word' id='word_1_32' title='bbox 1182 1295 1276 1377; x_wconf 80' lang='lat' dir='ltr'>ferte</span> <span class='ocrx_word' id='word_1_33' title='bbox 1424 1301 1499 1391; x_wconf 85' lang='lat' dir='ltr'>&#39;nt,</span> 
     </span>
     <span class='ocr_line' id='line_1_5' title="bbox 281 1387 1508 1492; baseline 0.001 -21"><span class='ocrx_word' id='word_1_34' title='bbox 281 1389 520 1492; x_wconf 76' lang='lat' dir='ltr'>eosque‚&#39;qua</span> <span class='ocrx_word' id='word_1_35' title='bbox 535 1387 774 1478; x_wconf 78' lang='lat' dir='ltr'>Christianos,</span> <span class='ocrx_word' id='word_1_36' title='bbox 792 1388 927 1468; x_wconf 81' lang='lat' dir='ltr'>summo</span> <span class='ocrx_word' id='word_1_37' title='bbox 943 1387 1129 1465; x_wconf 83' lang='lat' dir='ltr'>habuerint</span> <span class='ocrx_word' id='word_1_38' title='bbox 1145 1390 1240 1470; x_wconf 87' lang='lat' dir='ltr'>odio.</span> <span class='ocrx_word' id='word_1_39' title='bbox 1287 1447 1289 1454; x_wconf 82' lang='lat'>·</span> <span class='ocrx_word' id='word_1_40' title='bbox 1311 1395 1427 1476; x_wconf 71' lang='lat' dir='ltr'>nilla·</span> <span class='ocrx_word' id='word_1_41' title='bbox 1443 1420 1508 1472; x_wconf 84' lang='lat' dir='ltr'>ra··</span> 
     </span>
     <span class='ocr_line' id='line_1_6' title="bbox 235 1481 1499 1593; baseline -0.002 -26"><span class='ocrx_word' id='word_1_42' title='bbox 235 1541 243 1552; x_wconf 73' lang='lat'><em>—</em></span> <span class='ocrx_word' id='word_1_43' title='bbox 280 1493 401 1568; x_wconf 82' lang='lat' dir='ltr'>tionea</span> <span class='ocrx_word' id='word_1_44' title='bbox 421 1486 613 1587; x_wconf 85' lang='lat' dir='ltr'>inquirenti</span> <span class='ocrx_word' id='word_1_45' title='bbox 634 1493 673 1561; x_wconf 77' lang='lat' dir='ltr'>i.</span> <span class='ocrx_word' id='word_1_46' title='bbox 698 1484 811 1581; x_wconf 86' lang='lat' dir='ltr'>prima</span> <span class='ocrx_word' id='word_1_47' title='bbox 832 1481 904 1592; x_wconf 74' lang='lat' dir='ltr'>sese</span> <span class='ocrx_word' id='word_1_48' title='bbox 929 1483 1058 1593; x_wconf 85' lang='lat' dir='ltr'>offert,</span> <span class='ocrx_word' id='word_1_49' title='bbox 1083 1488 1126 1560; x_wconf 93' lang='lat' dir='ltr'>ab</span> <span class='ocrx_word' id='word_1_50' title='bbox 1145 1485 1218 1584; x_wconf 86' lang='lat' dir='ltr'>ipsa</span> <span class='ocrx_word' id='word_1_51' title='bbox 1243 1489 1422 1587; x_wconf 75' lang='lat' dir='ltr'>religione</span> <span class='ocrx_word' id='word_1_52' title='bbox 1485 1531 1499 1550; x_wconf 92' lang='lat'>·</span> 
     </span>
     <span class='ocr_line' id='line_1_7' title="bbox 158 1578 1510 1684; baseline -0.001 -22"><span class='ocrx_word' id='word_1_53' title='bbox 158 1675 162 1682; x_wconf 30' lang='lat'><strong><em>¹</em></strong></span> <span class='ocrx_word' id='word_1_54' title='bbox 281 1589 369 1676; x_wconf 92' lang='lat' dir='ltr'>tita,</span> <span class='ocrx_word' id='word_1_55' title='bbox 399 1584 440 1660; x_wconf 94' lang='lat' dir='ltr'>in</span> <span class='ocrx_word' id='word_1_56' title='bbox 465 1608 512 1658; x_wconf 91' lang='lat' dir='ltr'>eo</span> <span class='ocrx_word' id='word_1_57' title='bbox 546 1582 627 1673; x_wconf 77' lang='lat' dir='ltr'>sita,</span> <span class='ocrx_word' id='word_1_58' title='bbox 661 1583 756 1678; x_wconf 91' lang='lat' dir='ltr'>quod</span> <span class='ocrx_word' id='word_1_59' title='bbox 776 1578 967 1654; x_wconf 85' lang='lat' dir='ltr'>Chrtsttanr</span> <span class='ocrx_word' id='word_1_60' title='bbox 992 1603 1073 1654; x_wconf 93' lang='lat' dir='ltr'>non·</span> <span class='ocrx_word' id='word_1_61' title='bbox 1089 1600 1159 1657; x_wconf 89' lang='lat' dir='ltr'>tam</span> <span class='ocrx_word' id='word_1_62' title='bbox 1191 1606 1321 1659; x_wconf 86' lang='lat' dir='ltr'>novam</span> <span class='ocrx_word' id='word_1_63' title='bbox 1347 1609 1416 1684; x_wconf 80' lang='lat' dir='ltr'>pro</span> <span class='ocrx_word' id='word_1_64' title='bbox 1446 1607 1510 1674; x_wconf 70' lang='lat' dir='ltr'>te,</span> 
     </span>
     <span class='ocr_line' id='line_1_8' title="bbox 280 1674 1500 1785; baseline 0.002 -27"><span class='ocrx_word' id='word_1_65' title='bbox 280 1701 404 1760; x_wconf 82' lang='lat' dir='ltr'>rentur</span> <span class='ocrx_word' id='word_1_66' title='bbox 425 1679 659 1776; x_wconf 83' lang='lat' dir='ltr'>religionem,</span> <span class='ocrx_word' id='word_1_67' title='bbox 690 1700 792 1773; x_wconf 88' lang='lat' dir='ltr'>quam</span> <span class='ocrx_word' id='word_1_68' title='bbox 813 1697 890 1750; x_wconf 85' lang='lat' dir='ltr'>eant</span> <span class='ocrx_word' id='word_1_69' title='bbox 925 1674 1054 1785; x_wconf 80' lang='lat' dir='ltr'>ubique</span> <span class='ocrx_word' id='word_1_70' title='bbox 1077 1677 1212 1752; x_wconf 90' lang='lat' dir='ltr'>summo</span> <span class='ocrx_word' id='word_1_71' title='bbox 1236 1677 1352 1756; x_wconf 89' lang='lat' dir='ltr'>studio</span> <span class='ocrx_word' id='word_1_72' title='bbox 1378 1683 1500 1762; x_wconf 83' lang='lat' dir='ltr'>conati</span> 
     </span>
     <span class='ocr_line' id='line_1_9' title="bbox 280 1771 1500 1876; baseline 0 -21"><span class='ocrx_word' id='word_1_73' title='bbox 280 1779 419 1856; x_wconf 83' lang='lat' dir='ltr'>fuerint</span> <span class='ocrx_word' id='word_1_74' title='bbox 450 1774 701 1862; x_wconf 80' lang='lat' dir='ltr'>introducere,</span> <span class='ocrx_word' id='word_1_75' title='bbox 738 1794 822 1846; x_wconf 90' lang='lat' dir='ltr'>curu</span> <span class='ocrx_word' id='word_1_76' title='bbox 854 1771 1016 1868; x_wconf 80' lang='lat' dir='ltr'>publrcae</span> <span class='ocrx_word' id='word_1_77' title='bbox 1047 1791 1087 1846; x_wconf 92' lang='lat' dir='ltr'>et</span> <span class='ocrx_word' id='word_1_78' title='bbox 1109 1771 1281 1850; x_wconf 77' lang='lat' dir='ltr'>stabilitae</span> <span class='ocrx_word' id='word_1_79' title='bbox 1315 1776 1500 1876; x_wconf 84' lang='lat' dir='ltr'>religionit</span> 
     </span>
     <span class='ocr_line' id='line_1_10' title="bbox 282 1864 1499 1969; baseline -0.001 -18"><span class='ocrx_word' id='word_1_80' title='bbox 282 1879 526 1951; x_wconf 85' lang='lat' dir='ltr'>Romanorum</span> <span class='ocrx_word' id='word_1_81' title='bbox 542 1867 778 1956; x_wconf 77' lang='lat' dir='ltr'>refutatione,</span> <span class='ocrx_word' id='word_1_82' title='bbox 800 1884 839 1940; x_wconf 92' lang='lat' dir='ltr'>et</span> <span class='ocrx_word' id='word_1_83' title='bbox 854 1864 1115 1963; x_wconf 87' lang='lat' dir='ltr'>prostitutione.</span> <span class='ocrx_word' id='word_1_84' title='bbox 1162 1871 1221 1946; x_wconf 88' lang='lat' dir='ltr'>De</span> <span class='ocrx_word' id='word_1_85' title='bbox 1236 1893 1305 1969; x_wconf 89' lang='lat' dir='ltr'>quo</span> <span class='ocrx_word' id='word_1_86' title='bbox 1316 1872 1391 1950; x_wconf 81' lang='lat' dir='ltr'>vid</span> <span class='ocrx_word' id='word_1_87' title='bbox 1408 1897 1499 1950; x_wconf 86' lang='lat' dir='ltr'>mar·</span> 
     </span>
     <span class='ocr_line' id='line_1_11' title="bbox 281 1959 1499 2075; baseline 0 -29"><span class='ocrx_word' id='word_1_88' title='bbox 281 1990 300 2046; x_wconf 89' lang='lat' dir='ltr'>t</span> <span class='ocrx_word' id='word_1_89' title='bbox 324 1971 415 2043; x_wconf 87' lang='lat' dir='ltr'>rium</span> <span class='ocrx_word' id='word_1_90' title='bbox 431 1964 638 2063; x_wconf 74' lang='lat' dir='ltr'>polycarpi,</span> <span class='ocrx_word' id='word_1_91' title='bbox 659 1981 699 2037; x_wconf 93' lang='lat' dir='ltr'>ut</span> <span class='ocrx_word' id='word_1_92' title='bbox 715 1981 754 2036; x_wconf 90' lang='lat' dir='ltr'>et</span> <span class='ocrx_word' id='word_1_93' title='bbox 770 1959 851 2037; x_wconf 78' lang='lat' dir='ltr'>Eus.</span> <span class='ocrx_word' id='word_1_94' title='bbox 868 1962 918 2038; x_wconf 90' lang='lat' dir='ltr'>H.</span> <span class='ocrx_word' id='word_1_95' title='bbox 929 1963 999 2037; x_wconf 86' lang='lat' dir='ltr'>lv:</span> <span class='ocrx_word' id='word_1_96' title='bbox 1012 1983 1068 2054; x_wconf 75' lang='grc' dir='ltr'>ις.</span> <span class='ocrx_word' id='word_1_97' title='bbox 1086 1983 1124 2038; x_wconf 88' lang='lat' dir='ltr'>et</span> <span class='ocrx_word' id='word_1_98' title='bbox 1137 1964 1257 2075; x_wconf 80' lang='lat' dir='ltr'>Praep.</span> <span class='ocrx_word' id='word_1_99' title='bbox 1272 1967 1410 2068; x_wconf 81' lang='lat' dir='ltr'>Euang.</span> <span class='ocrx_word' id='word_1_100' title='bbox 1423 1971 1499 2048; x_wconf 71' lang='lat'>112.</span> 
     </span>
     <span class='ocr_line' id='line_1_12' title="bbox 320 2057 1491 2156; baseline 0.001 -15"><span class='ocrx_word' id='word_1_101' title='bbox 320 2066 389 2141; x_wconf 90' lang='lat' dir='ltr'>nde</span> <span class='ocrx_word' id='word_1_102' title='bbox 412 2062 529 2150; x_wconf 90' lang='lat' dir='ltr'>varia,</span> <span class='ocrx_word' id='word_1_103' title='bbox 561 2079 677 2142; x_wconf 87' lang='lat' dir='ltr'>morte</span> <span class='ocrx_word' id='word_1_104' title='bbox 699 2057 845 2147; x_wconf 87' lang='lat' dir='ltr'>luenda,</span> <span class='ocrx_word' id='word_1_105' title='bbox 877 2057 1298 2156; x_wconf 79' lang='lat' dir='ltr'>nascebanturcrimrna,</span> <span class='ocrx_word' id='word_1_106' title='bbox 1330 2063 1389 2140; x_wconf 90' lang='lat' dir='ltr'>sed</span> <span class='ocrx_word' id='word_1_107' title='bbox 1416 2083 1491 2142; x_wconf 85' lang='lat' dir='ltr'>tan·</span> 
     </span>
     <span class='ocr_line' id='line_1_13' title="bbox 281 2151 1501 2251; baseline 0.001 -14"><span class='ocrx_word' id='word_1_108' title='bbox 281 2181 360 2237; x_wconf 89' lang='lat' dir='ltr'>tum</span> <span class='ocrx_word' id='word_1_109' title='bbox 393 2158 583 2233; x_wconf 90' lang='lat' dir='ltr'>secundum</span> <span class='ocrx_word' id='word_1_110' title='bbox 621 2153 846 2251; x_wconf 84' lang='lat' dir='ltr'>prudentiam</span> <span class='ocrx_word' id='word_1_111' title='bbox 877 2151 1087 2249; x_wconf 82' lang='lat' dir='ltr'>politicam,</span> <span class='ocrx_word' id='word_1_112' title='bbox 1123 2175 1175 2238; x_wconf 67' lang='lat' dir='ltr'>et,</span> <span class='ocrx_word' id='word_1_113' title='bbox 1195 2155 1351 2232; x_wconf 75' lang='lat' dir='ltr'>ranonea</span> <span class='ocrx_word' id='word_1_114' title='bbox 1381 2158 1501 2238; x_wconf 78' lang='lat' dir='ltr'>statut.</span> 
     </span>
     <span class='ocr_line' id='line_1_14' title="bbox 278 2249 1503 2352; baseline -0.001 -18"><span class='ocrx_word' id='word_1_115' title='bbox 278 2257 465 2334; x_wconf 82' lang='lat' dir='ltr'>Memorat</span> <span class='ocrx_word' id='word_1_116' title='bbox 511 2252 630 2325; x_wconf 86' lang='lat' dir='ltr'>uidem</span> <span class='ocrx_word' id='word_1_117' title='bbox 658 2251 788 2330; x_wconf 86' lang='lat' dir='ltr'>Cicero</span> <span class='ocrx_word' id='word_1_118' title='bbox 813 2249 852 2322; x_wconf 77' lang='lat' dir='ltr'>de</span> <span class='ocrx_word' id='word_1_119' title='bbox 875 2252 1003 2343; x_wconf 77' lang='lat' dir='ltr'>legibus</span> <span class='ocrx_word' id='word_1_120' title='bbox 1026 2249 1050 2324; x_wconf 90' lang='lat' dir='ltr'>l.</span> <span class='ocrx_word' id='word_1_121' title='bbox 1075 2251 1123 2326; x_wconf 88' lang='grc' dir='ltr'>Π.</span> <span class='ocrx_word' id='word_1_122' title='bbox 1149 2252 1286 2349; x_wconf 84' lang='lat' dir='ltr'>legem,</span> <span class='ocrx_word' id='word_1_123' title='bbox 1309 2255 1503 2352; x_wconf 76' lang='lat' dir='ltr'>Separatim</span> 
     </span>
     <span class='ocr_line' id='line_1_15' title="bbox 191 2343 1504 2447; baseline 0.001 -20"><span class='ocrx_word' id='word_1_124' title='bbox 191 2359 193 2363; x_wconf 82' lang='lat'>&#39;</span> <span class='ocrx_word' id='word_1_125' title='bbox 276 2350 476 2429; x_wconf 77' lang='lat' dir='ltr'>nemo&#39;lrabe</span> <span class='ocrx_word' id='word_1_126' title='bbox 502 2365 532 2422; x_wconf 83' lang='lat' dir='ltr'>tt</span> <span class='ocrx_word' id='word_1_127' title='bbox 557 2349 668 2435; x_wconf 86' lang='lat' dir='ltr'>Deor,</span> <span class='ocrx_word' id='word_1_128' title='bbox 700 2369 778 2419; x_wconf 81' lang='lat' dir='ltr'>neue</span> <span class='ocrx_word' id='word_1_129' title='bbox 803 2367 919 2432; x_wconf 77' lang='lat' dir='ltr'>muns,</span> <span class='ocrx_word' id='word_1_130' title='bbox 941 2343 1008 2440; x_wconf 78' lang='lat' dir='ltr'>sed</span> <span class='ocrx_word' id='word_1_131' title='bbox 1029 2367 1070 2418; x_wconf 83' lang='lat' dir='ltr'>ne</span> <span class='ocrx_word' id='word_1_132' title='bbox 1096 2346 1259 2438; x_wconf 67' lang='lat' dir='ltr'>dueum,</span> <span class='ocrx_word' id='word_1_133' title='bbox 1290 2348 1352 2443; x_wconf 78' lang='lat' dir='ltr'>rufi</span> <span class='ocrx_word' id='word_1_134' title='bbox 1372 2355 1504 2447; x_wconf 75' lang='lat' dir='ltr'>publice</span> 
     </span>
     <span class='ocr_line' id='line_1_16' title="bbox 177 2438 1551 2547; baseline 0.001 -25"><span class='ocrx_word' id='word_1_135' title='bbox 177 2510 186 2522; x_wconf 90' lang='lat'><strong>.</strong></span> <span class='ocrx_word' id='word_1_136' title='bbox 279 2447 447 2547; x_wconf 80' lang='lat' dir='ltr'>adscitur,</span> <span class='ocrx_word' id='word_1_137' title='bbox 468 2448 623 2539; x_wconf 74' lang='lat' dir='ltr'>priuatim</span> <span class='ocrx_word' id='word_1_138' title='bbox 637 2440 784 2530; x_wconf 79' lang='lat' dir='ltr'>colunto,</span> <span class='ocrx_word' id='word_1_139' title='bbox 808 2438 868 2513; x_wconf 86' lang='lat' dir='ltr'>sed</span> <span class='ocrx_word' id='word_1_140' title='bbox 891 2442 965 2514; x_wconf 88' lang='lat' dir='ltr'>ase</span> <span class='ocrx_word' id='word_1_141' title='bbox 989 2438 1066 2536; x_wconf 88' lang='lat' dir='ltr'>ipso</span> <span class='ocrx_word' id='word_1_142' title='bbox 1089 2439 1314 2536; x_wconf 82' lang='lat' dir='ltr'>fabricatam,</span> <span class='ocrx_word' id='word_1_143' title='bbox 1338 2467 1414 2522; x_wconf 90' lang='lat' dir='ltr'>non</span> <span class='ocrx_word' id='word_1_144' title='bbox 1437 2473 1502 2546; x_wconf 91' lang='lat' dir='ltr'>pu·</span> <span class='ocrx_word' id='word_1_145' title='bbox 1530 2511 1551 2544; x_wconf 56' lang='lat' dir='ltr'><em>s</em></span> 
     </span>
     <span class='ocr_line' id='line_1_17' title="bbox 282 2535 1526 2634; baseline -0.001 -16"><span class='ocrx_word' id='word_1_146' title='bbox 282 2548 378 2623; x_wconf 85' lang='lat' dir='ltr'>blice</span> <span class='ocrx_word' id='word_1_147' title='bbox 401 2541 585 2628; x_wconf 73' lang='lat' dir='ltr'>sancituri,</span> <span class='ocrx_word' id='word_1_148' title='bbox 608 2537 765 2632; x_wconf 77' lang='lat' dir='ltr'>adeoque</span> <span class='ocrx_word' id='word_1_149' title='bbox 790 2557 862 2616; x_wconf 86' lang='lat' dir='ltr'>non</span> <span class='ocrx_word' id='word_1_150' title='bbox 884 2557 952 2631; x_wconf 88' lang='lat' dir='ltr'>pro</span> <span class='ocrx_word' id='word_1_151' title='bbox 976 2536 1057 2634; x_wconf 81' lang='lat' dir='ltr'>lege</span> <span class='ocrx_word' id='word_1_152' title='bbox 1077 2535 1526 2634; x_wconf 75' lang='lat' dir='ltr'>duodecim-tabularum,</span> 
     </span>
     <span class='ocr_line' id='line_1_18' title="bbox 279 2630 1504 2732; baseline -0.001 -16"><span class='ocrx_word' id='word_1_153' title='bbox 279 2662 354 2716; x_wconf 77' lang='lat' dir='ltr'>nec</span> <span class='ocrx_word' id='word_1_154' title='bbox 378 2633 468 2732; x_wconf 88' lang='lat' dir='ltr'>reip.</span> <span class='ocrx_word' id='word_1_155' title='bbox 493 2635 697 2721; x_wconf 85' lang='lat' dir='ltr'>Romanae,</span> <span class='ocrx_word' id='word_1_156' title='bbox 730 2630 945 2720; x_wconf 83' lang='lat' dir='ltr'>habendam,</span> <span class='ocrx_word' id='word_1_157' title='bbox 973 2651 1037 2706; x_wconf 90' lang='lat' dir='ltr'>aut</span> <span class='ocrx_word' id='word_1_158' title='bbox 1059 2655 1081 2705; x_wconf 84' lang='lat' dir='ltr'>a</span> <span class='ocrx_word' id='word_1_159' title='bbox 1103 2633 1258 2712; x_wconf 83' lang='lat' dir='ltr'>Romulo</span> <span class='ocrx_word' id='word_1_160' title='bbox 1281 2637 1504 2732; x_wconf 72' lang='lat' dir='ltr'>prosettam,</span> 
     </span>
     <span class='ocr_line' id='line_1_19' title="bbox 158 2725 1506 2823; baseline -0.001 -14"><span class='ocrx_word' id='word_1_161' title='bbox 158 2778 162 2785; x_wconf 93' lang='lat'>·</span> <span class='ocrx_word' id='word_1_162' title='bbox 276 2754 423 2814; x_wconf 71' lang='lat' dir='ltr'>tantum</span> <span class='ocrx_word' id='word_1_163' title='bbox 454 2729 572 2807; x_wconf 76' lang='lat' dir='ltr'>Coetus</span> <span class='ocrx_word' id='word_1_164' title='bbox 604 2730 769 2814; x_wconf 61' lang='lat' dir='ltr'>amoeni,</span> <span class='ocrx_word' id='word_1_165' title='bbox 811 2743 974 2823; x_wconf 84' lang='lat' dir='ltr'>tanquam</span> <span class='ocrx_word' id='word_1_166' title='bbox 1007 2725 1183 2821; x_wconf 88' lang='lat' dir='ltr'>seditiosi,</span> <span class='ocrx_word' id='word_1_167' title='bbox 1217 2729 1323 2807; x_wconf 82' lang='lat' dir='ltr'>vetiti</span> <span class='ocrx_word' id='word_1_168' title='bbox 1356 2731 1506 2815; x_wconf 81' lang='lat' dir='ltr'>fuerunt</span> 
     </span>
     <span class='ocr_line' id='line_1_20' title="bbox 280 2822 1526 2933; baseline 0.002 -28"><span class='ocrx_word' id='word_1_169' title='bbox 280 2855 353 2933; x_wconf 74' lang='lat' dir='ltr'>per</span> <span class='ocrx_word' id='word_1_170' title='bbox 378 2830 410 2901; x_wconf 91' lang='lat' dir='ltr'>le</span> <span class='ocrx_word' id='word_1_171' title='bbox 437 2848 494 2899; x_wconf 87' lang='lat' dir='ltr'>ern</span> <span class='ocrx_word' id='word_1_172' title='bbox 518 2822 667 2919; x_wconf 84' lang='lat' dir='ltr'>aliquam</span> <span class='ocrx_word' id='word_1_173' title='bbox 687 2823 852 2896; x_wconf 72' lang='lat' dir='ltr'>duodecim</span> <span class='ocrx_word' id='word_1_174' title='bbox 881 2825 1091 2899; x_wconf 69' lang='lat' dir='ltr'>catulorum:</span> <span class='ocrx_word' id='word_1_175' title='bbox 1131 2828 1269 2923; x_wconf 80' lang='lat' dir='ltr'>collegia</span> <span class='ocrx_word' id='word_1_176' title='bbox 1290 2830 1430 2921; x_wconf 78' lang='lat' dir='ltr'>illicita,</span> <span class='ocrx_word' id='word_1_177' title='bbox 1470 2848 1526 2917; x_wconf 73' lang='lat' dir='ltr'>et,</span> 
     </span>
     <span class='ocr_line' id='line_1_21' title="bbox 280 2915 1505 3027; baseline 0.001 -22"><span class='ocrx_word' id='word_1_178' title='bbox 280 2929 397 3006; x_wconf 70' lang='lat' dir='ltr'>ennae</span> <span class='ocrx_word' id='word_1_179' title='bbox 429 2927 502 2995; x_wconf 81' lang='lat' dir='ltr'>inor</span> <span class='ocrx_word' id='word_1_180' title='bbox 527 2922 700 3017; x_wconf 70' lang='lat' dir='ltr'>cutionrr,</span> <span class='ocrx_word' id='word_1_181' title='bbox 724 2915 841 2991; x_wconf 84' lang='lat' dir='ltr'>multis</span> <span class='ocrx_word' id='word_1_182' title='bbox 866 2917 971 3027; x_wconf 82' lang='lat' dir='ltr'>saepe</span> <span class='ocrx_word' id='word_1_183' title='bbox 993 2919 1135 2993; x_wconf 88' lang='lat' dir='ltr'>suerunt</span> <span class='ocrx_word' id='word_1_184' title='bbox 1155 2922 1336 2998; x_wconf 89' lang='lat' dir='ltr'>coercitae</span> <span class='ocrx_word' id='word_1_185' title='bbox 1360 2927 1505 3005; x_wconf 72' lang='lat' dir='ltr'>euntia</span> 
     </span>
     <span class='ocr_line' id='line_1_22' title="bbox 275 3013 1524 3210; baseline -0.004 -12"><span class='ocrx_word' id='word_1_186' title='bbox 275 3013 1524 3210; x_wconf 43' lang='lat' dir='ltr'>{lau,ieiunationumanusalulate·</span> 
     </span>
     <span class='ocr_line' id='line_1_23' title="bbox 250 3169 1507 3312; baseline -0.002 -20"><span class='ocrx_word' id='word_1_187' title='bbox 250 3201 254 3209; x_wconf 42' lang='lat'>⁵</span> <span class='ocrx_word' id='word_1_188' title='bbox 283 3214 443 3294; x_wconf 78' lang='lat' dir='ltr'>schelius</span> <span class='ocrx_word' id='word_1_189' title='bbox 458 3211 502 3283; x_wconf 91' lang='lat' dir='ltr'>de</span> <span class='ocrx_word' id='word_1_190' title='bbox 522 3215 600 3305; x_wconf 72' lang='lat' dir='ltr'>jun</span> <span class='ocrx_word' id='word_1_191' title='bbox 619 3169 741 3306; x_wconf 77' lang='lat' dir='ltr'>inperii.</span> <span class='ocrx_word' id='word_1_192' title='bbox 794 3205 1007 3283; x_wconf 88' lang='lat' dir='ltr'>Christianos</span> <span class='ocrx_word' id='word_1_193' title='bbox 1022 3237 1057 3282; x_wconf 77' lang='lat' dir='ltr'>a.</span> <span class='ocrx_word' id='word_1_194' title='bbox 1081 3208 1151 3282; x_wconf 90' lang='lat' dir='ltr'>sese</span> <span class='ocrx_word' id='word_1_195' title='bbox 1171 3232 1358 3307; x_wconf 88' lang='lat' dir='ltr'>receptae,</span> <span class='ocrx_word' id='word_1_196' title='bbox 1382 3234 1423 3287; x_wconf 93' lang='lat' dir='ltr'>et</span> <span class='ocrx_word' id='word_1_197' title='bbox 1438 3238 1507 3312; x_wconf 93' lang='lat' dir='ltr'>pu·</span> 
     </span>
     <span class='ocr_line' id='line_1_24' title="bbox 286 3303 1507 3391; baseline -0.001 -6"><span class='ocrx_word' id='word_1_198' title='bbox 286 3314 378 3386; x_wconf 91' lang='lat' dir='ltr'>blica</span> <span class='ocrx_word' id='word_1_199' title='bbox 407 3306 597 3379; x_wconf 88' lang='lat' dir='ltr'>autoritate</span> <span class='ocrx_word' id='word_1_200' title='bbox 630 3306 803 3391; x_wconf 87' lang='lat' dir='ltr'>munitae,</span> <span class='ocrx_word' id='word_1_201' title='bbox 847 3322 883 3376; x_wconf 91' lang='lat' dir='ltr'>et</span> <span class='ocrx_word' id='word_1_202' title='bbox 913 3326 996 3377; x_wconf 85' lang='lat' dir='ltr'>curn</span> <span class='ocrx_word' id='word_1_203' title='bbox 1020 3303 1168 3376; x_wconf 87' lang='lat' dir='ltr'>civitate</span> <span class='ocrx_word' id='word_1_204' title='bbox 1194 3325 1264 3379; x_wconf 86' lang='lat' dir='ltr'>tam</span> <span class='ocrx_word' id='word_1_205' title='bbox 1297 3306 1394 3382; x_wconf 73' lang='lat' dir='ltr'>ariie</span> <span class='ocrx_word' id='word_1_206' title='bbox 1417 3333 1507 3385; x_wconf 92' lang='lat' dir='ltr'>con·</span> 
     </span>
     <span class='ocr_line' id='line_1_25' title="bbox 278 3397 1508 3576; baseline 0.004 -5"><span class='ocrx_word' id='word_1_207' title='bbox 278 3397 1508 3576; x_wconf 35' lang='lat' dir='ltr'>ui&amp;mleitanuartelli”ullulantium</span> 
     </span>
     <span class='ocr_line' id='line_1_26' title="bbox 282 3515 1511 3698; baseline 0.006 -30"><span class='ocrx_word' id='word_1_208' title='bbox 282 3522 439 3698; x_wconf 54' lang='lat' dir='ltr'>ieiium,</span> <span class='ocrx_word' id='word_1_209' title='bbox 465 3586 551 3684; x_wconf 84' lang='lat' dir='ltr'>Just.</span> <span class='ocrx_word' id='word_1_210' title='bbox 576 3590 687 3660; x_wconf 77' lang='lat' dir='ltr'>Mart.</span> <span class='ocrx_word' id='word_1_211' title='bbox 705 3544 810 3696; x_wconf 71' lang='lat' dir='ltr'>Appi.</span> <span class='ocrx_word' id='word_1_212' title='bbox 837 3583 923 3694; x_wconf 54' lang='lat' dir='ltr'>Li</span> <span class='ocrx_word' id='word_1_213' title='bbox 951 3515 1012 3682; x_wconf 69' lang='lat' dir='ltr'>qag.</span> <span class='ocrx_word' id='word_1_214' title='bbox 1057 3522 1400 3690; x_wconf 71' lang='lat' dir='ltr'>Habebaturputique</span> <span class='ocrx_word' id='word_1_215' title='bbox 1419 3594 1511 3675; x_wconf 87' lang='lat' dir='ltr'>illud</span> 
     </span>
     <span class='ocr_line' id='line_1_27' title="bbox 281 3676 1511 3793; baseline 0.006 -30"><span class='ocrx_word' id='word_1_216' title='bbox 281 3714 353 3792; x_wconf 76' lang='lat' dir='ltr'>pro</span> <span class='ocrx_word' id='word_1_217' title='bbox 378 3686 525 3760; x_wconf 78' lang='lat' dir='ltr'>crimine</span> <span class='ocrx_word' id='word_1_218' title='bbox 563 3681 670 3757; x_wconf 81' lang='lat' dir='ltr'>laesae</span> <span class='ocrx_word' id='word_1_219' title='bbox 693 3676 888 3776; x_wconf 79' lang='lat' dir='ltr'>MaJestaus</span> <span class='ocrx_word' id='word_1_220' title='bbox 923 3685 1065 3779; x_wconf 87' lang='lat' dir='ltr'>populi,</span> <span class='ocrx_word' id='word_1_221' title='bbox 1109 3706 1147 3759; x_wconf 89' lang='lat' dir='ltr'>et</span> <span class='ocrx_word' id='word_1_222' title='bbox 1180 3689 1223 3762; x_wconf 90' lang='lat' dir='ltr'>ad</span> <span class='ocrx_word' id='word_1_223' title='bbox 1256 3686 1382 3764; x_wconf 88' lang='lat' dir='ltr'>statum</span> <span class='ocrx_word' id='word_1_224' title='bbox 1416 3695 1511 3793; x_wconf 85' lang='lat' dir='ltr'>reip.</span> 
     </span>
     <span class='ocr_line' id='line_1_28' title="bbox 282 3775 1509 3881; baseline 0.002 -21"><span class='ocrx_word' id='word_1_225' title='bbox 282 3781 522 3864; x_wconf 85' lang='lat' dir='ltr'>evertendum</span> <span class='ocrx_word' id='word_1_226' title='bbox 556 3778 737 3851; x_wconf 88' lang='lat' dir='ltr'>tendente.</span> <span class='ocrx_word' id='word_1_227' title='bbox 767 3775 1011 3870; x_wconf 79' lang='lat' dir='ltr'>Accedebat,</span> <span class='ocrx_word' id='word_1_228' title='bbox 1046 3804 1111 3855; x_wconf 85' lang='lat' dir='ltr'>eos</span> <span class='ocrx_word' id='word_1_229' title='bbox 1137 3803 1359 3858; x_wconf 89' lang='lat' dir='ltr'>contemtum</span> <span class='ocrx_word' id='word_1_230' title='bbox 1386 3785 1509 3881; x_wconf 90' lang='lat' dir='ltr'>suum,</span> 
     </span>
     <span class='ocr_line' id='line_1_29' title="bbox 312 3873 1529 3972; baseline 0.009 -23"><span class='ocrx_word' id='word_1_231' title='bbox 312 3908 358 3958; x_wconf 81' lang='lat' dir='ltr'>uo</span> <span class='ocrx_word' id='word_1_232' title='bbox 385 3874 593 3972; x_wconf 81' lang='lat' dir='ltr'>religionem</span> <span class='ocrx_word' id='word_1_233' title='bbox 623 3874 815 3947; x_wconf 85' lang='lat' dir='ltr'>Romanam</span> <span class='ocrx_word' id='word_1_234' title='bbox 845 3873 1073 3969; x_wconf 70' lang='lat' dir='ltr'>sumebant,</span> <span class='ocrx_word' id='word_1_235' title='bbox 1097 3879 1195 3951; x_wconf 89' lang='lat' dir='ltr'>omni</span> <span class='ocrx_word' id='word_1_236' title='bbox 1219 3880 1326 3954; x_wconf 84' lang='lat' dir='ltr'>modo</span> <span class='ocrx_word' id='word_1_237' title='bbox 1351 3885 1529 3961; x_wconf 74' lang='lat' dir='ltr'>censitae</span> 
     </span>
     <span class='ocr_line' id='line_1_30' title="bbox 172 3910 1510 4069; baseline 0.004 -18"><span class='ocrx_word' id='word_1_238' title='bbox 172 3992 179 4022; x_wconf 76' lang='lat'><em>³</em></span> <span class='ocrx_word' id='word_1_239' title='bbox 278 3910 389 4057; x_wconf 55' lang='lat' dir='ltr'>inille</span> <span class='ocrx_word' id='word_1_240' title='bbox 418 3969 664 4045; x_wconf 86' lang='lat' dir='ltr'>demonstrare.</span> <span class='ocrx_word' id='word_1_241' title='bbox 719 3969 851 4065; x_wconf 82' lang='lat' dir='ltr'>Templa</span> <span class='ocrx_word' id='word_1_242' title='bbox 876 3988 913 4044; x_wconf 82' lang='lat' dir='ltr'>ut</span> <span class='ocrx_word' id='word_1_243' title='bbox 946 3972 1039 4065; x_wconf 74' lang='lat' dir='ltr'>bulla</span> <span class='ocrx_word' id='word_1_244' title='bbox 1062 3973 1260 4069; x_wconf 80' lang='lat' dir='ltr'>despiciunt,</span> <span class='ocrx_word' id='word_1_245' title='bbox 1292 3980 1402 4066; x_wconf 83' lang='lat' dir='ltr'>verba</span> <span class='ocrx_word' id='word_1_246' title='bbox 1429 3983 1510 4056; x_wconf 89' lang='lat' dir='ltr'>sunt</span> 
     </span>
     <span class='ocr_line' id='line_1_31' title="bbox 278 4066 1509 4167; baseline 0.006 -23"><span class='ocrx_word' id='word_1_247' title='bbox 278 4066 453 4157; x_wconf 75' lang='lat' dir='ltr'>caecilii,</span> <span class='ocrx_word' id='word_1_248' title='bbox 472 4066 655 4162; x_wconf 85' lang='lat' dir='ltr'>gentilium</span> <span class='ocrx_word' id='word_1_249' title='bbox 674 4066 833 4167; x_wconf 77' lang='lat' dir='ltr'>acerrimi</span> <span class='ocrx_word' id='word_1_250' title='bbox 850 4071 1014 4164; x_wconf 88' lang='lat' dir='ltr'>patroni,</span> <span class='ocrx_word' id='word_1_251' title='bbox 1031 4071 1123 4163; x_wconf 90' lang='lat' dir='ltr'>apud</span> <span class='ocrx_word' id='word_1_252' title='bbox 1140 4070 1335 4145; x_wconf 86' lang='lat' dir='ltr'>Minatium</span> <span class='ocrx_word' id='word_1_253' title='bbox 1348 4076 1509 4152; x_wconf 86' lang='lat' dir='ltr'>Felicem</span> 
     </span>
     <span class='ocr_line' id='line_1_32' title="bbox 276 4161 1509 4262; baseline 0.006 -22"><span class='ocrx_word' id='word_1_254' title='bbox 276 4172 327 4247; x_wconf 72' lang='lat' dir='ltr'>«in</span> <span class='ocrx_word' id='word_1_255' title='bbox 346 4161 518 4252; x_wconf 78' lang='lat' dir='ltr'>Odiavio,</span> <span class='ocrx_word' id='word_1_256' title='bbox 546 4163 634 4235; x_wconf 84' lang='lat' dir='ltr'>Deos</span> <span class='ocrx_word' id='word_1_257' title='bbox 655 4163 852 4259; x_wconf 75' lang='lat' dir='ltr'>despiciunt,</span> <span class='ocrx_word' id='word_1_258' title='bbox 877 4167 982 4240; x_wconf 81' lang='lat' dir='ltr'>rident</span> <span class='ocrx_word' id='word_1_259' title='bbox 997 4163 1121 4260; x_wconf 84' lang='lat' dir='ltr'>sacra,</span> <span class='ocrx_word' id='word_1_260' title='bbox 1137 4164 1347 4262; x_wconf 76' lang='lat' dir='ltr'>sacerdotum</span> <span class='ocrx_word' id='word_1_261' title='bbox 1370 4172 1509 4248; x_wconf 74' lang='lat' dir='ltr'>nouom</span> 
     </span>
     <span class='ocr_line' id='line_1_33' title="bbox 277 4259 1507 4362; baseline 0.007 -27"><span class='ocrx_word' id='word_1_262' title='bbox 277 4283 320 4342; x_wconf 62' lang='lat' dir='ltr'>et</span> <span class='ocrx_word' id='word_1_263' title='bbox 343 4280 502 4360; x_wconf 79' lang='lat' dir='ltr'>purpuras</span> <span class='ocrx_word' id='word_1_264' title='bbox 526 4259 714 4353; x_wconf 78' lang='lat' dir='ltr'>despiciunt.</span> <span class='ocrx_word' id='word_1_265' title='bbox 764 4262 803 4347; x_wconf 79' lang='grc' dir='ltr'>β.</span> <span class='ocrx_word' id='word_1_266' title='bbox 827 4259 973 4332; x_wconf 78' lang='lat' dir='ltr'>Occasio</span> <span class='ocrx_word' id='word_1_267' title='bbox 996 4285 1135 4357; x_wconf 89' lang='lat' dir='ltr'>quoque</span> <span class='ocrx_word' id='word_1_268' title='bbox 1151 4259 1327 4338; x_wconf 85' lang='lat' dir='ltr'>Atheismi</span> <span class='ocrx_word' id='word_1_269' title='bbox 1352 4266 1434 4362; x_wconf 78' lang='lat' dir='ltr'>ipsis</span> <span class='ocrx_word' id='word_1_270' title='bbox 1451 4271 1507 4345; x_wconf 87' lang='lat' dir='ltr'>in·</span> 
     </span>
     <span class='ocr_line' id='line_1_34' title="bbox 279 4353 1508 4502; baseline -0.002 -64"><span class='ocrx_word' id='word_1_271' title='bbox 279 4357 436 4465; x_wconf 65' lang='lat' dir='ltr'>putandi</span> <span class='ocrx_word' id='word_1_272' title='bbox 458 4353 546 4433; x_wconf 86' lang='lat' dir='ltr'>ltine</span> <span class='ocrx_word' id='word_1_273' title='bbox 567 4354 638 4431; x_wconf 86' lang='lat' dir='ltr'>luit</span> <span class='ocrx_word' id='word_1_274' title='bbox 663 4373 762 4431; x_wconf 85' lang='lat' dir='ltr'>nata:</span> <span class='ocrx_word' id='word_1_275' title='bbox 794 4356 839 4429; x_wconf 86' lang='lat' dir='ltr'>de</span> <span class='ocrx_word' id='word_1_276' title='bbox 863 4378 934 4454; x_wconf 90' lang='lat' dir='ltr'>quo</span> <span class='ocrx_word' id='word_1_277' title='bbox 958 4355 1030 4433; x_wconf 87' lang='lat' dir='ltr'>vid.</span> <span class='ocrx_word' id='word_1_278' title='bbox 1054 4357 1206 4472; x_wconf 79' lang='lat' dir='ltr'>Juliinur</span> <span class='ocrx_word' id='word_1_279' title='bbox 1231 4362 1388 4460; x_wconf 83' lang='lat' dir='ltr'>Martyr.</span> <span class='ocrx_word' id='word_1_280' title='bbox 1413 4368 1508 4502; x_wconf 66' lang='lat' dir='ltr'>apql.</span> 
     </span>
    </p>
   </div>
   <div class='ocr_carea' id='block_1_3' title="bbox 0 0 1830 5500">
    <p class='ocr_par' dir='ltr' id='par_1_3' title="bbox 0 0 1830 5500">
     <span class='ocr_line' id='line_1_35' title="bbox 0 0 1830 5500; baseline 0 0"><span class='ocrx_word' id='word_1_281' title='bbox 0 0 1830 5500; x_wconf 95' lang='lat' dir='ltr'> </span> 
     </span>
    </p>
   </div>
  </div>
 </body>
</html>
