3609 5500
419 738 494 811 444
818 706 1119 811 maurannus.
1147 704 1266 809 curm.

420 896 556 995 gemmis
577 884 812 987 prutinſsfflntis
838 887 1064 986 exquisitiora,
1105 888 1195 965 dicit
1223 880 1375 961 Ecclesia
1405 870 1604 979 Smytm‚se

416 986 562 1095 Jiudiose
589 988 688 1080 colleg
691 986 766 1082 ffe,
790 1010 832 1059 ac
857 990 985 1060 decente
1012 990 1047 1058 in
1071 987 1136 1060 loco
1158 984 1341 1081 reposuiffe,
1375 979 1467 1054 stmul
1488 994 1607 1071 optare,

427 1092 603 1165 Durninunt
617 1086 791 1171 daturum,
818 1100 876 1172 ut,
899 1088 945 1156 ibi
969 1086 1002 1154 in
1018 1104 1115 1154 anum
1140 1085 1258 1169 couiii,
1282 1102 1355 1153 cunr
1373 1074 1567 1172 exsultatione
1586 1076 1612 1138 st

423 1184 564 1283 gaudio,
590 1179 732 1285 natalem
752 1182 902 1273 martyrii
918 1184 989 1275 ejus
1005 1180 1088 1251 niem
1108 1178 1265 1252 celebrare
1280 1170 1412 1271 pnffint.
1452 1171 1518 1243 Dat
1531 1184 1611 1261 prae·

425 1301 525 1356 terea
549 1276 727 1371 duplicem
759 1278 866 1347 moris
893 1274 1022 1363 finem,
1057 1295 1096 1347 ut
1120 1276 1268 1345 memoria
1293 1270 1425 1345 scilicet
1449 1276 1612 1355 martyrum

425 1376 674 1459 conservetur,
699 1389 737 1442 et
761 1366 983 1467 superstitum
1006 1369 1163 1443 alacritas
1187 1387 1224 1441 et
1241 1365 1435 1441 raucitatis
1452 1383 1493 1433 eo
1507 1374 1609 1430 accen·

424 1474 569 1549 deretur
576 1491 589 1555 3
612 1466 672 1539 sed
697 1463 819 1560 postea
841 1463 928 1539 hinc
951 1462 1153 1560 superstitio
1175 1482 1213 1537 et
1238 1459 1423 1536 invocatio
1438 1457 1608 1548 Martyrum

426 1586 504 1643 orta
529 1560 602 1651 est,
635 1558 919 1652 utensitibus,
979 1556 1074 1633 ostea
1096 1557 1320 1646 introduitis‚
1346 1574 1483 1652 qunque
1505 1540 1608 1621 elums·

425 1664 489 1740 cit.
536 1654 758 1765 Memoravit
783 1679 923 1753 quoque
951 1584 1041 1729 iaec
1074 1657 1227 1727 natalitia
1260 1652 1411 1726 Tertull.
1445 1668 1537 1721 coron
1562 1637 1609 1709 m'·

424 1762 502 1847 tin,
523 1754 706 1850 dicitque,
736 1773 845 1824 annua
873 1752 925 1823 die
944 1771 1002 1847 pro
1028 1752 1194 1823 natalitiis
1212 1749 1292 1845 fieri
1318 1746 1512 1827 ablationem
1539 1735 1610 1809 cele

424 1856 612 1932 brabantur
635 1848 730 1919 enirn
753 1870 817 1942 per
839 1844 1065 1944 eucharistiam
1089 1847 1318 1934 Dominicam,
1344 1861 1383 1915 et
1404 1838 1530 1911 donaria
1547 1848 1611 1937 pat·

420 1951 555 2046 peribus
579 1941 819 2039 distribuenda:
853 1943 971 2037 quales
997 1941 1192 2015 oblationes
1241 1964 1281 2013 ro
1307 1934 1456 2011 mortuis
1479 1931 1540 2005 suis
1558 1943 1609 1996 err·

423 2068 481 2121 am
504 2065 525 2114 a
547 2034 817 2133 consanguineis
839 2036 919 2110 fieri
953 2037 1126 2127 solebant,
1164 1964 1253 2110 relic
1277 2032 1429 2107 Tertull.
1453 2027 1495 2102 de
1517 2024 1610 2097 Munn-

420 2162 513 2237 ganu
563 2134 623 2206 De
652 2154 723 2229 quo
748 2128 879 2227 postea.
931 2132 1021 2229 Legi
1042 2150 1184 2228 praeter
1208 2132 1295 2205 alios
1310 2130 1356 2203 de
1372 2125 1530 2201 natalitiis
1543 2138 1610 2187 nar·

422 2257 531 2335 tyrum
553 2247 710 2302 meretur
734 2228 779 2301 Sa
805 2226 942 2301 ittarius
965 2228 1001 2303 in
1024 2225 1191 2325 peculiari
1214 2218 1347 2300 libello.

498 2384 507 2402 .
532 2322 731 2433 mxxxix,
804 2322 909 2396 imiae
936 2320 1193 2412 venerationis,
1216 2343 1259 2397 ac
1282 2314 1494 2393 adomtionit
1519 2304 1608 2412 Crtfsl

422 2418 554 2498 Christt
574 2415 669 2513 jacta
692 2439 831 2512 quoque
853 2416 926 2490 hoc
948 2415 1039 2508 sec„
1062 2418 1105 2505 ad
1127 2416 1233 2490 finem
1260 2434 1454 2511 vergente,
1477 2426 1512 2481 et
1533 2405 1609 2477 dem·

420 2540 526 2613 ceps,
551 2511 631 2585 sunt
654 2508 907 2599 fundamenta,
931 2512 1014 2585 dum
1032 2535 1174 2587 crucem
1198 2511 1418 2589 materialem
1437 2500 1546 2581 nimiis
1565 2514 1608 2567 or·

266 2608 270 2615 ’
358 2608 362 2614 ’
422 2609 542 2687 narint
566 2603 712 2699 elogiis,
753 2603 893 2701 seseque
921 2606 1036 2681 crucis
1061 2607 1158 2703 signo
1185 2606 1386 2681 transitorio
1418 2593 1605 2697 notaverint

423 2702 531 2810 Quod
553 2700 692 2800 quidem
717 2697 790 2772 hoc
823 2720 984 2798 ternpore
1018 2726 1167 2776 vacuum
1190 2724 1265 2776 erat
1301 2700 1400 2776 omni
1424 2688 1608 2793 superffittq·

422 2829 493 2893 ne,
526 2819 641 2895 eoque
676 2814 812 2869 tantum
838 2797 947 2894 scopo
979 2797 1107 2886 fiebat,
1143 2817 1181 2872 ut
1208 2796 1393 2872 Christiani
1424 2796 1466 2868 ab
1490 2781 1612 2891 institis·

240 2893 244 2900 ’
385 2919 389 2927 ·
422 2903 489 2979 bus
509 2891 850 2982 discriminarentnr‚
875 2890 1016 2988 seseque
1041 2892 1077 2966 in
1103 2915 1209 2967 cruce
1232 2891 1384 2983 Christi,
1409 2891 1467 2965 seu
1493 2886 1607 2962 enno.

422 2989 618 3080 crucifixo,
650 3011 791 3060 ornnem
816 2989 990 3061 collocare
1013 2987 1199 3080 fiducians,
1233 2986 1518 3068 testificarentur5
1545 2969 1609 3056 sed,

421 3084 608 3250 prpfireffu
633 3085 823 3187 tempatis,
863 3083 935 3154 duo
963 3083 1105 3179 peperit
1128 3083 1235 3157 noxia
1261 3080 1492 3167 contestaris,
1521 3085 1609 3174 tull?

421 3204 469 3275 qu
540 3199 628 3250 crux
651 3177 814 3279 religiose
840 3177 1002 3268 coeperit
1028 3176 1120 3264 coli,
1161 3181 1329 3267 alterurn,
1360 3175 1454 3274 quod
1482 3161 1610 3243 Gennlt·

421 3275 489 3381 pus
521 3269 606 3376 inde
645 3268 755 3339 suerit
790 3266 925 3340 occasio
956 3287 1037 3342 nata
1069 3271 1273 3347 Christianis
1312 3273 1389 3368 ejus
1425 3265 1606 3344 ausanium

419 3363 619 3470 amputandi.
648 3360 770 3471 'Inter
795 3361 984 3436 calumnias
1006 3363 1122 3457 enirn,
1147 3366 1270 3465 quibus
1295 3367 1505 3440 christianos
1525 3370 1606 3428 nota·

416 3478 505 3537 runt
514 3511 526 3548 ,
551 3456 620 3529 furt
642 3477 713 3548 jam
737 3475 900 3564 tempore
919 3458 1067 3534 Tertull.
1093 3486 1144 3536 eos
1168 3464 1228 3559 effe
1253 3466 1360 3538 crucis
1387 3454 1556 3554 religiosos,
1577 3461 1608 3517 Ul

417 3555 477 3663 cst·
503 3553 597 3648 apud
622 3547 738 3657 ipsum
772 3575 810 3622 rn
835 3551 990 3658 Applog.
1023 3578 1054 3628 c.
1081 3564 1154 3631 16.·
1186 3559 1246 3630 Sic
1275 3577 1314 3630 et
1340 3557 1508 3631 Caecilius
1534 3536 1607 3640 apud

416 3651 555 3755 Munus.
578 3646 688 3751 seire..
714 3669 754 3718 nn
779 3643 952 3736 ostano,
977 3652 1086 3725 crucis
1113 3653 1204 3744 ligna
1218 3653 1373 3746 setalia,
1406 3653 1497 3726 inter
1520 3633 1608 3715 caeri-

418 3765 557 3818 momas
581 3737 760 3846 pelignosas
783 3739 1060 3818 Christianorum
1084 3745 1174 3834 esse,
1204 3771 1249 3823 ex
1274 3749 1366 3822 sama
1399 3740 1609 3820 calumniatur·

418 3837 520 3912 Falso
534 3831 697 3931 quidem,
723 3853 762 3906 ut
785 3833 914 3906 diserte
930 3837 1099 3912 ottavius
1112 3841 1205 3935 apud
1223 3845 1396 3931 eundem,
1424 3859 1546 3921 cruces,
1567 3823 1608 3898 di·

259 4015 266 4026 ἱ
416 3955 522 4020 cens,
546 3947 603 4002 nec
629 3928 763 4000 tulimus
787 3952 844 3999 nec
871 3947 1037 4023 pannus,
1063 3953 1103 4006 ut
1120 3954 1157 4006 et
1175 3935 1325 4012 Tertuil.
1351 3939 1371 4009 l.
1399 3959 1455 4025 c.‚
1479 3939 1608 4006 attamen

443 4021 586 4100 rodnnit
607 4019 704 4094 illum
728 4021 857 4096 cultum
883 4024 1075 4122 dtinceps,
1107 4047 1145 4100 et
1167 4051 1263 4105 nunc
1285 4033 1401 4106 ansam
1427 4021 1607 4104 calumnian-

441 4121 451 4138 .
511 4121 680 4196 Ceterum
710 4116 828 4230 crucis
855 4114 978 4216 figno,
1021 4141 1128 4202 manu
1160 4123 1285 4223 fatto,
1315 4127 1466 4226 frontem
1480 4103 1614 4296 cspgffi
