3609 5500
292 942 373 1056 με
581 898 588 958 ³
681 932 832 1043 ranae
849 933 990 1039 narn
1006 934 1122 1041 arnt.
1175 1041 1177 1045 .

295 1057 311 1090 *ἓ
329 1067 341 1095 κ

297 1143 396 1214 mum
420 1117 465 1213 iis
486 1116 612 1214 addat,
642 1117 704 1196 seu
724 1120 907 1213 divinum,
938 1117 1128 1209 meritam,
1160 1114 1266 1215 smrl·
1285 1137 1362 1192 cam
1391 1113 1516 1218 divina
1566 1125 1573 1134 '

297 1207 426 1293 vestiat
458 1211 589 1314 gioria,
630 1214 690 1291 seu
724 1214 762 1290 in
786 1218 862 1291 e'ur
887 1212 1174 1290 communionem
1204 1212 1375 1312 recipiat,
1462 1212 1474 1274 Γ

296 1310 456 1411 respectu
476 1308 527 1386 est
545 1310 751 1403 FiliusDei,
777 1241 1040 1409 eingescentia
1081 1309 1191 1385 loriae
1210 1311 1308 1406 ejus,
1329 1328 1368 1383 et
1382 1308 1422 1383 in
1455 1329 1515 1382 or·

294 1433 355 1484 ma
379 1408 451 1482 Dei
469 1407 608 1500 existit,
635 1407 685 1481 ita
710 1429 749 1482 ut
765 1430 803 1483 ra
827 1407 922 1483 inam
943 1427 1018 1481 non
1067 1426 1170 1498 ucat,
1192 1407 1275 1480 Deo
1292 1403 1362 1479 effe
1385 1425 1517 1501 aequa·

295 1506 388 1594 lem,
414 1502 503 1601 etc.)
530 1504 579 1577 ita
598 1502 773 1579 Christum
845 1502 977 1578 minem
1000 1503 1130 1578 famma
1146 1500 1355 1577 excelientia
1370 1518 1409 1573 et
1427 1501 1512 1610 dig·

293 1598 406 1675 nitate
434 1600 533 1695 supra
560 1616 734 1675 creaturan
750 1616 871 1688 ornat,
913 1598 1142 1696 omnibusque
1168 1596 1321 1694 Spiritus
1347 1596 1384 1670 S.
1405 1593 1516 1672 doma
1574 1638 1576 1642 ·

274 1693 367 1784 ,fine
397 1696 555 1768 mensura
585 1696 723 1791 replet,
763 1693 834 1791 Jes.
855 1694 920 1768 XI.
952 1716 1120 1769 necnon
1148 1691 1186 1768 di
1236 1713 1295 1765 um
1318 1709 1516 1789 aptumque

290 1787 444 1892 praestat
466 1794 671 1865 mediatorem
689 1790 756 1866 Da·
770 1807 808 1863 et
833 1790 993 1866 hominum
1020 1787 1155 1865 rTim.
1181 1792 1229 1864 l.
1280 1785 1402 1893 Qualia
1424 1810 1514 1873 cum,

224 1884 229 1896 ‘
292 1908 379 1962 vere
403 1885 466 1978 fit,
498 1904 539 1960 at
559 1887 731 1985 personae
753 1885 827 1981 ejm
849 1883 1096 1983 conspectum,
1127 1882 1167 1959 in
1191 1908 1238 1959 eo
1263 1881 1385 1972 snum,
1417 1905 1512 1980 pan·

291 1983 371 2057 dam
383 2006 438 2076 ,a
462 1981 563 2056 nobis
582 1981 849 2080 considerandus
859 1978 931 2072 est,
958 1998 1122 2079 tanqtram
1138 2003 1170 2055 1.
1193 1980 1362 2077 singulare
1378 1980 1524 2069 benita-¹

291 2084 336 2154 tir
360 2078 431 2151 Dei
464 2100 548 2176 erga
585 2076 748 2151 hominen
781 2094 820 2149 et
840 2073 1029 2176 sapientiae
1060 2072 1249 2167 effecum,
1286 2097 1329 2150 ac
1356 2070 1512 2171 signum·

241 2213 244 2218 ·
291 2176 372 2280 Qua
397 2173 581 2246 Mediator
602 2171 718 2262 enim,
752 2170 844 2246 ficut
865 2174 983 2247 Deum
1007 2189 1045 2245 et
1069 2169 1255 2247 hominem
1278 2170 1386 2246 habet
1409 2169 1449 2244 in
1467 2168 1509 2246 se

289 2270 449 2358 unitum,
474 2268 523 2341 ita
541 2269 678 2360 Deum,
704 2288 771 2363 qua
787 2286 1015 2364 peccatorum
1034 2264 1165 2365 jnstum
1186 2276 1224 2340 et
1239 2262 1394 2341 fantium
1421 2265 1510 2343 vin·

289 2365 428 2453 dicem,
445 2361 562 2438 reddit
578 2363 777 2459 placatum,
799 2360 895 2436 final
902 2360 1086 2438 hominem
1102 2384 1183 2440 cum
1197 2362 1281 2435 Deo
1296 2358 1394 2440 unit:
1419 2386 1510 2461 qua·

283 2480 390 2535 tenus
421 2456 566 2557 gloriam
596 2456 786 2533 sanctiatis
820 2476 858 2531 et
887 2456 1064 2554 justitiae,
1102 2480 1169 2554 per
1193 2456 1339 2534 hmani
1360 2458 1511 2556 generis

285 2556 417 2653 lapsum
434 2573 472 2627 et
488 2553 748 2643 defectionem,
774 2552 1011 2643 obscuratam,
1035 2556 1095 2627 ve}
1109 2552 1403 2666 sablaamgneo
1416 2555 1505 2631 obe·

264 2649 420 2726 ·dientia
449 2648 506 2724 sun
540 2649 700 2747 perfetta
730 2648 775 2724 ad
805 2666 958 2724 mortem
988 2648 1103 2731 crucis
1132 2649 1259 2747 usque,
1306 2647 1437 2724 reddit
1456 2650 1506 2726 ab

286 2771 356 2823 una
378 2764 498 2843 parte,
526 2765 563 2818 et
590 2747 632 2819 ab
657 2746 764 2819 altera
789 2743 981 2843 imaginem
1004 2744 1076 2820 Dei
1095 2744 1134 2821 in
1156 2743 1304 2820 homine
1325 2742 1503 2838 restituit,

284 2846 497 2937 eumqnead
515 2842 585 2915 Dei
604 2839 888 2939 communionem
912 2859 1078 2932 revocat,
1103 2860 1141 2916 et
1159 2841 1346 2928 transfert,
1370 2863 1404 2918 2.
1427 2860 1505 2918 tan·

266 2956 387 3038 ..quam
420 2935 626 3010 instaurator
652 2934 828 3027 omnium,
863 2952 1032 3033 quatenus
1055 2936 1258 3026 hominem,
1289 2935 1507 3027 fide'secum

283 3037 446 3124 anitum,
470 3031 507 3107 in
523 3032 706 3130 pristinum
723 3029 937 3132 integritatis
953 3031 1099 3124 statum,
1128 3055 1202 3131 quo
1216 3030 1417 3126 exciderat,
1441 3057 1501 3110 re·

282 3130 408 3221 ducit3
443 3126 567 3204 statum
579 3149 674 3300 1puta
699 3128 861 3227 imaginis
882 3128 955 3203 Dei
987 3147 1024 3204 et
1048 3126 1305 3217 communionis
1327 3152 1412 3204 cum·
1433 3151 1504 3226 eo,

283 3254 360 3325 qun
382 3231 463 3302 Deo
488 3225 577 3321 glori
606 3226 741 3316 cando,
767 3250 807 3301 ac
830 3244 994 3300 aeternae
1015 3223 1179 3300 felicitati
1202 3224 1499 3318 haereditandae,

283 3344 384 3419 aptus
410 3321 470 3393 est
521 3346 555 3414 3.
580 3322 744 3416 Denique
771 3343 816 3391 eo
841 3317 1000 3413 respectu
1028 3338 1065 3392 ct
1088 3319 1233 3395 nomine
1257 3319 1329 3413 est,
1352 3343 1383 3399 a.
1406 3321 1502 3396 sum·

283 3440 364 3494 mae
392 3413 464 3487 Dei
501 3413 668 3486 bonitatis
701 3431 739 3485 et
774 3411 953 3486 eharitatis
984 3435 1066 3523 erga
1097 3414 1260 3490 homines
1288 3414 1430 3492 miseros
1462 3436 1503 3493 et

312 3527 519 3597 eccatores,
561 3531 603 3581 ac
639 3507 830 3605 sapientiae
870 3507 1072 3584 admirabrle
1104 3510 1283 3609 specimen
1315 3512 1397 3610 Joh.
1431 3515 1501 3591 ΙΙΙ.

281 3536 358 3684 gol.
373 3606 429 3676 ΙΙ.
461 3603 494 3676 b.
521 3603 705 3679 Virtutum
730 3601 801 3676 Dei
830 3603 987 3700 perfecta
1015 3605 1169 3681 interra
1203 3608 1342 3706 imago,
1376 3624 1500 3685 exem·

282 3704 426 3805 plarque
452 3694 639 3790 summum,
666 3703 707 3775 ab
734 3698 935 3774 hominibus
962 3701 1168 3777 imitandum
1189 3726 1209 3776 2
1227 3708 1308 3777 Cor.
1336 3707 1500 3796 1·11,1V.

281 3821 322 3878 et
335 3796 485 3894 ubique,
510 3819 541 3867 c.
570 3796 835 3870 fundamentum
852 3814 889 3869 et
906 3816 1067 3873 centrum
1084 3798 1219 3874 viarum
1236 3801 1330 3890 Dei,
1357 3799 1419 3875 res
1438 3824 1498 3876 ec·

279 3916 321 3981 tu
340 3889 494 3966 hominis
516 3892 607 3986 Eph.
635 3895 663 3967 1.
712 3891 806 3966 Viae
836 3891 932 3967 enim
949 3895 1046 3986 Dei,
1073 3917 1235 3990 cumpro
1263 3895 1375 3993 scopo
1390 3825 1501 3994 giori-

280 3989 483 4068 ficationcm
519 3988 593 4084 ejus
625 3989 662 4064 in
696 3988 840 4062 homine
865 3987 1038 4081 habeant,
1080 3991 1118 4063 in
1150 3991 1231 4088 Ipso
1266 3995 1499 4085 recumbunt,

280 4088 363 4164 dum
388 4080 517 4170 efficit,
552 4102 591 4154 ut
609 4086 706 4157 Deus
728 4083 872 4181 scopum
895 4082 1120 4181 adsequatur,
1146 4086 1328 4162 hominem
1354 4112 1436 4164 cum
1453 4113 1499 4165 eo

276 4178 485 4275 neduniens,
510 4197 699 4288 aptumque
716 4179 758 4251 ad
777 4202 857 4252 eum
874 4179 1139 4276 glorificandum
1156 4183 1306 4256 red'dens
1328 4185 1361 4260 d.
1387 4186 1501 4278 Amo·
1550 4270 1553 4277 ,

170 4335 172 4338 ψ
279 4281 330 4360 ais
354 4294 392 4350 et
416 4270 694 4370 acquiescentrae
719 4274 790 4348 Dei
816 4275 993 4372 objetium
1019 4275 1208 4368 summum,
1233 4280 1344 4353 Matt.
1369 4281 1439 4358 ΙΙΙ.
1465 4300 1512 4356 et¹

277 4380 387 4487 saepe
420 4369 513 4469 apud
543 4370 628 4468 Joh.
679 4368 845 4469 Denique
878 4395 912 4450 e.
937 4371 1238 4472 objectamenta
1269 4372 1407 4455 nostrae
1416 4395 1516 4545 ,set

272 4488 285 4505 “
361 4498 369 4507 ·
1451 4495 1522 4572 pen
