3609 5500
709 943 716 956 ‘
830 939 1016 1038 Seruili.
1179 952 1182 957 ’
1450 952 1531 1045 379

301 1143 337 1199 ι
364 1143 420 1219 37.
444 1125 707 1219 mateteriam,
739 1131 927 1220 praeteritis
953 1128 1062 1213 nobis,
1087 1121 1153 1222 sno
1167 1129 1245 1221 jare
1281 1150 1338 1200 nos
1362 1128 1526 1202 inimicans

302 1223 419 1314 ralgas
450 1224 576 1294 inuadit
610 1223 771 1322 lapidibus
803 1240 835 1293 et
876 1223 1069 1295 incendiis?
1110 1223 1266 1323 Quarum
1310 1224 1533 1318 querelarum
1635 1243 1638 1250 '

303 1320 415 1389 nulius
440 1316 491 1390 est
515 1318 608 1411 apud
630 1321 749 1392 Patres
781 1315 871 1392 finis.
920 1315 1095 1389 Praesides
1127 1341 1267 1414 quoque
1297 1340 1335 1406 et
1353 1320 1522 1394 Praefec-

301 1430 359 1483 tos
382 1412 677 1509 provinciarum.
692 1414 762 1486 ssve
788 1413 900 1509 plebis
925 1410 1132 1486 clamoribus
1156 1413 1341 1500 incitatos,
1369 1414 1441 1487 sive
1456 1439 1518 1511 pe·
1551 1477 1557 1491 ,

300 1512 404 1581 cunia
433 1530 637 1605 corruptos,
667 1526 704 1580 et
729 1508 875 1582 avaritia
900 1507 1086 1595 accensos,
1119 1508 1231 1583 furori
1261 1508 1371 1604 plebis
1395 1532 1518 1585 manus
1574 1527 1604 1546 ’-

299 1603 527 1699 praebuisse,
568 1628 609 1677 ac
634 1605 670 1678 in
694 1604 909 1678 Christianos
943 1602 1096 1694 irtuiss'e,
1129 1629 1185 1679 res
1210 1603 1262 1679 est
1295 1603 1520 1681 testatiffitne.

296 1698 494 1794 Passennus,
523 1699 651 1796 .inquit
679 1700 782 1772 Tert.
809 1701 851 1774 ad
876 1702 976 1797 Scap.
1010 1724 1042 1774 c.
1069 1724 1103 1795 3.
1131 1726 1229 1796 aeqrse
1252 1718 1285 1773 ee
1309 1706 1417 1776 esitus
1443 1726 1520 1796 qut·

296 1797 437 1869 tantiam
460 1794 647 1889 Praesentem
678 1795 753 1866 Tibi
777 1814 967 1891 proponere,
991 1799 1044 1891 qai
1069 1801 1102 1869 in
1113 1798 1183 1893 fine
1206 1802 1295 1871 vitae
1304 1798 1390 1894 snae
1413 1822 1520 1873 recor·

300 1893 374 1963 deti
387 1890 470 1987 snut
494 1890 677 1987 deliquisse,
701 1895 782 1984 qaod
805 1890 972 1986 nexaffent
999 1891 1215 1985 Christianos:
1240 1917 1386 1989 quorum
1410 1889 1517 1992 aliqui

300 1988 535 2061 recensentur.
583 1992 642 2060 Sic
667 2007 704 2059 et
729 2010 760 2061 c.
786 2010 821 2078 4.
846 2012 923 2059 narn
948 2004 980 2060 et
1011 2009 1095 2061 nune
1121 2014 1143 2061 a
1165 1989 1318 2081 Praeside
1341 1990 1390 2065 re
1413 1993 1517 2083 ionis,

298 2099 334 2158 tt
363 2107 387 2154 a
418 2081 570 2177 Praeſsne
604 2085 857 2171 Mauritaniae,
900 2100 1040 2157 seratur
1069 2082 1130 2158 ite
1163 2087 1286 2160 namen.
1338 2016 1508 2161 Aniena

296 2176 338 2253 in
362 2180 487 2277 legat,
511 2178 817 2274 nand-proculab
834 2178 967 2270 initio„
1001 2182 1206 2274 inperatates
1229 2186 1433 2278 permittere,
1464 2186 1519 2259 dt·

294 2273 523 2363 fontanicis,
560 2274 754 2370 Christianos
779 2277 914 2370 apiet'e
936 2280 1130 2373 exagitari,
1163 2297 1195 2351 et
1219 2277 1349 2375 adfligi.
1400 2282 1523 2366 Actes
1575 2307 1578 2311 ⁵

293 2371 373 2461 dit,
398 2368 472 2467 ipsa
497 2372 741 2471 iaperatorem
765 2370 934 2468 rescripta
960 2374 1079 2469 palirm
1103 2372 1205 2448 fuiffe
1231 2377 1422 2471 ambigua,
1453 2394 1515 2449 aut

293 2466 402 2542 nimis
426 2466 621 2561 generalia,
649 2469 721 2557 uti,
749 2490 805 2543 ex.
831 2490 904 2566 gn,
928 2467 1011 2541 illud
1040 2467 1185 2563 Trajani
1210 2470 1252 2542 ad
1277 2471 1426 2543 Plinium
1454 2494 1511 2565 ep.

292 2585 354 2659 97.
378 2563 403 2639 Ι.
427 2563 471 2637 X.
498 2562 591 2660 quod
617 2562 742 2651 habet,
786 2562 982 2660 Christianos
1017 2566 1240 2661 conquirendos
1272 2590 1332 2639 nnn
1367 2563 1448 2669 effe,
1482 2564 1518 2660 st

292 2659 484 2756 referans&
507 2678 542 2735 et
564 2661 765 2757 arguantur,
802 2662 997 2755 puniendos,
1033 2686 1103 2759 quo
1126 2661 1240 2758 plebis
1262 2662 1412 2762 inpetus
1440 2685 1523 2739 non¹
1547 2750 1553 2762 ¹

290 2757 515 2846 retunditur,
555 2756 614 2831 seu
642 2759 848 2832 vexationes
871 2758 1011 2852 publica
1040 2759 1230 2833 autoritate
1255 2761 1413 2845 munitae
1439 2778 1515 2834 tan·

290 2875 372 2932 tum
405 2852 646 2950 inpediuntur.
697 2852 782 2926 Vid.
815 2873 852 2924 et
887 2851 968 2926 nus.
994 2855 1043 2926 H.
1077 2855 1143 2928 111:
1179 2878 1237 2949 33.
1270 2878 1375 2952 quare
1409 2856 1513 2932 Tert.

291 2951 400 3051 Apol.
426 2973 459 3023 c.
488 2972 519 3023 2.
536 2948 737 3044 sententiam
764 2947 903 3042 arpenas
928 2945 1113 3043 neceffitate
1140 2948 1326 3043 confusam,
1352 2975 1432 3044 qnae
1457 2975 1512 3022 ne·

250 3042 255 3049 ’
290 3064 356 3145 gat
377 3048 622 3144 conquirendos,
647 3061 683 3116 nt
702 3047 902 3129 innatantes,
930 3060 963 3116 et
986 3044 1121 3116 ananam
1142 3049 1274 3138 puniri,
1299 3060 1513 3120 annitentes.

296 3140 470 3220 Hadriani
497 3164 637 3237 quoque
672 3139 873 3233 responsum
900 3137 943 3210 ad
975 3138 1199 3226 Fundanum,
1240 3139 1406 3211 Procons.
1431 3137 1511 3229 Asu

292 3260 359 3329 ae,
382 3236 470 3335 apud
496 3233 573 3310 Eus.
601 3237 650 3309 H.
674 3239 743 3311 IV:
773 3242 829 3309 26.
854 3232 946 3307 etin
966 3234 1096 3308 chron.
1121 3234 1211 3323 fert,
1241 3231 1433 3330 Christianos
1450 3256 1514 3307 non

283 3332 363 3434 fine
384 3336 507 3445 nbjeiin
530 3336 699 3407 criminant
723 3333 990 3406 condemnandas:
1014 3354 1085 3428 quo
1108 3329 1235 3404 eritius
1259 3330 1400 3426 quidem
1426 3353 1512 3405 con·

287 3431 479 3528 stringitur
503 3428 669 3519 vexatio,
696 3427 753 3502 sed
771 3426 913 3525 penitus
939 3450 1012 3501 non
1031 3426 1205 3515 aufertur,
1232 3426 1313 3521 quia
1336 3427 1426 3501 nulla
1444 3427 1511 3504 sta·

285 3528 409 3607 tuitus
429 3547 545 3623 poena
568 3522 801 3614 delatoribus.
834 3543 872 3596 et
905 3524 1049 3621 quaevis
1080 3524 1228 3597 crimina
1254 3547 1318 3620 per
1341 3523 1511 3600 calumni-

291 3648 353 3703 am
378 3621 421 3697 iis
448 3620 553 3716 objici
579 3640 783 3710 potuerunt.
833 3621 1039 3693 Antoninus
1067 3621 1145 3695 Pius
1182 3619 1326 3694 crimina
1352 3619 1408 3693 illa
1435 3645 1513 3695 arc·

293 3717 447 3795 tionibus
483 3716 651 3789 conclusit
682 3716 873 3804 limitibus,
915 3717 953 3789 in
984 3717 1146 3812 rescripto,
1173 3713 1232 3789 suo
1264 3716 1307 3787 ad
1337 3714 1512 3791 Reiiores

295 3812 556 3894 Provinciarum
590 3811 680 3905 apud
712 3814 791 3887 Eus.
817 3813 868 3884 H.
897 3813 967 3884 IV:
999 3835 1052 3905 13.
1086 3812 1184 3904 cujus
1215 3809 1321 3880 etiam
1348 3809 1512 3883 meminit

292 3934 332 3988 e.
360 3912 436 3998 26..
475 3932 555 3982 cum
589 3907 725 3997 vetnit,
770 3903 986 3979 Christianos
1013 3908 1080 3979 nlla
1103 3909 1243 4004 adjicere
1265 3906 1411 4000 injuria,
1446 3903 1509 3998 nifl
1598 3917 1601 3926 '

282 4008 385 4113 farte
414 4023 524 4079 cantra
557 4003 686 4100 flatnnr
720 4004 843 4096 inperii
882 4002 1024 4075 Rotnani
1058 4002 1135 4097 qnid
1171 4001 1275 4073 moliri
1315 4001 1509 4077 siderentur.

288 4108 441 4184 Marcus
464 4099 613 4194 denique
648 4099 812 4174 Aurelius
842 4120 991 4194 poenam
1016 4096 1148 4172 'statuit
1181 4095 1225 4171 iis
1257 4096 1511 4195 infligendam,
1565 4108 1567 4112 '

288 4200 357 4302 qui
385 4193 575 4292 Christianis
591 4193 691 4291 falsa
708 4200 877 4292 inpinguat
894 4196 1053 4286 crimina,
1078 4214 1116 4269 et
1133 4217 1177 4268 eo
1195 4191 1339 4268 nomine
1354 4210 1509 4282 vexant,

285 4326 308 4378 a
341 4296 387 4368 ud
416 4293 495 4366 Eus.
520 4295 569 4366 H.
598 4293 664 4366 IV:
694 4316 709 4366 1
741 4350 750 4367 .
1215 4362 1218 4368 .

280 4323 372 4495 pi.
399 4391 527 4467 CCIV.
565 4316 735 4492 Posterior3
751 4389 883 4474 habet,
923 4385 1100 4463 Veterum
1123 4382 1322 4465 testimonia
1344 4380 1513 4478 paucitati

277 4542 286 4576 .
689 4510 698 4525 ·
824 4472 1004 4578 Duddz
1323 4497 1514 4583 martyrum

1574 4586 1638 4828 Ι
