3609 5500
677 899 704 987 .’
745 909 764 978 .'
809 898 1118 985 Sach1.'Iss..''.
1328 909 1339 920 ⁸
1442 905 1529 1006 'voli
1662 975 1665 982 .

287 1064 398 1160 fenim
416 1079 510 1163 anh..
523 1077 609 1176 'aaa
626 1083 775 1187 ‘scripsit
793 1090 943 1179 librom,
966 1112 996 1162 a.
1025 1101 1115 1183 230.
1132 1081 1302 1183 martyrio
1316 1098 1524 1175 coronatus,

290 1187 359 1279 qut
387 1184 431 1257 de
458 1182 555 1280 ipso,
592 1205 631 1258 ut
656 1207 821 1276 mortuo,
846 1188 1012 1282 loquitor.
1060 1182 1310 1277 Epiphanius,-
1335 1182 1417 1253 durn
1441 1199 1524 1255 eum

298 1281 401 1354 soille
428 1282 620 1374 Epltejiramt
648 1283 776 1371 tradit,
803 1282 958 1355 excusari
983 1276 1119 1375 potest,
1146 1279 1224 1373 quia
1249 1277 1299 1350 tbi
1323 1276 1418 1350 sorte
1444 1299 1554 1378 ver·-

290 1378 390 1451 ·satua
412 1376 481 1449 suit
507 1400 543 1448 et
569 1378 713 1468 docuit,
754 1378 812 1451 sed
846 1378 910 1453 virt
933 1371 1051 1473 potest
1083 1398 1182 1448 error
1216 1373 1279 1469 ipsr
1304 1372 1522 1463 condonati,

288 1467 370 1569 uuo
395 1470 548 1544 haerelin
577 1475 692 1545 Noe‘ri
713 1478 757 1547 ab
782 1498 863 1549 ann.
890 1496 974 1564 245.
1000 1473 1155 1567 repetit,
1196 1493 1305 1543 annos
1335 1492 1415 1561 130.
1441 1468 1524 1541 fuis·

293 1572 334 1645 se
358 1569 512 1665 elapsos,
556 1591 636 1641 curn
661 1594 752 1667 opus
779 1573 876 1644 suum
901 1581 942 1643 a:
959 1588 1041 1662 375.
1066 1566 1220 1663 scripht,
1256 1564 1417 1653 tradens3
1447 1561 1523 1658 ipse

291 1664 393 1739 enlm
426 1666 588 1737 Noetum
630 1686 713 1739 ante
749 1667 990 1764 Hippolytum
1023 1663 1146 1737 obiille
1186 1659 1307 1734 refert.
1356 1661 1524 1736 Ceterum

290 1780 414 1838 narrat
438 1762 674 1857 Hippolytus,
718 1785 798 1836 eum
832 1760 1097 1855 aPretbyteris
1124 1781 1243 1832 coram
1274 1756 1429 1830 Ecclesia
1452 1755 1525 1832 effe

291 1855 523 1942 convitium,
548 1857 820 1952 reprehensum,
842 1876 881 1930 et
897 1859 1034 1952 ejellum
1051 1853 1227 1928 Ecclesrae
1244 1851 1520 1944 communione;
1557 1919 1560 1926 .

283 1955 358 2030 'sed
375 1976 455 2025 eum
472 1978 491 2025 a
509 1952 734 2047 Tranquillo,
761 1955 889 2051 Episco
917 1950 1300 2040 oChalcedoniorum,
1327 1948 1397 2022 elle
1423 1949 1524 2022 dam-

288 2069 443 2136 matum,
481 2047 591 2121 refert
620 2069 721 2121 autor
756 1977 1007 2124 Praedellinati
1043 2070 1074 2122 c.
1110 2054 1167 2141 36.
1200 2047 1293 2143 quod
1328 2044 1525 2142 Hippolyti

288 2143 492 2221 -narratio'ni
525 2145 719 2217 addendum
753 2146 917 2234 videtur,
955 2164 1037 2216 cum
1069 2146 1181 2239 ejectio
1214 2166 1258 2216 ex
1282 2142 1435 2216 Eccleha
1469 2143 1523 2216 lir-

297 2260 402 2339 peret
441 2243 730 2337 Presbyterorum
771 2240 1009 2315 autoritatem.
1069 2241 1163 2312 Mox
1204 2262 1292 2313 vero
1326 2238 1406 2334 post
1446 2237 1522 2334 eju·

286 2359 450 2410 ¹rnortem
477 2337 633 2411 haeresin
651 2339 754 2433 longe
788 2337 927 2433 lateque
951 2332 1190 2410 diss'eminavit
1214 2336 1397 2425 Sabellias,
1431 2333 1523 2410 Aser

286 2433 607 2530 'pentapolitanum
633 2431 696 2505 etsr
714 2437 759 2505 de
783 2433 866 2522 suo,
891 2450 930 2506 ut
948 2454 1031 2506 mox
1049 2432 1205 2527 patebit,
1229 2430 1355 2525 aliquid
1381 2430 1525 2504 addide-

288 2528 367 2601 ait:
393 2526 545 2600 lloruill'e
567 2546 681 2600 autern
701 2552 779 2601 eom
796 2535 979 2604 ante-ann.
1008 2549 1090 2622 230.
1115 2526 1281 2621 probavit
1301 2526 1398 2601 rethe
1414 2528 1520 2622 Jaclt·

281 2626 361 2699 ·son
390 2623 538 2720 praefat·
569 2623 612 2697 ad
636 2624 892 2700 Novatianum.
941 2621 1068 2719 Epiph.
1095 2622 1216 2719 utique
1243 2623 1369 2711 tradit,
1402 2622 1521 2698 Noeti

284 2720 512 2817 aliscipnlos,
546 2742 693 2815 quorum
719 2742 806 2794 unus
831 2719 901 2795 fuit
929 2719 1118 2807 sabellius,
1147 2743 1232 2796 rnox
1255 2716 1333 2815 post
1356 2718 1521 2817 Magistri

287 2834 453 2892 mortem
475 2813 631 2905 haerehn
655 2813 886 2914 propagasse3
925 2837 963 2888 et
988 2814 1140 2889 lsrdorua
1165 2817 1299 2914 Hispal.
1323 2816 1361 2891 in
1387 2820 1518 2895 Chrou.

299 2912 445 2999 scribit,
471 2934 552 2984 eum
568 2932 597 2986 a.
620 2931 701 2986 aar.
726 2909 892 2988 floruisse.
926 2913 1023 2985 lnter
1039 2912 1252 2986 adversarios
1269 2911 1343 3008 ejus
1360 2913 1520 2988 eminue-

283 3002 386 3084 ‘runt'
405 3006 596 3105 Dionylius
620 3008 808 3082 Alexandr.
833 3028 870 3080 et
892 3008 1148 3095 Novatianus,
1170 3008 1238 3104 qui
1263 3032 1343 3085 eum
1368 3009 1523 3101 pluribus

289 3103 474 3179 mesutavit
492 3108 532 3178 in
563 3103 650 3175 libro
684 3104 728 3176 de
761 3105 874 3195 regula
899 3106 1003 3198 fidei,
1045 3104 1104 3201 qui
1135 3102 1300 3199 superest.
1350 3104 1450 3178 Plura
1474 3106 1522 3181 de

303 3201 387 3294 lpso
414 3223 486 3274 non
514 3197 699 3286 constant;
732 3196 844 3292 ipsum
865 3199 1039 3274 Ecclesiae
1065 3200 1312 3274 communione
1336 3196 1435 3273 fuisse
1453 3203 1524 3297 pri·

257 3362 260 3367 .
288 3316 447 3385 -yatum,
480 3320 525 3369 ex
543 3293 717 3369 Philostrio
732 3294 844 3368 refert
860 3294 1005 3392 August.
1031 3297 1075 3369 de
1090 3296 1220 3373 haeres.
1268 3294 1433 3370 Ceterum
1454 3298 1523 3379 suit

294 3392 457 3467 omnium
483 3394 557 3488 ejus
581 3389 720 3487 generis
747 3388 1004 3465 haereticorum
1037 3391 1304 3483 celeberrimus,
1345 3416 1449 3490 quare
1475 3398 1522 3474 ab

298 3489 386 3581 Ipso
402 3487 536 3584 potius,
563 3511 665 3581 quam
690 3489 818 3560 Praxea
841 3506 901 3561 aut
917 3489 1063 3578 Noetu,
1089 3486 1167 3562 sunt
1191 3488 1418 3567 denominati.
1526 3541 1528 3545 .

294 3608 298 3615 ·
352 3583 384 3681 §.
409 3587 503 3660 Clll.
538 3582 643 3683 Quod
667 3582 709 3656 ad
735 3582 949 3680 hypotheses
973 3608 1097 3660 eorum
1120 3585 1278 3676 adtinet,
1311 3610 1398 3682 quae
1425 3613 1521 3669 nunc

297 3680 374 3756 luci
402 3683 478 3753 sunt
505 3679 758 3773 exponendae,
792 3679 1007 3774 personalem
1034 3683 1140 3755 trium
1167 3683 1416 3757 indivinitate
1442 3688 1518 3761 sub·

288 3773 494 3849 -srstentiam
517 3797 578 3844 eos
600 3774 757 3868 negasse,
791 3795 829 3847 et
851 3777 1046 3864 unitatem,
1082 3800 1192 3871 aeque
1219 3775 1457 3851 subsistentiae
1475 3805 1518 3857 ac

290 3867 473 3942 essentiae
496 3865 675 3976 respetlu,
700 3866 871 3959 statuisse,
896 3870 935 3943 in
954 3893 1084 3968 genere
1111 3872 1250 3968 quidem
1278 3871 1433 3963 constat,
1458 3873 1518 3953 sed

331 3965 389 4038 uid
416 3987 481 4061 per
499 3961 644 4051 Fihurn,
671 3983 708 4036 et
734 3964 907 4059 Spiritum
925 3969 959 4042 S.
985 3968 1129 4063 proprie
1145 3965 1402 4054 intellexerint,
1427 3971 1520 4048 adeo

300 4061 476 4158 qunidum
499 4079 571 4132 non
604 4056 767 4148 videtur,
803 4059 922 4135 saltem
957 4087 1030 4136 non
1059 4065 1229 4137 convenit
1262 4064 1356 4138 inter
1380 4065 1515 4146 dottot.

290 4159 468 4235 ..ludione
493 4156 601 4250 vulgo
624 4151 880 4253 Patripaffiam',
913 4177 950 4230 et
973 4161 1111 4235 Patrem
1137 4162 1172 4235 in
1198 4184 1337 4235 carnem
1363 4163 1516 4254 venisse,

291 4253 491 4347 -acpallum
518 4251 608 4340 elle,
638 4273 683 4324 ert
701 4276 821 4326 eorum
840 4255 1032 4349 opinione,
1061 4263 1233 4331 censetur.
1282 4258 1516 4350 Arlp;·llantur
1626 4295 1633 4305 =

292 4373 446 4454 ,quoque
465 4370 661 4450 ‚propterea
682 4345 854 4450 hardvigus
879 4353 1123 4449 filimatriart'i,
1154 4374 1334 4429 eteorum
1363 4353 1520 4451 lar-rese.

294 4516 297 4523 .
837 4448 976 4542 vav
1000 4474 1023 4548 3
1334 4449 1523 4556 §ttautogtq
