3609 5500
388 722 481 823 258³
791 723 1092 828 liestoria'ErtItJ.
1119 720 1235 823 Cinfl.

395 903 647 998 monstratum,
678 902 714 981 se
736 906 936 1005 collegite,
968 906 1014 985 ad
1039 904 1262 984 commodam
1283 893 1496 977 faciendam
1521 891 1631 975 intro.-

396 1002 629 1091 duciionem,
654 1002 870 1103 praemittit)
888 1000 970 1102 ipfis
985 1004 1196 1092 adnunciat,
1223 1020 1393 1093 tanquam
1416 1011 1632 1099 creatorem,

398 1118 438 1183 et
462 1099 655 1175 Dominum
678 1101 792 1175 totius
826 1098 1000 1191 univerfi,
1042 1099 1103 1198 qui
1134 1100 1253 1193 itaque
1287 1093 1404 1169 instar
1441 1089 1553 1175 idon,
1594 1106 1633 1159 nr

398 1195 542 1291 templis
563 1192 770 1271 martineus
803 1194 1006 1286 refidentis,
1045 1215 1106 1269 aut
1136 1192 1245 1269 instar
1275 1185 1421 1265 domini
1457 1208 1479 1257 a
1505 1179 1631 1268 servis,

401 1285 550 1389 qdorum
576 1314 647 1385 ope
671 1288 830 1388 indiget,
855 1290 927 1365 coli
950 1290 1093 1389 nequit,
1126 1294 1182 1365 uti
1205 1290 1312 1361 fiebat
1339 1288 1387 1357 ab
1412 1275 1631 1365 idololatris,

400 1410 483 1463 cum
506 1386 582 1484 ipse
603 1386 730 1459 nullius
753 1386 805 1460 rei
825 1386 966 1485 indigus
982 1386 1044 1478 srt,
1070 1386 1168 1460 simul
1192 1386 1353 1459 ennium
1379 1379 1422 1451 in
1441 1396 1536 1451 tetta
1553 1395 1631 1468 pro·

399 1481 628 1570 muscondus,
651 1500 692 1555 et
714 1482 964 1556 liberaliffimus
989 1482 1155 1580 largitor,
1180 1480 1265 1577 qui,
1288 1477 1382 1550 sicut
1411 1496 1461 1547 ex
1480 1494 1552 1546 uno
1568 1467 1630 1539 ho·

400 1580 507 1685 mine·
524 1600 636 1674 genus
659 1578 848 1652 humanum
878 1576 927 1653 in.
951 1596 1043 1651 terta
1076 1576 1266 1676 produxit,
1305 1573 1361 1645 ita
1397 1588 1544 1666 quoque
1576 1564 1634 1635 sua

401 1672 634 1848 Ktovrdentia
649 1673 689 1747 in
708 1691 871 1769 tempore
896 1673 1021 1747 definit
1045 1689 1211 1768 tempora,
1241 1688 1278 1744 et
1295 1671 1378 1743 loca
1403 1657 1633 1741 habitationis

432 1791 590 1843 onunum
612 1769 652 1841 in
678 1787 794 1859 terra,
818 1770 1006 1843 secundum
1031 1769 1211 1843 decretum
1238 1766 1356 1853 suum,
1397 1760 1518 1859 (hunc
1542 1755 1632 1828 enirn

405 1867 543 1941 sensum
568 1865 676 1938 habet
699 1863 852 1962 phrafiS,
891 1866 1023 1963 definire
1049 1871 1295 1965 rgoutrttypdrut
1320 1860 1430 1957 nteit
1459 1870 1538 1931 ante
1564 1872 1630 1925 con·

397 1959 522 2061 stituto
545 1976 711 2056 ternpore,
742 1958 877 2035 scilicet
902 1981 1007 2035 antea
1034 1961 1072 2035 in
1097 1965 1242 2037 decreto
1266 1960 1398 2033 statuta
1421 1946 1633 2029 determina·

405 2082 446 2131 re
479 2056 712 2151 intempore
742 2079 806 2151 per
836 2054 1122 2156 providentiam)
1153 2058 1333 2153 adeoque,
1375 2050 1451 2125 sese
1476 2040 1631 2121 omnibus

405 2149 611 2226 hominibus
638 2150 676 2223 in
702 2169 793 2223 term
816 2174 882 2247 per
912 2151 1095 2227 benefadta
1119 2174 1157 2227 et
1191 2176 1298 2247 opera
1327 2149 1390 2224 sua
1412 2140 1629 2242 ¹praesentem

406 2248 514 2335 fistit,
556 2264 595 2319 et
618 2248 830 2320 benevolum
863 2249 1029 2342 praebet,
1072 2274 1117 2322 eo
1140 2249 1252 2345 scopo
1273 2265 1311 2319 ut
1336 2266 1423 2320 eum
1447 2248 1628 2337 quaerant,

405 2343 572 2431 adorent,
590 2359 629 2414 et
642 2342 782 2431 colant,
806 2359 949 2415 naturae
971 2343 1066 2437 ejus,
1084 2363 1121 2417 et
1138 2342 1267 2417 rationi
1288 2340 1432 2426 rectae,
1458 2348 1622 2409 convent·

406 2459 531 2528 enter,
556 2458 627 2508 non
654 2436 774 2535 itaque
799 2460 864 2533 per
879 2436 993 2527 idola,
1019 2440 1085 2513 acsi
1109 2438 1154 2515 iis
1180 2438 1295 2512 fimilis
1313 2436 1416 2509 effet.
1470 2421 1625 2516 Denique

302 2615 329 2632 Ι,
408 2534 455 2643 iis
479 2536 526 2606 ob
548 2534 670 2605 oculos
686 2532 811 2629 ponit,
835 2532 976 2622 Deum,
1003 2534 1220 2631 temporibus
1238 2526 1450 2631 praeteritis
1469 2526 1622 2626 ignotan-

407 2649 482 2703 tiae
496 2626 539 2701 ad
554 2626 710 2701 animum
739 2650 812 2699 non
827 2630 1028 2720 reuocatis,
1053 2631 1173 2729 potius
1201 2626 1440 2713 condonatis,
1468 2639 1507 2694 et
1530 2636 1575 2687 ml
1609 2632 1627 2681 ὃ

405 2724 529 2811 fadis,
566 2721 671 2822 (quae
699 2722 801 2798 uerbi
825 2723 973 2824 inquot
997 2722 1047 2799 est
1072 2726 1246 2816 hocloco
1271 2718 1508 2822 significatio,
1548 2707 1620 2784 ali³⁸

406 2820 555 2929 condio·
573 2816 722 2916 dicitur)
758 2842 851 2896 nunc
881 2824 1045 2898 omnibus
1074 2822 1276 2896 hominibus
1307 2820 1452 2915 ubique.
1472 2815 1622 2886 locorum

405 2923 642 3006 adnuncrare,
663 2935 703 2989 ut
730 2914 954 3012 resipiscant,
987 2919 1206 2994 idololatriae
1229 2917 1468 3000 renuntient,
1504 2919 1621 2977 etue.-

406 3041 484 3091 rum
511 3018 628 3088 Deum
651 3011 772 3086 debite
801 3017 938 3105 colant,
979 3032 1143 3111 tanquam
1175 3014 1350 3088 rationem
1382 3011 1448 3084 suo
1469 3013 1622 3108 tempo&

195 3181 203 3193 .
314 3155 318 3160 ·
407 3108 580 3185 reddituri
605 3109 710 3194 Deo,
734 3109 901 3180 mundum
925 3109 1182 3182 convenienter
1207 3108 1337 3206 regulis
1356 3102 1508 3202 justitiae
1528 3115 1565 3186 Ju
1588 3110 1615 3194 ξ·

308 3303 311 3308 A
410 3225 554 3291 caturo,
581 3222 648 3297 per
661 3203 790 3290 virum,
814 3207 907 3297 quem
926 3203 1075 3298 definivit
1094 3191 1617 3300 judicem,etcuitestimon1·

407 3324 469 3376 nm
493 3295 591 3371 dedit
615 3295 813 3389 publicum,
839 3295 924 3369 fidei
947 3296 1108 3394 omnibns
1132 3300 1314 3374 faciendae
1341 3295 1532 3375 sufficiens,
1546 3273 1617 3376 svs·

410 3395 545 3472 citando
575 3415 657 3463 eum
670 3485 678 3499 ⁹
691 3415 736 3465 ex
776 3399 922 3467 mortuis.
985 3395 1173 3494 Quousque
1206 3420 1287 3470 cum
1316 3396 1523 3469 sermonem¹
1544 3393 1620 3474 pet·

409 3487 581 3576 duxiffet,
607 3485 724 3562 subito
738 3511 818 3559 eum
839 3488 1109 3586 interruperunt
1124 3491 1323 3582 auditores,
1339 3509 1379 3564 et
1399 3485 1542 3563 udices,
1558 3491 1617 3540 V0·

409 3611 452 3663 ce
477 3585 715 3679 resurrectionis
735 3584 883 3680 irritati,
926 3588 985 3660 vel
1009 3591 1204 3678 commoti,
1241 3588 1292 3661 ita
1317 3605 1356 3660 ut
1379 3515 1423 3658 <ie
1455 3578 1508 3653 illo
1535 3572 1611 3650 viro,

290 3684 293 3690 ’
408 3682 505 3776 cnjus
529 3677 757 3788 meminerat,
797 3699 836 3753 et
865 3705 969 3778 quem
1001 3682 1081 3778 ipsas
1106 3684 1230 3758 clarius
1258 3682 1485 3794 depingeret,
1526 3665 1614 3762 plura

407 3801 482 3853 non
506 3791 664 3871 potuerit
688 3776 858 3870 proferre.
901 3781 1075 3852 ¹Ceterum
1100 3779 1193 3853 hanc
1218 3781 1312 3853 Pauh
1345 3774 1537 3852 orationem
1552 3775 1615 3860 pro

406 3895 530 3949 norma
553 3867 622 3942 effe
633 3871 858 3980 ‘habendam
899 3875 1086 3948 secundum
1119 3899 1221 3970 quarn
1253 3871 1472 3968 euangelium
1496 3861 1612 3935 Genti·

406 3973 474 4047 buo
492 3966 771 4042 adnunciandum
795 3967 858 4053 ait,
900 3970 1162 4065 afacilioribus
1184 3969 1226 4045 ad
1255 3969 1461 4054 difficiliora
1474 3967 1610 4058 pergen·

403 4067 473 4154 do,
515 4084 587 4135 non
610 4063 698 4136 male
722 4063 922 4137 observavit
953 4067 1156 4142 Ambrosius
1180 4067 1223 4141 ad
1247 4069 1380 4140 Lucam
1407 4063 1511 4154 oper.
1536 4067 1570 4152 ῖς
1598 4091 1609 4112 ·

403 4162 491 4242 Nec
514 4157 634 4237 studio
656 4158 770 4237 caruit
794 4159 931 4255 oratio,
956 4187 1038 4241 cum
1059 4163 1224 4244 nonnuli
1250 4158 1489 4246 crediderint,
1512 4163 1547 4220 et
1556 4157 1608 4306 g
