<?xml version="1.0" encoding="UTF-8"?>
<!DOCTYPE html PUBLIC "-//W3C//DTD XHTML 1.0 Transitional//EN"
    "http://www.w3.org/TR/xhtml1/DTD/xhtml1-transitional.dtd">
<html xmlns="http://www.w3.org/1999/xhtml" xml:lang="en" lang="en">
 <head>
  <title>
</title>
<meta http-equiv="Content-Type" content="text/html;charset=utf-8" />
  <meta name='ocr-system' content='tesseract 3.04.00' />
  <meta name='ocr-capabilities' content='ocr_page ocr_carea ocr_par ocr_line ocrx_word'/>
</head>
<body>
  <div class='ocr_page' id='page_1' title='image "./hermannivenemai05venegoog_0191.png"; bbox 0 0 3609 5500; ppageno 0'>
   <div class='ocr_carea' id='block_1_1' title="bbox 219 428 1666 1058">
    <p class='ocr_par' dir='ltr' id='par_1_1' title="bbox 219 428 1666 1058">
     <span class='ocr_line' id='line_1_1' title="bbox 219 428 1666 756; baseline -0.029 -3"><span class='ocrx_word' id='word_1_1' title='bbox 219 428 1666 756; x_wconf 82' lang='grc' dir='ltr'>-Ι</span> 
     </span>
     <span class='ocr_line' id='line_1_2' title="bbox 765 932 981 1058; baseline -0.019 1"><span class='ocrx_word' id='word_1_2' title='bbox 765 1005 768 1012; x_wconf 94' lang='grc'><strong><em>·</em></strong></span> <span class='ocrx_word' id='word_1_3' title='bbox 826 980 932 1058; x_wconf 81' lang='lat' dir='ltr'>Secul.</span> <span class='ocrx_word' id='word_1_4' title='bbox 948 932 981 1055; x_wconf 55' lang='lat'>12</span> 
     </span>
    </p>
   </div>
   <div class='ocr_carea' id='block_1_2' title="bbox 283 1159 1574 4432">
    <p class='ocr_par' dir='ltr' id='par_1_2' title="bbox 283 1159 1574 4432">
     <span class='ocr_line' id='line_1_3' title="bbox 286 1159 1519 1261; baseline -0.004 -19"><span class='ocrx_word' id='word_1_5' title='bbox 286 1163 422 1242; x_wconf 79' lang='lat' dir='ltr'>Paulus</span> <span class='ocrx_word' id='word_1_6' title='bbox 439 1184 519 1239; x_wconf 88' lang='lat' dir='ltr'>ann.</span> <span class='ocrx_word' id='word_1_7' title='bbox 544 1161 620 1261; x_wconf 83' lang='lat' dir='ltr'>Caji</span> <span class='ocrx_word' id='word_1_8' title='bbox 650 1185 738 1252; x_wconf 81' lang='lat' dir='ltr'>rma,</span> <span class='ocrx_word' id='word_1_9' title='bbox 763 1185 834 1236; x_wconf 90' lang='lat' dir='ltr'>aer.</span> <span class='ocrx_word' id='word_1_10' title='bbox 857 1163 968 1258; x_wconf 77' lang='lat' dir='ltr'>Vulg.</span> <span class='ocrx_word' id='word_1_11' title='bbox 996 1180 1055 1257; x_wconf 83' lang='lat'>37.</span> <span class='ocrx_word' id='word_1_12' title='bbox 1080 1162 1271 1239; x_wconf 86' lang='lat' dir='ltr'>conversus</span> <span class='ocrx_word' id='word_1_13' title='bbox 1289 1159 1362 1254; x_wconf 90' lang='lat' dir='ltr'>est,</span> <span class='ocrx_word' id='word_1_14' title='bbox 1388 1161 1429 1237; x_wconf 89' lang='lat' dir='ltr'>in</span> <span class='ocrx_word' id='word_1_15' title='bbox 1445 1159 1519 1261; x_wconf 90' lang='lat' dir='ltr'>pri·</span> 
     </span>
     <span class='ocr_line' id='line_1_4' title="bbox 290 1259 1520 1356; baseline -0.003 -20"><span class='ocrx_word' id='word_1_16' title='bbox 290 1287 359 1336; x_wconf 78' lang='lat' dir='ltr'>ora</span> <span class='ocrx_word' id='word_1_17' title='bbox 378 1283 468 1334; x_wconf 89' lang='lat' dir='ltr'>vero</span> <span class='ocrx_word' id='word_1_18' title='bbox 485 1259 820 1356; x_wconf 72' lang='lat' dir='ltr'>conjeblusuincula</span> <span class='ocrx_word' id='word_1_19' title='bbox 841 1282 871 1332; x_wconf 86' lang='lat' dir='ltr'>a.</span> <span class='ocrx_word' id='word_1_20' title='bbox 896 1260 1056 1333; x_wconf 86' lang='lat' dir='ltr'>Neronis</span> <span class='ocrx_word' id='word_1_21' title='bbox 1069 1277 1147 1351; x_wconf 66' lang='lat'>450,</span> <span class='ocrx_word' id='word_1_22' title='bbox 1172 1282 1241 1335; x_wconf 89' lang='lat' dir='ltr'>aer.</span> <span class='ocrx_word' id='word_1_23' title='bbox 1267 1263 1316 1335; x_wconf 93' lang='lat' dir='ltr'>V.</span> <span class='ocrx_word' id='word_1_24' title='bbox 1342 1269 1413 1351; x_wconf 80' lang='lat'>58,</span> <span class='ocrx_word' id='word_1_25' title='bbox 1437 1260 1520 1333; x_wconf 87' lang='lat' dir='ltr'>inde</span> 
     </span>
     <span class='ocr_line' id='line_1_5' title="bbox 287 1355 1521 1458; baseline 0 -28"><span class='ocrx_word' id='word_1_26' title='bbox 287 1357 382 1458; x_wconf 84' lang='lat' dir='ltr'>post</span> <span class='ocrx_word' id='word_1_27' title='bbox 398 1355 676 1454; x_wconf 85' lang='lat' dir='ltr'>quinquennium</span> <span class='ocrx_word' id='word_1_28' title='bbox 691 1355 841 1443; x_wconf 86' lang='lat' dir='ltr'>solutus,</span> <span class='ocrx_word' id='word_1_29' title='bbox 858 1373 889 1429; x_wconf 79' lang='lat' dir='ltr'>a.</span> <span class='ocrx_word' id='word_1_30' title='bbox 908 1355 1066 1427; x_wconf 90' lang='lat' dir='ltr'>Neronis</span> <span class='ocrx_word' id='word_1_31' title='bbox 1082 1378 1167 1445; x_wconf 88' lang='lat' dir='ltr'>9no,</span> <span class='ocrx_word' id='word_1_32' title='bbox 1186 1379 1255 1430; x_wconf 89' lang='lat' dir='ltr'>aet.</span> <span class='ocrx_word' id='word_1_33' title='bbox 1273 1358 1322 1430; x_wconf 93' lang='lat' dir='ltr'>V.</span> <span class='ocrx_word' id='word_1_34' title='bbox 1344 1363 1411 1446; x_wconf 85' lang='lat'>62,</span> <span class='ocrx_word' id='word_1_35' title='bbox 1435 1355 1521 1437; x_wconf 87' lang='lat' dir='ltr'>dein</span> 
     </span>
     <span class='ocr_line' id='line_1_6' title="bbox 287 1448 1519 1547; baseline 0.002 -20"><span class='ocrx_word' id='word_1_36' title='bbox 287 1454 424 1527; x_wconf 86' lang='lat' dir='ltr'>denuo</span> <span class='ocrx_word' id='word_1_37' title='bbox 448 1448 768 1541; x_wconf 65' lang='lat' dir='ltr'>removimus,</span> <span class='ocrx_word' id='word_1_38' title='bbox 803 1451 945 1525; x_wconf 88' lang='lat' dir='ltr'>tandem</span> <span class='ocrx_word' id='word_1_39' title='bbox 971 1451 1141 1547; x_wconf 86' lang='lat' dir='ltr'>martyrio</span> <span class='ocrx_word' id='word_1_40' title='bbox 1168 1460 1354 1524; x_wconf 85' lang='lat' dir='ltr'>coronatus</span> <span class='ocrx_word' id='word_1_41' title='bbox 1382 1449 1453 1543; x_wconf 90' lang='lat' dir='ltr'>est,</span> <span class='ocrx_word' id='word_1_42' title='bbox 1487 1481 1519 1534; x_wconf 87' lang='lat' dir='ltr'>a.</span> 
     </span>
     <span class='ocr_line' id='line_1_7' title="bbox 289 1544 1522 1647; baseline -0.001 -26"><span class='ocrx_word' id='word_1_43' title='bbox 289 1548 465 1625; x_wconf 83' lang='lat' dir='ltr'>Neronis</span> <span class='ocrx_word' id='word_1_44' title='bbox 492 1564 590 1638; x_wconf 81' lang='lat' dir='ltr'>r4to,</span> <span class='ocrx_word' id='word_1_45' title='bbox 614 1569 683 1622; x_wconf 85' lang='lat' dir='ltr'>aer.</span> <span class='ocrx_word' id='word_1_46' title='bbox 710 1549 760 1628; x_wconf 86' lang='lat' dir='ltr'>V.</span> <span class='ocrx_word' id='word_1_47' title='bbox 788 1555 845 1627; x_wconf 88' lang='lat'>68.</span> <span class='ocrx_word' id='word_1_48' title='bbox 893 1545 1008 1647; x_wconf 77' lang='lat' dir='ltr'>Quam</span> <span class='ocrx_word' id='word_1_49' title='bbox 1024 1544 1233 1621; x_wconf 87' lang='lat' dir='ltr'>senteutiam</span> <span class='ocrx_word' id='word_1_50' title='bbox 1257 1570 1322 1644; x_wconf 90' lang='lat' dir='ltr'>per</span> <span class='ocrx_word' id='word_1_51' title='bbox 1339 1544 1522 1641; x_wconf 69' lang='lat' dir='ltr'>sequenter</span> 
     </span>
     <span class='ocr_line' id='line_1_8' title="bbox 288 1641 1521 1739; baseline 0.002 -20"><span class='ocrx_word' id='word_1_52' title='bbox 288 1644 424 1719; x_wconf 84' lang='lat' dir='ltr'>theses</span> <span class='ocrx_word' id='word_1_53' title='bbox 446 1642 593 1733; x_wconf 84' lang='lat' dir='ltr'>faciam,</span> <span class='ocrx_word' id='word_1_54' title='bbox 625 1642 766 1717; x_wconf 69' lang='lat' dir='ltr'>dullum</span> <span class='ocrx_word' id='word_1_55' title='bbox 793 1644 842 1717; x_wconf 89' lang='lat' dir='ltr'>Cl.</span> <span class='ocrx_word' id='word_1_56' title='bbox 871 1644 1062 1739; x_wconf 85' lang='lat' dir='ltr'>Vitringae</span> <span class='ocrx_word' id='word_1_57' title='bbox 1085 1641 1124 1714; x_wconf 91' lang='lat' dir='ltr'>in</span> <span class='ocrx_word' id='word_1_58' title='bbox 1147 1642 1244 1738; x_wconf 77' lang='lat' dir='ltr'>hypat</span> <span class='ocrx_word' id='word_1_59' title='bbox 1261 1663 1297 1739; x_wconf 86' lang='lat' dir='ltr'>·p.</span> <span class='ocrx_word' id='word_1_60' title='bbox 1323 1642 1396 1739; x_wconf 80' lang='lat' dir='ltr'>list.</span> <span class='ocrx_word' id='word_1_61' title='bbox 1422 1646 1457 1718; x_wconf 87' lang='lat' dir='ltr'>S.</span> <span class='ocrx_word' id='word_1_62' title='bbox 1482 1648 1521 1724; x_wconf 87' lang='lat' dir='ltr'>in</span> 
     </span>
     <span class='ocr_line' id='line_1_9' title="bbox 286 1670 1522 1839; baseline 0.003 -26"><span class='ocrx_word' id='word_1_63' title='bbox 286 1737 434 1839; x_wconf 85' lang='lat' dir='ltr'>primis</span> <span class='ocrx_word' id='word_1_64' title='bbox 457 1737 611 1828; x_wconf 86' lang='lat' dir='ltr'>secutus,</span> <span class='ocrx_word' id='word_1_65' title='bbox 639 1738 865 1836; x_wconf 89' lang='lat' dir='ltr'>probabilem.</span> <span class='ocrx_word' id='word_1_66' title='bbox 922 1763 952 1813; x_wconf 91' lang='lat'>1.</span> <span class='ocrx_word' id='word_1_67' title='bbox 977 1739 1090 1811; x_wconf 85' lang='lat' dir='ltr'>Prima</span> <span class='ocrx_word' id='word_1_68' title='bbox 1115 1737 1206 1830; x_wconf 86' lang='lat' dir='ltr'>fert,</span> <span class='ocrx_word' id='word_1_69' title='bbox 1230 1670 1419 1814; x_wconf 47' lang='lat' dir='ltr'>dcundum</span> <span class='ocrx_word' id='word_1_70' title='bbox 1446 1742 1522 1838; x_wconf 76' lang='lat' dir='ltr'>ejus</span> 
     </span>
     <span class='ocr_line' id='line_1_10' title="bbox 283 1832 1522 1931; baseline -0.002 -17"><span class='ocrx_word' id='word_1_71' title='bbox 283 1843 376 1916; x_wconf 85' lang='lat' dir='ltr'>iter</span> <span class='ocrx_word' id='word_1_72' title='bbox 399 1834 683 1931; x_wconf 82' lang='lat' dir='ltr'>Hierosolymam</span> <span class='ocrx_word' id='word_1_73' title='bbox 708 1835 750 1910; x_wconf 87' lang='lat' dir='ltr'>ad</span> <span class='ocrx_word' id='word_1_74' title='bbox 768 1832 928 1907; x_wconf 69' lang='lat' dir='ltr'>colledas</span> <span class='ocrx_word' id='word_1_75' title='bbox 956 1832 1180 1924; x_wconf 90' lang='lat' dir='ltr'>deserendas,</span> <span class='ocrx_word' id='word_1_76' title='bbox 1205 1836 1302 1931; x_wconf 85' lang='lat' dir='ltr'>cujus</span> <span class='ocrx_word' id='word_1_77' title='bbox 1323 1837 1429 1910; x_wconf 91' lang='lat' dir='ltr'>modo</span> <span class='ocrx_word' id='word_1_78' title='bbox 1446 1861 1522 1912; x_wconf 89' lang='lat' dir='ltr'>me·</span> 
     </span>
     <span class='ocr_line' id='line_1_11' title="bbox 286 1928 1521 2028; baseline -0.001 -23"><span class='ocrx_word' id='word_1_79' title='bbox 286 1930 417 2019; x_wconf 88' lang='lat' dir='ltr'>mini,</span> <span class='ocrx_word' id='word_1_80' title='bbox 443 1928 522 2028; x_wconf 68' lang='lat' dir='ltr'>llil.</span> <span class='ocrx_word' id='word_1_81' title='bbox 547 1932 637 2022; x_wconf 84' lang='lat' dir='ltr'>XL,</span> <span class='ocrx_word' id='word_1_82' title='bbox 663 1929 764 2004; x_wconf 86' lang='lat' dir='ltr'>fuisse</span> <span class='ocrx_word' id='word_1_83' title='bbox 781 1928 979 2004; x_wconf 89' lang='lat' dir='ltr'>institutum</span> <span class='ocrx_word' id='word_1_84' title='bbox 999 1950 1077 2002; x_wconf 90' lang='lat' dir='ltr'>ann.</span> <span class='ocrx_word' id='word_1_85' title='bbox 1105 1929 1239 2003; x_wconf 85' lang='lat' dir='ltr'>Claudii</span> <span class='ocrx_word' id='word_1_86' title='bbox 1260 1936 1347 2026; x_wconf 73' lang='lat' dir='ltr'>gtio,</span> <span class='ocrx_word' id='word_1_87' title='bbox 1371 1956 1442 2006; x_wconf 85' lang='lat' dir='ltr'>aer.</span> <span class='ocrx_word' id='word_1_88' title='bbox 1469 1934 1521 2020; x_wconf 75' lang='lat' dir='ltr'>V,</span> 
     </span>
     <span class='ocr_line' id='line_1_12' title="bbox 290 2021 1522 2123; baseline 0.006 -25"><span class='ocrx_word' id='word_1_89' title='bbox 290 2052 369 2123; x_wconf 86' lang='lat'>44.</span> <span class='ocrx_word' id='word_1_90' title='bbox 405 2024 443 2098; x_wconf 91' lang='lat' dir='ltr'>id</span> <span class='ocrx_word' id='word_1_91' title='bbox 467 2049 511 2100; x_wconf 88' lang='lat' dir='ltr'>ue</span> <span class='ocrx_word' id='word_1_92' title='bbox 534 2023 595 2099; x_wconf 89' lang='lat' dir='ltr'>sex</span> <span class='ocrx_word' id='word_1_93' title='bbox 626 2026 723 2100; x_wconf 88' lang='lat' dir='ltr'>annis</span> <span class='ocrx_word' id='word_1_94' title='bbox 772 2024 825 2098; x_wconf 88' lang='lat' dir='ltr'>ost</span> <span class='ocrx_word' id='word_1_95' title='bbox 850 2026 924 2122; x_wconf 88' lang='lat' dir='ltr'>ejus</span> <span class='ocrx_word' id='word_1_96' title='bbox 949 2021 1239 2115; x_wconf 76' lang='lat' dir='ltr'>convertionem&#39;3</span> <span class='ocrx_word' id='word_1_97' title='bbox 1280 2026 1370 2099; x_wconf 91' lang='lat' dir='ltr'>unde</span> <span class='ocrx_word' id='word_1_98' title='bbox 1395 2028 1522 2123; x_wconf 89' lang='lat' dir='ltr'>sponte</span> 
     </span>
     <span class='ocr_line' id='line_1_13' title="bbox 294 2118 1523 2219; baseline 0 -19"><span class='ocrx_word' id='word_1_99' title='bbox 294 2122 499 2212; x_wconf 85' lang='lat' dir='ltr'>elucesert,</span> <span class='ocrx_word' id='word_1_100' title='bbox 524 2121 697 2219; x_wconf 83' lang='lat' dir='ltr'><strong>epocham</strong></span> <span class='ocrx_word' id='word_1_101' title='bbox 724 2146 799 2218; x_wconf 86' lang='lat' dir='ltr'>eJus</span> <span class='ocrx_word' id='word_1_102' title='bbox 822 2118 1062 2197; x_wconf 77' lang='lat' dir='ltr'>conversionis</span> <span class='ocrx_word' id='word_1_103' title='bbox 1087 2119 1125 2193; x_wconf 89' lang='lat' dir='ltr'>in</span> <span class='ocrx_word' id='word_1_104' title='bbox 1147 2144 1240 2194; x_wconf 86' lang='lat' dir='ltr'>anno</span> <span class='ocrx_word' id='word_1_105' title='bbox 1264 2120 1340 2217; x_wconf 82' lang='lat' dir='ltr'>Caji</span> <span class='ocrx_word' id='word_1_106' title='bbox 1367 2145 1458 2211; x_wconf 86' lang='lat' dir='ltr'>rmo,</span> <span class='ocrx_word' id='word_1_107' title='bbox 1482 2123 1523 2202; x_wconf 85' lang='lat' dir='ltr'>ut&#39;</span> 
     </span>
     <span class='ocr_line' id='line_1_14' title="bbox 297 2216 1523 2315; baseline -0.002 -19"><span class='ocrx_word' id='word_1_108' title='bbox 297 2219 406 2311; x_wconf 83' lang='lat' dir='ltr'>dixi,</span> <span class='ocrx_word' id='word_1_109' title='bbox 425 2217 602 2314; x_wconf 85' lang='lat' dir='ltr'>figendam</span> <span class='ocrx_word' id='word_1_110' title='bbox 618 2218 707 2307; x_wconf 68' lang='lat' dir='ltr'>esser</span> <span class='ocrx_word' id='word_1_111' title='bbox 734 2240 815 2291; x_wconf 89' lang='lat' dir='ltr'>curn</span> <span class='ocrx_word' id='word_1_112' title='bbox 830 2216 925 2291; x_wconf 90' lang='lat' dir='ltr'>inter</span> <span class='ocrx_word' id='word_1_113' title='bbox 941 2216 1016 2313; x_wconf 88' lang='lat' dir='ltr'>Caji</span> <span class='ocrx_word' id='word_1_114' title='bbox 1038 2241 1166 2307; x_wconf 85' lang='lat' dir='ltr'>rmum,</span> <span class='ocrx_word' id='word_1_115' title='bbox 1185 2236 1223 2289; x_wconf 90' lang='lat' dir='ltr'>et</span> <span class='ocrx_word' id='word_1_116' title='bbox 1241 2216 1376 2290; x_wconf 85' lang='lat' dir='ltr'>Claudii</span> <span class='ocrx_word' id='word_1_117' title='bbox 1398 2224 1523 2315; x_wconf 74' lang='lat' dir='ltr'>gaium,</span> 
     </span>
     <span class='ocr_line' id='line_1_15' title="bbox 301 2309 1524 2411; baseline -0.001 -20"><span class='ocrx_word' id='word_1_118' title='bbox 301 2334 370 2397; x_wconf 85' lang='lat' dir='ltr'>tot</span> <span class='ocrx_word' id='word_1_119' title='bbox 398 2313 483 2388; x_wconf 88' lang='lat' dir='ltr'>anni</span> <span class='ocrx_word' id='word_1_120' title='bbox 507 2309 584 2388; x_wconf 90' lang='lat' dir='ltr'>srnt.</span> <span class='ocrx_word' id='word_1_121' title='bbox 634 2313 736 2388; x_wconf 82' lang='lat' dir='ltr'>Prior</span> <span class='ocrx_word' id='word_1_122' title='bbox 759 2338 838 2411; x_wconf 83' lang='lat' dir='ltr'>pars</span> <span class='ocrx_word' id='word_1_123' title='bbox 862 2313 907 2388; x_wconf 90' lang='lat' dir='ltr'>de</span> <span class='ocrx_word' id='word_1_124' title='bbox 933 2312 1061 2387; x_wconf 89' lang='lat' dir='ltr'>itinere</span> <span class='ocrx_word' id='word_1_125' title='bbox 1086 2312 1390 2411; x_wconf 87' lang='lat' dir='ltr'>Hierosolymam,</span> <span class='ocrx_word' id='word_1_126' title='bbox 1428 2339 1524 2390; x_wconf 90' lang='lat' dir='ltr'>anno</span> 
     </span>
     <span class='ocr_line' id='line_1_16' title="bbox 295 2407 1523 2508; baseline -0.004 -19"><span class='ocrx_word' id='word_1_127' title='bbox 295 2408 447 2489; x_wconf 80' lang='lat' dir='ltr'>Claudii</span> <span class='ocrx_word' id='word_1_128' title='bbox 460 2414 547 2505; x_wconf 76' lang='lat' dir='ltr'>gtir,</span> <span class='ocrx_word' id='word_1_129' title='bbox 570 2407 699 2483; x_wconf 89' lang='lat' dir='ltr'>duabus</span> <span class='ocrx_word' id='word_1_130' title='bbox 716 2409 843 2485; x_wconf 91' lang='lat' dir='ltr'>nititur</span> <span class='ocrx_word' id='word_1_131' title='bbox 862 2408 1076 2499; x_wconf 85' lang='lat' dir='ltr'>rationibus,</span> <span class='ocrx_word' id='word_1_132' title='bbox 1094 2433 1179 2498; x_wconf 84' lang='lat' dir='ltr'>uno,</span> <span class='ocrx_word' id='word_1_133' title='bbox 1198 2410 1381 2483; x_wconf 85' lang='lat' dir='ltr'>Herodem</span> <span class='ocrx_word' id='word_1_134' title='bbox 1392 2409 1481 2508; x_wconf 87' lang='lat' dir='ltr'>Agri</span> <span class='ocrx_word' id='word_1_135' title='bbox 1508 2454 1523 2473; x_wconf 90' lang='lat'><strong>·</strong></span> 
     </span>
     <span class='ocr_line' id='line_1_17' title="bbox 301 2503 1524 2600; baseline 0.005 -21"><span class='ocrx_word' id='word_1_136' title='bbox 301 2528 304 2533; x_wconf 88' lang='lat'><em>·</em></span> <span class='ocrx_word' id='word_1_137' title='bbox 422 2529 466 2579; x_wconf 89' lang='lat' dir='ltr'>eo</span> <span class='ocrx_word' id='word_1_138' title='bbox 484 2527 597 2591; x_wconf 88' lang='lat' dir='ltr'>anno,</span> <span class='ocrx_word' id='word_1_139' title='bbox 622 2523 661 2577; x_wconf 92' lang='lat' dir='ltr'>ut</span> <span class='ocrx_word' id='word_1_140' title='bbox 683 2507 742 2580; x_wconf 94' lang='lat' dir='ltr'>suo</span> <span class='ocrx_word' id='word_1_141' title='bbox 765 2508 845 2580; x_wconf 92' lang='lat' dir='ltr'>loco</span> <span class='ocrx_word' id='word_1_142' title='bbox 873 2504 1046 2595; x_wconf 81' lang='lat' dir='ltr'>vidimus,</span> <span class='ocrx_word' id='word_1_143' title='bbox 1075 2503 1217 2594; x_wconf 88' lang='lat' dir='ltr'>obiisse,</span> <span class='ocrx_word' id='word_1_144' title='bbox 1245 2504 1342 2600; x_wconf 85' lang='lat' dir='ltr'>cujus</span> <span class='ocrx_word' id='word_1_145' title='bbox 1365 2530 1459 2582; x_wconf 87' lang='lat' dir='ltr'>mors</span> <span class='ocrx_word' id='word_1_146' title='bbox 1480 2509 1524 2586; x_wconf 85' lang='lat' dir='ltr'>rl·</span> 
     </span>
     <span class='ocr_line' id='line_1_18' title="bbox 295 2530 1525 2700; baseline 0.006 -26"><span class='ocrx_word' id='word_1_147' title='bbox 295 2530 461 2684; x_wconf 55' lang='lat' dir='ltr'>ffinim</span> <span class='ocrx_word' id='word_1_148' title='bbox 476 2623 560 2675; x_wconf 83' lang='lat' dir='ltr'>mox</span> <span class='ocrx_word' id='word_1_149' title='bbox 579 2601 694 2674; x_wconf 89' lang='lat' dir='ltr'>secuta</span> <span class='ocrx_word' id='word_1_150' title='bbox 717 2600 768 2675; x_wconf 90' lang='lat' dir='ltr'>est</span> <span class='ocrx_word' id='word_1_151' title='bbox 792 2601 873 2675; x_wconf 71' lang='lat' dir='ltr'>Au.</span> <span class='ocrx_word' id='word_1_152' title='bbox 902 2600 985 2673; x_wconf 90' lang='lat' dir='ltr'>XII.</span> <span class='ocrx_word' id='word_1_153' title='bbox 1011 2604 1140 2690; x_wconf 82' lang='lat' dir='ltr'>altero,</span> <span class='ocrx_word' id='word_1_154' title='bbox 1168 2599 1318 2688; x_wconf 87' lang='lat' dir='ltr'>samem,</span> <span class='ocrx_word' id='word_1_155' title='bbox 1344 2626 1432 2700; x_wconf 86' lang='lat' dir='ltr'>qnae</span> <span class='ocrx_word' id='word_1_156' title='bbox 1450 2601 1525 2683; x_wconf 78' lang='lat' dir='ltr'>illas</span> 
     </span>
     <span class='ocr_line' id='line_1_19' title="bbox 330 2694 1525 2799; baseline 0.003 -27"><span class='ocrx_word' id='word_1_157' title='bbox 330 2696 454 2798; x_wconf 84' lang='lat' dir='ltr'>eperit</span> <span class='ocrx_word' id='word_1_158' title='bbox 471 2695 652 2786; x_wconf 70' lang='lat' dir='ltr'>consuas,</span> <span class='ocrx_word' id='word_1_159' title='bbox 680 2696 717 2771; x_wconf 90' lang='lat' dir='ltr'>in</span> <span class='ocrx_word' id='word_1_160' title='bbox 734 2697 829 2773; x_wconf 90' lang='lat' dir='ltr'>illum</span> <span class='ocrx_word' id='word_1_161' title='bbox 846 2694 980 2773; x_wconf 88' lang='lat' dir='ltr'>Claudii</span> <span class='ocrx_word' id='word_1_162' title='bbox 1004 2720 1130 2771; x_wconf 88' lang='lat' dir='ltr'>annum</span> <span class='ocrx_word' id='word_1_163' title='bbox 1156 2694 1332 2789; x_wconf 80' lang='lat' dir='ltr'>incidere,</span> <span class='ocrx_word' id='word_1_164' title='bbox 1359 2697 1446 2774; x_wconf 89' lang='lat' dir='ltr'>teste</span> <span class='ocrx_word' id='word_1_165' title='bbox 1461 2701 1525 2799; x_wconf 80' lang='lat' dir='ltr'>Jo-¹</span> 
     </span>
     <span class='ocr_line' id='line_1_20' title="bbox 293 2729 1555 2895; baseline 0.002 -26"><span class='ocrx_word' id='word_1_166' title='bbox 293 2729 421 2895; x_wconf 55' lang='lat' dir='ltr'>Pepbo</span> <span class='ocrx_word' id='word_1_167' title='bbox 447 2813 484 2868; x_wconf 87' lang='lat' dir='ltr'>et</span> <span class='ocrx_word' id='word_1_168' title='bbox 509 2792 662 2867; x_wconf 87' lang='lat' dir='ltr'>Eusebio</span> <span class='ocrx_word' id='word_1_169' title='bbox 688 2792 724 2866; x_wconf 91' lang='lat' dir='ltr'>in</span> <span class='ocrx_word' id='word_1_170' title='bbox 748 2794 899 2868; x_wconf 76' lang='lat' dir='ltr'>chron:</span> <span class='ocrx_word' id='word_1_171' title='bbox 934 2792 990 2867; x_wconf 92' lang='lat' dir='ltr'>sed</span> <span class='ocrx_word' id='word_1_172' title='bbox 1014 2792 1186 2890; x_wconf 86' lang='lat' dir='ltr'>posterior</span> <span class='ocrx_word' id='word_1_173' title='bbox 1212 2818 1290 2891; x_wconf 86' lang='lat' dir='ltr'>pars</span> <span class='ocrx_word' id='word_1_174' title='bbox 1316 2818 1361 2868; x_wconf 83' lang='lat' dir='ltr'>ex</span> <span class='ocrx_word' id='word_1_175' title='bbox 1384 2796 1555 2884; x_wconf 68' lang='lat' dir='ltr'>itineri,</span> 
     </span>
     <span class='ocr_line' id='line_1_21' title="bbox 294 2887 1523 2992; baseline -0.002 -21"><span class='ocrx_word' id='word_1_176' title='bbox 294 2898 378 2971; x_wconf 71' lang='lat' dir='ltr'>bur</span> <span class='ocrx_word' id='word_1_177' title='bbox 400 2887 515 2977; x_wconf 83' lang='lat' dir='ltr'>Pauli,</span> <span class='ocrx_word' id='word_1_178' title='bbox 540 2906 701 2983; x_wconf 87' lang='lat' dir='ltr'>tempore</span> <span class='ocrx_word' id='word_1_179' title='bbox 729 2887 941 2963; x_wconf 89' lang='lat' dir='ltr'>intermedio</span> <span class='ocrx_word' id='word_1_180' title='bbox 955 2888 1103 2978; x_wconf 85' lang='lat' dir='ltr'>habitis,</span> <span class='ocrx_word' id='word_1_181' title='bbox 1128 2890 1357 2988; x_wconf 86' lang='lat' dir='ltr'>probabiliter</span> <span class='ocrx_word' id='word_1_182' title='bbox 1385 2892 1523 2992; x_wconf 86' lang='lat' dir='ltr'>colligi·</span> 
     </span>
     <span class='ocr_line' id='line_1_22' title="bbox 300 2981 1527 3084; baseline 0.001 -20"><span class='ocrx_word' id='word_1_183' title='bbox 300 3008 381 3064; x_wconf 84' lang='lat' dir='ltr'>tur.</span> <span class='ocrx_word' id='word_1_184' title='bbox 430 2983 564 3060; x_wconf 90' lang='lat' dir='ltr'>Tribus</span> <span class='ocrx_word' id='word_1_185' title='bbox 590 2985 686 3057; x_wconf 89' lang='lat' dir='ltr'>enirn</span> <span class='ocrx_word' id='word_1_186' title='bbox 710 2984 811 3059; x_wconf 87' lang='lat' dir='ltr'>annis</span> <span class='ocrx_word' id='word_1_187' title='bbox 835 2981 977 3059; x_wconf 90' lang='lat' dir='ltr'>delituit</span> <span class='ocrx_word' id='word_1_188' title='bbox 1008 2985 1046 3058; x_wconf 91' lang='lat' dir='ltr'>in</span> <span class='ocrx_word' id='word_1_189' title='bbox 1071 2986 1221 3076; x_wconf 82' lang='lat' dir='ltr'>Arabia,</span> <span class='ocrx_word' id='word_1_190' title='bbox 1253 3006 1292 3072; x_wconf 92' lang='lat' dir='ltr'>et</span> <span class='ocrx_word' id='word_1_191' title='bbox 1315 2986 1419 3073; x_wconf 87' lang='lat' dir='ltr'>alibi,</span> <span class='ocrx_word' id='word_1_192' title='bbox 1443 2987 1527 3084; x_wconf 92' lang='lat' dir='ltr'>post</span> 
     </span>
     <span class='ocr_line' id='line_1_23' title="bbox 295 3079 1524 3172; baseline -0.004 -10"><span class='ocrx_word' id='word_1_193' title='bbox 295 3079 598 3172; x_wconf 84' lang='lat' dir='ltr'>conversronem,</span> <span class='ocrx_word' id='word_1_194' title='bbox 634 3102 703 3153; x_wconf 90' lang='lat' dir='ltr'>uno</span> <span class='ocrx_word' id='word_1_195' title='bbox 730 3080 823 3154; x_wconf 85' lang='lat' dir='ltr'>anno</span> <span class='ocrx_word' id='word_1_196' title='bbox 847 3080 1062 3154; x_wconf 85' lang='lat' dir='ltr'>Antiochiae</span> <span class='ocrx_word' id='word_1_197' title='bbox 1086 3102 1240 3154; x_wconf 89' lang='lat' dir='ltr'>moratus</span> <span class='ocrx_word' id='word_1_198' title='bbox 1266 3081 1317 3153; x_wconf 89' lang='lat' dir='ltr'>est</span> <span class='ocrx_word' id='word_1_199' title='bbox 1351 3082 1431 3153; x_wconf 68' lang='lat' dir='ltr'>All.</span> <span class='ocrx_word' id='word_1_200' title='bbox 1458 3085 1524 3158; x_wconf 92' lang='lat' dir='ltr'>Xl:</span> 
     </span>
     <span class='ocr_line' id='line_1_24' title="bbox 301 3173 1527 3274; baseline 0.001 -24"><span class='ocrx_word' id='word_1_201' title='bbox 301 3183 379 3257; x_wconf 85' lang='lat'>26.</span> <span class='ocrx_word' id='word_1_202' title='bbox 411 3174 495 3250; x_wconf 88' lang='lat' dir='ltr'>dein</span> <span class='ocrx_word' id='word_1_203' title='bbox 525 3176 782 3274; x_wconf 84' lang='lat' dir='ltr'>Hierosolymis</span> <span class='ocrx_word' id='word_1_204' title='bbox 814 3175 911 3261; x_wconf 89' lang='lat' dir='ltr'>fuit,</span> <span class='ocrx_word' id='word_1_205' title='bbox 954 3175 992 3248; x_wconf 90' lang='lat' dir='ltr'>in</span> <span class='ocrx_word' id='word_1_206' title='bbox 1022 3173 1122 3263; x_wconf 71' lang='lat' dir='ltr'>Syria</span> <span class='ocrx_word' id='word_1_207' title='bbox 1155 3192 1193 3246; x_wconf 91' lang='lat' dir='ltr'>et</span> <span class='ocrx_word' id='word_1_208' title='bbox 1226 3173 1349 3246; x_wconf 91' lang='lat' dir='ltr'>Cilicia</span> <span class='ocrx_word' id='word_1_209' title='bbox 1384 3175 1527 3269; x_wconf 84' lang='lat' dir='ltr'>aliquod</span> 
     </span>
     <span class='ocr_line' id='line_1_25' title="bbox 302 3265 1526 3367; baseline -0.002 -18"><span class='ocrx_word' id='word_1_210' title='bbox 302 3288 458 3367; x_wconf 84' lang='lat' dir='ltr'>tempus</span> <span class='ocrx_word' id='word_1_211' title='bbox 480 3271 600 3363; x_wconf 85' lang='lat' dir='ltr'>trivit,</span> <span class='ocrx_word' id='word_1_212' title='bbox 643 3271 759 3346; x_wconf 87' lang='lat' dir='ltr'>donec</span> <span class='ocrx_word' id='word_1_213' title='bbox 783 3292 862 3347; x_wconf 90' lang='lat' dir='ltr'>eum</span> <span class='ocrx_word' id='word_1_214' title='bbox 889 3265 975 3343; x_wconf 87' lang='lat' dir='ltr'>inde</span> <span class='ocrx_word' id='word_1_215' title='bbox 998 3267 1191 3342; x_wconf 82' lang='lat' dir='ltr'>extraxerit</span> <span class='ocrx_word' id='word_1_216' title='bbox 1214 3269 1399 3343; x_wconf 87' lang='lat' dir='ltr'>Barnabas:</span> <span class='ocrx_word' id='word_1_217' title='bbox 1435 3292 1526 3365; x_wconf 88' lang='lat' dir='ltr'>quae</span> 
     </span>
     <span class='ocr_line' id='line_1_26' title="bbox 295 3363 1527 3469; baseline -0.002 -22"><span class='ocrx_word' id='word_1_218' title='bbox 295 3366 433 3447; x_wconf 88' lang='lat' dir='ltr'>omnia</span> <span class='ocrx_word' id='word_1_219' title='bbox 457 3364 559 3461; x_wconf 81' lang='lat' dir='ltr'>saeile</span> <span class='ocrx_word' id='word_1_220' title='bbox 586 3367 769 3445; x_wconf 90' lang='lat' dir='ltr'>biennium</span> <span class='ocrx_word' id='word_1_221' title='bbox 802 3367 956 3464; x_wconf 82' lang='lat' dir='ltr'>explent.</span> <span class='ocrx_word' id='word_1_222' title='bbox 1008 3363 1144 3469; x_wconf 83' lang='lat' dir='ltr'>Quibus</span> <span class='ocrx_word' id='word_1_223' title='bbox 1169 3366 1282 3438; x_wconf 89' lang='lat' dir='ltr'>lucem</span> <span class='ocrx_word' id='word_1_224' title='bbox 1317 3388 1350 3441; x_wconf 86' lang='lat'>2.</span> <span class='ocrx_word' id='word_1_225' title='bbox 1375 3364 1527 3462; x_wconf 83' lang='lat' dir='ltr'>secunda</span> 
     </span>
     <span class='ocr_line' id='line_1_27' title="bbox 297 3459 1574 3562; baseline -0.004 -20"><span class='ocrx_word' id='word_1_226' title='bbox 297 3463 419 3542; x_wconf 85' lang='lat' dir='ltr'>rhefis</span> <span class='ocrx_word' id='word_1_227' title='bbox 433 3461 608 3552; x_wconf 83' lang='lat' dir='ltr'>infundit,</span> <span class='ocrx_word' id='word_1_228' title='bbox 634 3488 741 3562; x_wconf 84' lang='lat' dir='ltr'>quae,</span> <span class='ocrx_word' id='word_1_229' title='bbox 767 3464 944 3559; x_wconf 85' lang='lat' dir='ltr'>Synodum</span> <span class='ocrx_word' id='word_1_230' title='bbox 963 3459 1319 3558; x_wconf 87' lang='lat' dir='ltr'>Hierosolymitanam</span> <span class='ocrx_word' id='word_1_231' title='bbox 1336 3462 1416 3540; x_wconf 72' lang='lat' dir='ltr'>Ate.</span> <span class='ocrx_word' id='word_1_232' title='bbox 1435 3463 1524 3542; x_wconf 86' lang='lat' dir='ltr'>XV.</span> <span class='ocrx_word' id='word_1_233' title='bbox 1572 3483 1574 3486; x_wconf 70' lang='grc'>’</span> 
     </span>
     <span class='ocr_line' id='line_1_28' title="bbox 301 3555 1529 3654; baseline -0.006 -13"><span class='ocrx_word' id='word_1_234' title='bbox 301 3561 526 3641; x_wconf 83' lang='lat' dir='ltr'>celebratam</span> <span class='ocrx_word' id='word_1_235' title='bbox 551 3559 640 3651; x_wconf 82' lang='lat' dir='ltr'>else,</span> <span class='ocrx_word' id='word_1_236' title='bbox 673 3559 798 3650; x_wconf 86' lang='lat' dir='ltr'>habet,</span> <span class='ocrx_word' id='word_1_237' title='bbox 831 3582 911 3633; x_wconf 90' lang='lat' dir='ltr'>ann.</span> <span class='ocrx_word' id='word_1_238' title='bbox 939 3581 984 3648; x_wconf 92' lang='lat'>14</span> <span class='ocrx_word' id='word_1_239' title='bbox 1008 3555 1086 3653; x_wconf 89' lang='lat' dir='ltr'>post</span> <span class='ocrx_word' id='word_1_240' title='bbox 1110 3556 1376 3631; x_wconf 86' lang='lat' dir='ltr'>conversronem</span> <span class='ocrx_word' id='word_1_241' title='bbox 1402 3559 1498 3634; x_wconf 91' lang='lat' dir='ltr'>Pauli</span> <span class='ocrx_word' id='word_1_242' title='bbox 1508 3573 1529 3654; x_wconf 82' lang='grc'>,’</span> 
     </span>
     <span class='ocr_line' id='line_1_29' title="bbox 302 3651 1525 3765; baseline -0.002 -32"><span class='ocrx_word' id='word_1_243' title='bbox 302 3658 471 3754; x_wconf 85' lang='lat' dir='ltr'>adeoque</span> <span class='ocrx_word' id='word_1_244' title='bbox 504 3680 525 3751; x_wconf 84' lang='lat'><em>7</em></span> <span class='ocrx_word' id='word_1_245' title='bbox 550 3659 608 3730; x_wconf 90' lang='lat' dir='ltr'>vel</span> <span class='ocrx_word' id='word_1_246' title='bbox 633 3665 653 3737; x_wconf 87' lang='lat'>8</span> <span class='ocrx_word' id='word_1_247' title='bbox 679 3680 758 3732; x_wconf 87' lang='lat' dir='ltr'>ann.</span> <span class='ocrx_word' id='word_1_248' title='bbox 790 3652 869 3765; x_wconf 87' lang='lat' dir='ltr'>post</span> <span class='ocrx_word' id='word_1_249' title='bbox 899 3652 1088 3728; x_wconf 90' lang='lat' dir='ltr'>secundum</span> <span class='ocrx_word' id='word_1_250' title='bbox 1121 3653 1194 3748; x_wconf 87' lang='lat' dir='ltr'>ejus</span> <span class='ocrx_word' id='word_1_251' title='bbox 1229 3651 1298 3727; x_wconf 90' lang='lat' dir='ltr'>iter</span> <span class='ocrx_word' id='word_1_252' title='bbox 1323 3653 1525 3749; x_wconf 86' lang='lat' dir='ltr'>Hierosol,</span> 
     </span>
     <span class='ocr_line' id='line_1_30' title="bbox 328 3747 1526 3846; baseline -0.002 -16"><span class='ocrx_word' id='word_1_253' title='bbox 328 3752 407 3830; x_wconf 91' lang='lat' dir='ltr'>uod</span> <span class='ocrx_word' id='word_1_254' title='bbox 430 3777 478 3828; x_wconf 86' lang='lat' dir='ltr'>cx</span> <span class='ocrx_word' id='word_1_255' title='bbox 502 3751 688 3827; x_wconf 87' lang='lat' dir='ltr'>itineribus</span> <span class='ocrx_word' id='word_1_256' title='bbox 712 3753 806 3826; x_wconf 82' lang='lat' dir='ltr'>Pautr</span> <span class='ocrx_word' id='word_1_257' title='bbox 830 3747 926 3824; x_wconf 68' lang='lat' dir='ltr'>reste</span> <span class='ocrx_word' id='word_1_258' title='bbox 948 3750 1128 3837; x_wconf 89' lang='lat' dir='ltr'>firmatur;</span> <span class='ocrx_word' id='word_1_259' title='bbox 1154 3747 1206 3822; x_wconf 91' lang='lat' dir='ltr'>uti</span> <span class='ocrx_word' id='word_1_260' title='bbox 1231 3750 1526 3846; x_wconf 80' lang='lat' dir='ltr'>exsequentibus</span> 
     </span>
     <span class='ocr_line' id='line_1_31' title="bbox 300 3781 1530 3945; baseline -0.007 -17"><span class='ocrx_word' id='word_1_261' title='bbox 300 3781 378 3928; x_wconf 66' lang='lat' dir='ltr'>ino</span> <span class='ocrx_word' id='word_1_262' title='bbox 400 3849 484 3922; x_wconf 91' lang='lat' dir='ltr'>loco</span> <span class='ocrx_word' id='word_1_263' title='bbox 506 3847 654 3945; x_wconf 88' lang='lat' dir='ltr'>patebit.</span> <span class='ocrx_word' id='word_1_264' title='bbox 706 3847 838 3921; x_wconf 90' lang='lat' dir='ltr'>Thesrn</span> <span class='ocrx_word' id='word_1_265' title='bbox 872 3870 960 3919; x_wconf 88' lang='lat' dir='ltr'>vero</span> <span class='ocrx_word' id='word_1_266' title='bbox 990 3863 1089 3917; x_wconf 86' lang='lat' dir='ltr'>extra</span> <span class='ocrx_word' id='word_1_267' title='bbox 1120 3843 1264 3917; x_wconf 90' lang='lat' dir='ltr'>dubium</span> <span class='ocrx_word' id='word_1_268' title='bbox 1294 3847 1443 3920; x_wconf 90' lang='lat' dir='ltr'>collocat</span> <span class='ocrx_word' id='word_1_269' title='bbox 1473 3850 1530 3922; x_wconf 86' lang='lat' dir='ltr'>lo·.</span> 
     </span>
     <span class='ocr_line' id='line_1_32' title="bbox 302 3939 1527 4043; baseline -0.016 -19"><span class='ocrx_word' id='word_1_270' title='bbox 302 3969 375 4024; x_wconf 79' lang='lat' dir='ltr'>cus</span> <span class='ocrx_word' id='word_1_271' title='bbox 399 3945 477 4020; x_wconf 88' lang='lat' dir='ltr'>Gal.</span> <span class='ocrx_word' id='word_1_272' title='bbox 491 3946 540 4020; x_wconf 88' lang='lat'>11:</span> <span class='ocrx_word' id='word_1_273' title='bbox 562 3970 592 4020; x_wconf 90' lang='lat'>1.</span> <span class='ocrx_word' id='word_1_274' title='bbox 640 3944 824 4017; x_wconf 89' lang='lat' dir='ltr'>Annorum</span> <span class='ocrx_word' id='word_1_275' title='bbox 841 3941 937 4015; x_wconf 90' lang='lat' dir='ltr'>enirn</span> <span class='ocrx_word' id='word_1_276' title='bbox 958 3963 1024 4031; x_wconf 89' lang='lat'>14,</span> <span class='ocrx_word' id='word_1_277' title='bbox 1047 3939 1098 4013; x_wconf 91' lang='lat' dir='ltr'>ibi</span> <span class='ocrx_word' id='word_1_278' title='bbox 1122 3958 1415 4031; x_wconf 88' lang='lat' dir='ltr'>memoratorum,</span> <span class='ocrx_word' id='word_1_279' title='bbox 1440 3968 1527 4043; x_wconf 86' lang='lat' dir='ltr'>epo.</span> 
     </span>
     <span class='ocr_line' id='line_1_33' title="bbox 304 4035 1528 4132; baseline -0.002 -13"><span class='ocrx_word' id='word_1_280' title='bbox 304 4043 401 4132; x_wconf 86' lang='lat' dir='ltr'>c&#39;ha,</span> <span class='ocrx_word' id='word_1_281' title='bbox 444 4062 517 4114; x_wconf 89' lang='lat' dir='ltr'>non</span> <span class='ocrx_word' id='word_1_282' title='bbox 543 4065 563 4114; x_wconf 87' lang='lat' dir='ltr'>a</span> <span class='ocrx_word' id='word_1_283' title='bbox 588 4039 692 4114; x_wconf 89' lang='lat' dir='ltr'>trium</span> <span class='ocrx_word' id='word_1_284' title='bbox 720 4061 890 4114; x_wconf 89' lang='lat' dir='ltr'>annorum</span> <span class='ocrx_word' id='word_1_285' title='bbox 914 4058 1010 4110; x_wconf 89' lang='lat' dir='ltr'>mora</span> <span class='ocrx_word' id='word_1_286' title='bbox 1037 4035 1075 4109; x_wconf 89' lang='lat' dir='ltr'>in</span> <span class='ocrx_word' id='word_1_287' title='bbox 1098 4035 1248 4127; x_wconf 88' lang='lat' dir='ltr'>Arabia,</span> <span class='ocrx_word' id='word_1_288' title='bbox 1280 4057 1319 4109; x_wconf 90' lang='lat' dir='ltr'>et</span> <span class='ocrx_word' id='word_1_289' title='bbox 1341 4039 1444 4132; x_wconf 88' lang='lat' dir='ltr'>alibi,</span> <span class='ocrx_word' id='word_1_290' title='bbox 1484 4038 1528 4116; x_wconf 81' lang='lat' dir='ltr'>ut</span> 
     </span>
     <span class='ocr_line' id='line_1_34' title="bbox 305 4130 1534 4240; baseline -0.002 -29"><span class='ocrx_word' id='word_1_291' title='bbox 305 4142 477 4240; x_wconf 81' lang='lat' dir='ltr'>putatur,</span> <span class='ocrx_word' id='word_1_292' title='bbox 503 4136 562 4211; x_wconf 92' lang='lat' dir='ltr'>sed</span> <span class='ocrx_word' id='word_1_293' title='bbox 585 4162 605 4209; x_wconf 88' lang='lat' dir='ltr'>a</span> <span class='ocrx_word' id='word_1_294' title='bbox 622 4136 847 4212; x_wconf 82' lang='lat' dir='ltr'>conversione</span> <span class='ocrx_word' id='word_1_295' title='bbox 864 4130 971 4206; x_wconf 85' lang='lat' dir='ltr'>Pauli</span> <span class='ocrx_word' id='word_1_296' title='bbox 986 4133 1133 4206; x_wconf 89' lang='lat' dir='ltr'>omnino</span> <span class='ocrx_word' id='word_1_297' title='bbox 1156 4133 1309 4230; x_wconf 89' lang='lat' dir='ltr'>petenda</span> <span class='ocrx_word' id='word_1_298' title='bbox 1324 4135 1397 4224; x_wconf 83' lang='lat' dir='ltr'>est,</span> <span class='ocrx_word' id='word_1_299' title='bbox 1422 4158 1534 4227; x_wconf 70' lang='lat' dir='ltr'>cum„</span> 
     </span>
     <span class='ocr_line' id='line_1_35' title="bbox 330 4225 1535 4328; baseline -0.006 -19"><span class='ocrx_word' id='word_1_300' title='bbox 330 4233 409 4309; x_wconf 90' lang='lat' dir='ltr'>uod</span> <span class='ocrx_word' id='word_1_301' title='bbox 434 4231 564 4307; x_wconf 86' lang='lat' dir='ltr'>intuta</span> <span class='ocrx_word' id='word_1_302' title='bbox 589 4233 656 4305; x_wconf 90' lang='lat' dir='ltr'>hac</span> <span class='ocrx_word' id='word_1_303' title='bbox 670 4231 839 4328; x_wconf 89' lang='lat' dir='ltr'>pericopa</span> <span class='ocrx_word' id='word_1_304' title='bbox 865 4227 949 4302; x_wconf 88' lang='lat' dir='ltr'>inde</span> <span class='ocrx_word' id='word_1_305' title='bbox 964 4228 1107 4305; x_wconf 91' lang='lat' dir='ltr'>initium</span> <span class='ocrx_word' id='word_1_306' title='bbox 1130 4225 1304 4316; x_wconf 88' lang='lat' dir='ltr'>sumatur,</span> <span class='ocrx_word' id='word_1_307' title='bbox 1331 4250 1426 4319; x_wconf 90' lang='lat' dir='ltr'>tum,</span> <span class='ocrx_word' id='word_1_308' title='bbox 1454 4253 1535 4304; x_wconf 82' lang='lat' dir='ltr'>una¹</span> 
     </span>
     <span class='ocr_line' id='line_1_36' title="bbox 304 4261 1541 4432; baseline -0.011 -25"><span class='ocrx_word' id='word_1_309' title='bbox 304 4261 404 4407; x_wconf 67' lang='lat' dir='ltr'>ierie</span> <span class='ocrx_word' id='word_1_310' title='bbox 429 4330 512 4405; x_wconf 89' lang='lat' dir='ltr'>anni</span> <span class='ocrx_word' id='word_1_311' title='bbox 545 4327 594 4403; x_wconf 90' lang='lat' dir='ltr'>illi</span> <span class='ocrx_word' id='word_1_312' title='bbox 625 4345 693 4401; x_wconf 80' lang='lat' dir='ltr'>tres</span> <span class='ocrx_word' id='word_1_313' title='bbox 717 4346 753 4400; x_wconf 89' lang='lat' dir='ltr'>et</span> <span class='ocrx_word' id='word_1_314' title='bbox 779 4327 1017 4424; x_wconf 75' lang='lat' dir='ltr'>quatuordecim</span> <span class='ocrx_word' id='word_1_315' title='bbox 1046 4349 1118 4400; x_wconf 93' lang='lat' dir='ltr'>non</span> <span class='ocrx_word' id='word_1_316' title='bbox 1152 4325 1412 4422; x_wconf 87' lang='lat' dir='ltr'>subjungantur.</span> <span class='ocrx_word' id='word_1_317' title='bbox 1462 4326 1541 4432; x_wconf 65' lang='lat' dir='ltr'>Sy‘r</span> 
     </span>
    </p>
   </div>
   <div class='ocr_carea' id='block_1_3' title="bbox 303 4417 1533 4612">
    <p class='ocr_par' dir='ltr' id='par_1_3' title="bbox 303 4417 1533 4612">
     <span class='ocr_line' id='line_1_37' title="bbox 303 4417 1529 4596; baseline -0.007 -90"><span class='ocrx_word' id='word_1_318' title='bbox 303 4424 427 4506; x_wconf 73' lang='lat' dir='ltr'>nodus</span> <span class='ocrx_word' id='word_1_319' title='bbox 451 4425 589 4527; x_wconf 87' lang='lat' dir='ltr'>itaque,</span> <span class='ocrx_word' id='word_1_320' title='bbox 629 4424 817 4503; x_wconf 88' lang='lat' dir='ltr'>secundum</span> <span class='ocrx_word' id='word_1_321' title='bbox 841 4425 937 4596; x_wconf 72' lang='lat' dir='ltr'>thnc</span> <span class='ocrx_word' id='word_1_322' title='bbox 963 4440 1189 4522; x_wconf 89' lang='lat' dir='ltr'>computum,</span> <span class='ocrx_word' id='word_1_323' title='bbox 1228 4421 1347 4497; x_wconf 87' lang='lat' dir='ltr'>habita</span> <span class='ocrx_word' id='word_1_324' title='bbox 1371 4417 1421 4493; x_wconf 91' lang='lat' dir='ltr'>est</span> <span class='ocrx_word' id='word_1_325' title='bbox 1445 4421 1529 4497; x_wconf 57' lang='lat' dir='ltr'>atini</span> 
     </span>
     <span class='ocr_line' id='line_1_38' title="bbox 320 4535 1533 4612; baseline -0.004 -10"><span class='ocrx_word' id='word_1_326' title='bbox 320 4544 333 4569; x_wconf 78' lang='lat'><strong>¹</strong></span> <span class='ocrx_word' id='word_1_327' title='bbox 406 4564 411 4571; x_wconf 89' lang='lat'>·</span> <span class='ocrx_word' id='word_1_328' title='bbox 933 4541 960 4612; x_wconf 86' lang='lat'>4</span> <span class='ocrx_word' id='word_1_329' title='bbox 1432 4535 1533 4597; x_wconf 73' lang='lat' dir='ltr'>rom</span> 
     </span>
    </p>
   </div>
   <div class='ocr_carea' id='block_1_4' title="bbox 0 0 1833 5500">
    <p class='ocr_par' dir='ltr' id='par_1_4' title="bbox 0 0 1833 5500">
     <span class='ocr_line' id='line_1_39' title="bbox 0 0 1833 5500; baseline 0 0"><span class='ocrx_word' id='word_1_330' title='bbox 0 0 1833 5500; x_wconf 95' lang='lat' dir='ltr'> </span> 
     </span>
    </p>
   </div>
  </div>
 </body>
</html>
