3609 5500
230 873 251 1035 Ι,
299 932 373 1002 m‘
689 924 989 1029 Historiatchlefi
1015 924 1138 1029 οῙινὶ]ἱ.Ι
1194 1012 1199 1021 ,

300 1106 361 1182 seu
383 1126 464 1181 curn
489 1104 593 1197 Deo,
619 1103 706 1190 huie
729 1106 1170 1207 quippesubordinrta‘m,
1201 1126 1240 1187 et
1265 1107 1523 1191 inservientem

241 1295 247 1302 ,
301 1225 343 1279 ac
364 1225 443 1277 eam
469 1203 709 1293 adserentem,
733 1206 846 1291 itaut
871 1206 1077 1302 commupio
1106 1229 1187 1281 cum
1205 1205 1346 1281 Christo
1371 1206 1414 1282 lit
1433 1225 1520 1287 cum

299 1300 405 1388 Deo,
437 1296 570 1374 sununo
593 1299 712 1388 bono,
744 1300 906 1380 hominis
922 1327 965 1377 ue
990 1302 1098 1377 salute
1123 1325 1165 1377 ac
1197 1300 1370 1400 felicitate
1394 1303 1432 1378 in
1458 1327 1519 1381 ae·

299 1413 456 1470 ternum.
473 1396 635 1470 duratura
660 1397 866 1472 communio
897 1327 981 1495 ioh
1005 1398 1127 1472 XVII.
1178 1397 1299 1495 1Joh.'
1319 1400 1350 1487 l,
1375 1400 1426 1473 V:
1454 1421 1521 1479 20.'

298 1509 337 1564 et
352 1489 453 1566 alibi.
486 1490 561 1572 ,Est
589 1514 676 1565 vero
703 1490 760 1567 illa
783 1516 864 1568 cuna
882 1489 1021 1568 Christo
1047 1492 1225 1591 singularis
1254 1513 1293 1567 et
1313 1491 1519 1588 arilissima,

294 1587 463 1683 omnique
488 1606 589 1684 parte
612 1586 735 1684 plena,
768 1589 901 1685 quippe
924 1589 1108 1759 coqqplexa
1134 1613 1166 1665 r.
1191 1607 1333 1664 naturae
1365 1586 1526 1664 consor·.

295 1682 478 1771 mitatem,
503 1702 673 1784 quatenus
693 1683 768 1781 ipse
785 1684 971 1760 nostrama
1010 1683 1130 1777 umsrt,
1155 1705 1194 1758 et
1216 1707 1281 1759 nos
1298 1682 1403 1780 ipsius
1421 1685 1512 1760 lm'a·

322 1777 516 1852 inisumus
550 1778 771 1870 conformes,
813 1799 851 1854 et
882 1781 933 1856 ita
966 1779 1110 1853 naturae
1142 1779 1284 1854 divinae
1317 1779 1515 1878 participes

333 1897 401 1948 om.
427 1875 530 1950 Vrfl.
586 1875 662 1949 Gal.
686 1876 723 1949 ΙΙ
745 1895 783 1951 et
805 1878 874 1953 IV.
904 1899 937 1953 2.
969 1874 1083 1950 rnutui
1103 1873 1192 1973 juris
1218 1873 1256 1947 in
1279 1873 1391 1967 dona,
1433 1900 1511 1950 me·

291 1968 381 2061 rita,
409 1989 448 2044 et
463 1971 557 2047 bona
581 1970 915 2068 participationem
939 1996 1006 2068 qua
1026 1970 1193 2069 quicquid
1210 1968 1339 2049 Christi
1363 1965 1514 2052 estnos-

292 2084 388 2141 trum
413 2066 476 2158 fit,
498 2087 539 2141 et
563 2066 729 2164 quicquid
751 2065 908 2144 nostrum
938 2067 990 2143 est
1014 2064 1129 2164 ipsius.
1175 2065 1237 2142 Est
1260 2064 1379 2163 utique
1403 2068 1513 2164 nobis

289 2161 403 2239 faciut
420 2160 615 2261 sapientia,
635 2161 789 2258 justitia,
805 2163 987 2253 sanetius.
1009 2181 1048 2241 ct
1064 2161 1241 2237 redemtio
1263 2163 1373 2238 1Cor.
1398 2164 1428 2238 1;
1452 2163 1527 2264 ip··¹

288 2260 435 2356 sumque
462 2262 591 2335 induere
617 2257 768 2334 dicimur
802 2259 907 2338 Rom
941 2258 1064 2356 XIIL,
1096 2280 1162 2334 uos
1192 2257 1267 2366 ejus
1298 2253 1412 2332 samus
1438 2281 1511 2355 pe·
1548 2333 1551 2337 .

287 2356 422 2430 culium
449 2373 488 2427 et
515 2353 659 2451 propria
683 2355 861 2451 pollellio,
894 2373 965 2432 etc.
1017 2377 1051 2452 3.
1078 2355 1333 2451 operationem
1361 2352 1400 2428 in
1423 2375 1510 2429 mu··

281 2457 360 2525 'tua‘
379 2451 584 2540 commoda,
610 2448 663 2524 uti
677 2450 808 2538 Christi
830 2450 1031 2530 adsalutem
1053 2449 1297 2539 credentium,
1322 2447 1365 2523 et'
1380 2472 1509 2526 eorum

288 2548 334 2623 ad
359 2549 433 2643 ejus
455 2546 622 2644 gloriam,
644 2565 685 2619 et
702 2569 740 2622 re
766 2548 804 2622 ni
819 2545 1122 2644 propagationem.
1171 2544 1336 2640 Denique
1357 2564 1393 2636 4„
1418 2567 1441 2617 o
1491 2553 1510 2608 ·'

287 2641 465 2718 tationem
491 2666 630 2739 quoque
656 2640 695 2716 in
744 2669 765 2717 e
795 2644 975 2733 invicem,
1015 2659 1195 2744 quatenus
1216 2639 1254 2719 in
1280 2638 1438 2728 credenti
1465 2662 1508 2719 us

285 2742 371 2815 vivit
395 2736 568 2828 Christus,
593 2759 631 2811 et
656 2763 678 2812 o
705 2761 820 2821 eratur
837 2763 901 2837 per
916 2735 1108 2836 Spiritum,
1135 2736 1210 2812 Gal.
1235 2736 1283 2810 11:
1311 2758 1369 2814 20.
1397 2735 1504 2835 'Johl

285 2835 379 2925 VL,
405 2833 453 2908 illi
476 2836 589 2909 rursus
612 2833 650 2907 in
674 2765 744 2908 ide
769 2838 863 2932 ejus,
896 2833 935 2907 in
958 2831 1101 2911 nomine
1126 2833 1200 2929 ejus
1222 2829 1342 2909 onnia
1364 2850 1503 2932 agunt,

283 2950 325 3004 ct
351 2954 396 3005 ex
426 2929 502 3026 ipso
534 2929 699 3006 hauriunt
724 2931 870 3027 gratiam
891 2953 969 3100 epro
986 2927 1108 3027 gratia.
1160 2950 1194 3018 5.
1218 2925 1407 3009 Postremo
1422 2952 1501 3003 mu·

289 3027 344 3102 tui
370 3026 499 3102 amoris
523 3046 560 3100 et
583 3024 785 3105 intimarum
808 3025 888 3100 adse
926 3024 1048 3100 ionum
1065 3022 1393 3121 participationem,
1416 3024 1503 3102 dum

283 3120 443 3200 Christus
477 3123 515 3197 in
546 3122 627 3220 ipfis
660 3122 872 3220 acquiescit,
913 3141 951 3196 et
977 3143 1134 3196 amorem
1163 3121 1260 3194 suurn
1292 3119 1331 3193 in
1364 3119 1501 3199 animos

282 3246 409 3296 eorum
436 3221 607 3311 effundit,
647 3221 831 3309 illirursur
856 3219 922 3323 ipfi
945 3216 1079 3311 fidunt,
1118 3214 1256 3318 inipso
1284 3213 1503 3293 delectantur

285 3338 325 3390 et
347 3316 550 3414 gloriantur.
577 3335 645 3389 etc.
1494 3320 1499 3350 '·

332 3411 364 3509 q.
390 3412 508 3482 CVll.
551 3413 637 3482 Cum
662 3431 750 3482 vero
768 3426 894 3486 omncs
915 3406 967 3484 ita
987 3433 1067 3486 curn
1095 3406 1234 3484 Christo
1265 3408 1376 3500 uniti,
1408 3408 1500 3486 fide·

282 3507 337 3582 les
359 3522 397 3578 et
418 3503 547 3593 sandii,
568 3504 856 3579 communionem
881 3529 961 3580 cum
981 3533 1026 3581 eo
1053 3506 1262 3581 habeantet
1283 3506 1498 3600 exerceant,

285 3601 412 3698 sponte
437 3599 495 3672 sua
528 3599 701 3696 sequitur,
743 3622 803 3673 eos
831 3603 948 3679 secum
980 3601 1138 3678 invicem
1164 3626 1302 3700 quoque
1337 3599 1499 3676 hmiliter

285 3693 356 3771 elle
387 3694 614 3791 conjunlios,
655 3712 693 3768 et
723 3700 1008 3774 communionem
1041 3720 1208 3774 exercere
1244 3723 1309 3796 per
1341 3715 1500 3791 mutuam

282 3792 392 3871 fidem
422 3812 459 3864 et
489 3791 723 3881 charitatem,
766 3792 896 3890 sibique
926 3815 1046 3869 mutua
1080 3792 1262 3870 charitatis
1294 3793 1423 3879 debere
1453 3817 1498 3867 ac

282 3886 458 3987 praestare
489 3887 633 3979 officia,
683 3905 851 3985 quatenus
881 3889 984 3981 unius
1018 3892 1159 4059 corporis
1192 3889 1321 3965 Christi
1352 3884 1495 3999 mystici

283 3987 439 4060 membra
456 3985 554 4073 sunt,
585 3989 694 4060 1Cor.
720 3987 799 4061 XII.
835 3986 945 4082 1Joh.
969 3989 998 4061 1.
1022 3989 1064 4060 ab
1081 3991 1202 4080 queut
1227 3987 1265 4059 in
1281 3988 1317 4063 se
1332 3985 1491 4060 invrcenr

278 4080 395 4177 aliqua
418 4078 593 4174 potestate
618 4101 676 4155 aut
702 4081 969 4176 superioritatc,
1005 4098 1044 4154 et
1067 4080 1278 4171 autoritate,
1310 4080 1496 4181 polleant}
1525 4115 1532 4122 ··

278 4202 364 4256 cum
390 4198 510 4247 ornnes
533 4175 599 4251 smt
615 4176 756 4263 fratres,
782 4197 819 4250 et
836 4174 1016 4276 discipuli,
1040 4172 1100 4270 qui
1125 4199 1231 4251 unum
1248 4178 1378 4253 habent
1393 4198 1492 4250 corn·

277 4299 424 4354 munem
442 4276 597 4363 Patrem,
623 4274 884 4367 etDndiorem,
909 4298 949 4348 ac
964 4269 1166 4361 duetorem,
1187 4273 1387 4359 Christum
1412 4295 1492 4345 orn·

273 4399 342 4460 nes
366 4371 481 4469 itaque
497 4369 675 4466 aequales,
700 4391 736 4446 ct
759 4369 937 4469 suijuris,
971 4367 1031 4446 seu
1055 4365 1180 4459 liberi,
1214 4369 1327 4446 asolo
1352 4365 1494 4537 ghristo

214 4486 217 4495 ·
843 4552 848 4558 .
1333 4482 1336 4488 ’
1387 4485 1497 4560 eperr
