3609 5500
468 700 472 705 ’
578 685 594 758 .“
653 689 659 698 ”
707 677 881 771 δεταί·
949 691 952 698 ’
1006 697 1051 746 .’
1341 688 1418 788 325

209 879 280 956 quae
302 856 454 932 suerunt.
505 877 537 932 1.
562 856 802 933 intellellualrr
824 873 962 932 mentes
986 851 1180 955 separatae,
1212 875 1250 931 et
1273 857 1415 948 animae

207 955 370 1028 sublimes:
403 953 551 1028 mundus
576 954 756 1028 Cabbalist.
783 957 963 1028 Brioricos.
1012 975 1045 1028 2.
1068 955 1207 1051 Angeli,
1240 955 1415 1031 inferiora

205 1068 368 1140 curantes,
393 1051 541 1124 mundus
557 1052 695 1126 Cabbal.
715 1051 961 1144 Jeziratlticor.
1014 1073 1048 1144 3.
1074 1053 1278 1145 Corporales,
1304 1076 1408 1125 mun·

204 1148 275 1220 dum
303 1147 474 1220 visibilem
517 1147 763 1237 absolventes,
798 1146 858 1242 qui
890 1144 1058 1238 Aſsaricos
1096 1145 1227 1218 dicitur
1270 1148 1413 1224 Cabbal.

205 1241 296 1346 Quod
317 1244 360 1316 ad
382 1243 540 1338 posterius
574 1241 709 1316 adtinet
740 1263 867 1339 caput,
887 1266 987 1315 rcum
1019 1248 1190 1316 materiam
1221 1238 1412 1318 statuerint

200 1336 395 1428 increatam,
428 1358 466 1410 et
489 1357 688 1428 aeternam,
721 1339 779 1410 sed
803 1339 1008 1425 animatam,
1049 1339 1265 1432 eandemque
1289 1338 1408 1412 sedem

202 1455 238 1506 ac
253 1434 423 1532 originem
455 1434 555 1522 mali,
605 1433 762 1530 adeoque
786 1432 965 1529 secundum
996 1431 1258 1505 introduxerint
1288 1456 1406 1506 rerum

201 1529 424 1628 principium,
457 1552 502 1602 ne
527 1531 643 1604 Deum
669 1537 801 1602 caulam
825 1530 906 1602 mali
930 1529 1110 1617 facerent,
1146 1530 1326 1624 sequentes
1356 1546 1412 1616 ter

203 1647 344 1700 nuerunt
362 1623 598 1722 hypotheses:
628 1649 659 1699 r.
683 1627 850 1698 mundum
871 1626 966 1697 hunc
990 1626 1033 1696 ab
1058 1626 1275 1721 Angelorum
1306 1625 1408 1723 prin·

203 1721 292 1816 cipe,
317 1745 420 1818 quem
441 1719 672 1818 Demiurgum
698 1739 890 1808 vocarunt,
919 1719 1105 1792 formatum
1126 1719 1194 1792 ell'e
1215 1721 1305 1815 jussu
1322 1723 1411 1813 Dei,

202 1819 344 1916 adeoque
367 1819 463 1898 bono
511 1815 627 1891 uidem
657 1817 693 1890 in
718 1815 917 1913 principio,
942 1817 1000 1889 sed
1024 1817 1117 1889 malo
1141 1817 1313 1913 deinceps
1328 1817 1403 1892 sac·

206 1931 262 2001 to,
290 1936 364 1986 cunr
388 1840 540 2001 Mundi,
572 1938 593 1987 a
626 1911 662 1985 se
684 1909 846 2000 formati,
878 1912 987 1985 vellet
1018 1910 1087 1984 eise
1114 1913 1301 1986 Dominus.
1348 1912 1412 1986 De

208 2029 269 2103 quo
288 2008 352 2082 vid.
377 2007 561 2082 Beausobr.
592 2005 671 2082 hist.
696 2005 859 2082 Mrmich.
894 2025 981 2080 tom.
1008 2008 1055 2081 11.
1103 2007 1212 2080 Hunc
1248 2030 1282 2081 2.
1306 2005 1408 2092 instiss

209 2101 299 2176 tuisse
326 2103 568 2178 oeconomiam
602 2104 747 2199 legalem
771 2101 987 2187 Mosaicam,
1032 2125 1111 2175 curn
1145 2103 1220 2198 ejus
1243 2124 1346 2177 autor
1370 2103 1408 2177 se

204 2198 347 2273 severum
370 2219 409 2273 et
433 2201 560 2274 malum
586 2197 822 2296 praestiterit,
857 2221 890 2294 3.
916 2195 1112 2288 Christum,
1144 2198 1277 2288 Patris,
1306 2199 1405 2296 prin·

201 2292 282 2391 cipii
303 2295 336 2368 su
365 2294 453 2368 remi
477 2293 583 2384 boni,
609 2293 866 2369 emanationem
892 2293 1081 2383 summam,
1102 2293 1142 2395 in
1165 2295 1331 2369 mundum
1348 2295 1408 2370 su·

197 2389 255 2466 iile
276 2390 321 2464 mi
351 2415 429 2479 usn,
455 2410 495 2464 ut
517 2413 636 2472 euma
652 2391 901 2488 corruptione,
928 2409 968 2464 et
983 2393 1098 2480 malo,
1118 2387 1340 2482 vindicaret,
1364 2411 1405 2468 et

200 2487 327 2562 Patrem
342 2485 544 2560 notificaret
560 2487 685 2569 ¹Deum
709 2487 906 2581 supremum
937 2504 977 2560 et
1005 2488 1159 2578 bonum,
1192 2510 1212 2560 a
1237 2490 1412 2564 Creatore'·

201 2605 302 2678 aeque
318 2606 358 2656 ac
380 2601 503 2656 autore
521 2581 752 2656 oeconomiae
768 2580 917 2656 Veteris
941 2581 1128 2657 diversum.
1178 2605 1213 2673 4.
1231 2581 1407 2664 Christum

203 2699 269 2750 non
288 2700 422 2768 veram,
446 2675 505 2751 sed
531 2676 782 2774 phantasticam
806 2677 998 2753 adsumsrsse
1022 2699 1182 2766 caruem,
1208 2678 1288 2773 quia
1306 2698 1405 2754 cete·

200 2774 314 2871 roquin
336 2792 487 2872 peccato
513 2796 586 2847 non
616 2774 795 2849 caruisset:
830 2797 941 2869 aqua
982 2772 1153 2868 opinione
1185 2771 1404 2859 denominati

200 2866 269 2943 sunt
297 2876 421 2956 lesem
444 2870 615 2944 Docetae:
646 2870 690 2943 de
719 2868 841 2965 quibus
864 2868 962 2941 Idem
987 2866 1170 2941 Beausobr.
1197 2868 1221 2941 l.
1245 2867 1307 2943 cit.
1331 2869 1404 2965 legi

202 2986 359 3043 meretur:
385 2965 519 3075 repetit
541 2984 656 3039 autem
681 2986 802 3037 eorum
832 2957 989 3060 origines
1011 2962 1225 3037 aPiatonica
1247 2963 1404 3037 Philoso·
1472 2979 1478 2987 ’

200 3058 290 3157 pbia,
316 3084 354 3137 et
377 3080 534 3136 rationes
559 3058 730 3157 exponit,
754 3056 876 3156 quibus
897 3058 987 3132 haec
1011 3055 1138 3166 opinio
1163 3057 1231 3131 fuit
1255 3059 1403 3138 firmata.

200 3154 553 3255 5.c0ojugiu1neffe
577 3154 805 3253 fugiendum,
845 3154 923 3251 quia
949 3175 1067 3243 carnis
1092 3154 1304 3229 exercitium
1329 3154 1403 3233 stne

242 3274 336 3328 ccato
361 3251 529 3339 nonest,
556 3268 593 3323 et
618 3252 691 3347 ejus
715 3249 1005 3347 propagationem
1022 3247 1156 3325 adfert:
1181 3248 1265 3324 lieet
1309 3251 1417 3329 ostea.

236 3349 396 3424 alentinus
429 3369 466 3421 et
497 3346 655 3421 Basilides
679 3346 851 3421 laudarint
885 3346 1102 3443 conjugium.
1155 3352 1189 3421 6.
1214 3275 1404 3423 Abriinen
1458 3354 1463 3361 ’

197 3440 273 3544 Ιἀιιπι
297 3466 485 3542 propterea
509 3466 646 3540 quoque
670 3440 741 3517 effe
764 3444 808 3517 ab
826 3442 988 3517 omnibus
1011 3444 1133 3529 rebus,
1158 3464 1246 3537 quae
1272 3468 1403 3519 concu-

201 3536 394 3630 piscentiam
421 3540 611 3629 fovebant,
645 3537 697 3614 uti
722 3564 742 3611 a
765 3562 891 3625 carne,
926 3540 1035 3626 vino,
1069 3536 1224 3633 cibisque
1249 3539 1402 3615 aliisva·

202 3630 272 3709 riis:
302 3660 370 3734 quo
396 3636 552 3732 respexit
576 3636 646 3731 Ap.
675 3634 809 3708 tTim.
837 3636 904 3709 lV.
953 3632 1119 3727 Denique
1156 3653 1177 3726 7
1202 3640 1330 3723 cornis,
1363 3636 1403 3711 iu

201 3750 259 3823 qua
279 3750 463 3831 peccatum
488 3727 764 3827 inseparabiliter
779 3728 931 3823 refidet,
951 3729 1075 3801 nullam
1092 3727 1165 3801 dari
1181 3730 1405 3807 resurreetio·

201 3840 288 3903 nem:
312 3829 412 3925 cujus
436 3829 565 3902 erroris
578 3822 726 3923 vestigia
744 3826 922 3930 superiore
940 3824 1087 3923 periodo
1110 3823 1182 3898 sese
1194 3825 1267 3923 jam
1289 3827 1403 3902 osten·
1425 3887 1428 3893 .

197 3918 334 4013 derunt3
359 3924 413 4001 uti
438 3924 500 3997 suo
523 3924 604 3998 loco
634 3921 804 4011 vidimus„

238 4018 652 4115 §.CCLXX1X.·Licet
678 4018 767 4112 haec
791 4016 961 4107 haeresis,
994 4037 1034 4092 ut
1056 4016 1101 4090 de
1126 4022 1404 4182 tempore,squo

197 4108 341 4213 incepit,
359 4116 490 4218 aliquid
505 4138 688 4207 moneant,
709 4138 784 4284 perS
782 4113 963 4283 {isidem
980 4134 1018 4191 et
1027 4111 1311 4220 Valentinumpe
1346 4136 1403 4189 ee·

195 4224 204 4261 ὲ
833 4232 853 4305 3
1275 4224 1406 4292 tuorem
