3609 5500
824 503 928 572 Strui.
955 500 1004 570 ss.
1452 526 1523 594 445

289 675 519 754 Christianos
543 702 588 754 ex
615 676 763 753 notabili
791 680 892 753 Tert.
921 677 965 751 de
990 702 1096 752 cartu.
1121 675 1189 752 inii.
1215 699 1261 752 c.·
1275 699 1310 775 3,
1333 679 1416 755 loco
1433 702 1525 754 com.

288 776 383 849 stat.
435 776 488 847 Ad
502 799 621 849 omnem
632 771 828 871 progreffitm
847 791 942 869 utque
952 793 1147 867 prottrotutn,
1175 771 1311 871 inquit,
1336 778 1381 849 ud
1398 799 1522 850 omnem

288 873 432 947 aditum
456 888 488 941 et
513 878 657 962 exitum,
694 875 738 944 ad
768 868 935 964 mellitum,
977 874 1021 943 ud
1045 871 1246 960 calceatum,
1287 872 1331 944 ud
1360 871 1520 963 lavacra,

288 961 518 1060 advertistis,
550 971 595 1041 ud
618 971 759 1055 lumina,
790 970 834 1037 ud
857 967 998 1054 cubilia,
1022 970 1068 1039 ud
1079 964 1224 1063 sedilia,
1256 990 1439 1062 quacunque
1463 992 1519 1041 not

288 1068 503 1157 converparit
537 1084 682 1152 exercet,
714 1061 865 1157 frontem
896 1067 1004 1135 trucis
1022 1060 1191 1157 stgnuculo
1216 1068 1368 1151 terimur,
1408 1062 1522 1137 ficet

283 1163 344 1235 de
385 1159 510 1232 resurr.·
534 1183 626 1234 carn,
653 1184 684 1234 c.
711 1170 743 1238 8.
780 1185 854 1232 caru
870 1156 1045 1252 figuratur,
1074 1177 1112 1232 ut
1135 1177 1166 1231 et
1189 1162 1299 1233 ultima
1332 1161 1517 1231 inuniutur:
1595 1211 1598 1218 «

290 1254 399 1328 unde
424 1254 554 1349 liquet,
570 1253 747 1350 spirituale
760 1255 831 1351 jam
848 1252 977 1350 aliquid
1002 1252 1041 1326 in
1066 1279 1110 1327 eo
1127 1252 1229 1328 luisse
1253 1252 1520 1331 consideratum.

291 1352 391 1455 Quo
417 1348 455 1422 in
478 1352 596 1426 Const.
621 1350 744 1447 Apost.
770 1353 836 1423 lll:
866 1373 923 1443 17.
948 1347 1152 1446 respicitur,
1187 1352 1249 1423 ubi
1275 1351 1445 1440 habetur,
1484 1352 1520 1425 itt

287 1443 463 1542 baptismo
478 1450 578 1521 oleum
600 1449 771 1522 adhibetur
791 1469 850 1543 pto
872 1448 995 1539 Spiritu
1014 1446 1051 1519 S.
1064 1501 1075 1535 ,
1090 1443 1224 1539 figuutn
1241 1451 1349 1521 trucis
1368 1466 1428 1540 pro
1445 1471 1519 1520 cru·

293 1568 362 1633 ce,
387 1541 522 1616 indicat
549 1544 665 1639 itaque
684 1541 971 1617 communionem
987 1564 1066 1614 cum
1092 1566 1186 1615 crure
1204 1540 1353 1631 Christi,
1379 1561 1417 1616 ut
1433 1543 1520 1640 bap·

290 1636 427 1714 tismus
458 1660 538 1712 cum
570 1657 671 1713 morte
701 1640 800 1734 ejus,
842 1660 948 1733 quare
977 1635 1072 1710 inter
1097 1637 1185 1711 ritus
1209 1637 1371 1735 baptismi
1400 1639 1520 1715 locum

290 1734 451 1823 habuit,
492 1754 532 1807 ut
554 1759 599 1810 ex
625 1736 660 1807 T
663 1757 728 1809 ert.
761 1736 841 1808 loco
867 1731 1061 1828 posteriore
1089 1754 1200 1830 patet.
1252 1734 1371 1835 Quare
1406 1735 1518 1811 Clem.

288 1832 407 1906 Alex.
433 1830 562 1905 Strom.
589 1831 673 1905 Vll:
699 1854 730 1905 c.
759 1853 817 1906 12.
843 1851 992 1902 crucem
1016 1829 1205 1925 adpellavit
1228 1849 1343 1927 σημεῖον
1359 1828 1518 1926 figitum3

292 1943 340 2001 et
357 1922 492 2019 figurent
519 1943 671 2019 portare,
711 1925 782 2014 ait,
817 1920 887 1997 esse
918 1942 1051 1998 mortem
1084 1927 1311 2021 circumferre,
1353 1946 1524 2023 quatenus

297 2020 592 2095 communionem
626 2045 707 2095 cum
740 2040 856 2095 morte
888 2018 1058 2118 obsignat.
1107 2021 1167 2094 Sic
1190 2043 1228 2095 et
1252 2026 1275 2097 l.
1303 2025 1371 2099 VI.
1397 2047 1429 2096 c.
1458 2043 1546 2100 11.-

280 2117 433 2215 wgmlv
460 2136 576 2213 repitit
591 2115 723 2213 fignum
746 2117 963 2191 Duminscum.

301 2275 305 2280 .
349 2212 486 2313 §XC
526 2214 685 2287 Addatur
712 2213 885 2309 denique,
923 2209 1011 2283 isas
1034 2208 1241 2286 Samiorum
1266 2215 1423 2311 reliquias
1443 2212 1519 2312 jam

297 2311 381 2388 hoe
405 2309 523 2384 seculo
552 2305 652 2382 fuisse
684 2307 892 2397 honoratas,
933 2236 1019 2381 sicet
1043 2329 1115 2381 noa
1140 2308 1322 2407 religiose,
1361 2332 1519 2386 attamen

301 2404 439 2493 nimis3
463 2406 567 2478 itaut
585 2401 704 2500 postea
722 2399 975 2500 superstitiosus
997 2404 1109 2476 cultus
1125 2400 1207 2478 inde
1230 2404 1338 2480 suerit
1361 2428 1517 2485 exortus.

291 2500 452 2578 Nimiae
482 2498 727 2590 uenerationis
765 2497 945 2596 sequeutia
986 2499 1057 2571 sese
1091 2497 1249 2572 offerunt
1291 2502 1516 2578 documenta.

297 2621 336 2675 ι.
361 2595 445 2694 Offa
466 2593 648 2692 Polycarpi
672 2595 824 2690 adpellat
847 2591 1001 2666 Ecclesia
1018 2594 1178 2688 Smyrn.,
1203 2594 1322 2692 irrep.
1347 2596 1446 2691 supra
1465 2595 1517 2669 ci·

297 2712 397 2784 tata,
418 2694 546 2787 potiora
569 2692 690 2801 lapillis
710 2684 882 2785 promisti,
917 2704 948 2761 rt
973 2702 1052 2760 autu
1070 2692 1213 2781 puriora.
1269 2713 1302 2765 u.
1329 2690 1519 2766 Thronum

299 2791 427 2962 iambi
453 2786 637 2885 Apostoli,
675 2811 741 2883 pro
755 2790 883 2956 ¹{trimo
909 2781 1086 2880 Episcopo
1118 2781 1356 2881 Hierosolym.
1381 2785 1517 2879 habiti,

318 2885 515 2960 accessores
542 2885 616 2976 ejus
639 2882 754 2956 studio
815 2874 1027 2967 observasse,
1050 2901 1092 2951 ac
1115 2898 1303 2954 venerator
1329 2876 1419 2972 effe,
1444 2899 1516 2957 tra·¹

294 2982 453 3059 ditEus.
478 2980 527 3052 H.
555 2981 641 3054 Vll:
672 3001 750 3069 19.,
775 2976 835 3052 ubi
855 2976 966 3050 verbo
981 2981 1137 3073 septimo
1160 2975 1292 3067 utitur,
1318 2976 1411 3074 quod
1437 2974 1518 3055 reli-³

298 3076 439 3177 giosum
464 3070 605 3171 quidem
629 3097 702 3147 nort
729 3073 874 3147 denotat
907 3074 1059 3159 cultum,
1100 3090 1253 3147 attamen
1282 3070 1397 3148 studio
1418 3100 1518 3176 mag·-
1624 3162 1628 3172 ,

300 3195 353 3261 po
377 3172 583 3259 observare,
605 3193 751 3259 curare,
775 3188 813 3242 et
831 3170 949 3265 magni
975 3169 1104 3244 facere.
1153 3192 1186 3263 3.
1211 3169 1429 3247 Coemiteria
1443 3174 1520 3269 pas·

304 3265 370 3341 fim
385 3266 526 3341 filerunt
541 3266 618 3338 loca
632 3262 815 3362 religiosae
833 3265 1139 3362 congregationis..
1164 3283 1314 3361 propter
1328 3265 1436 3357 hanc,
1464 3270 1522 3342 in·

306 3380 364 3437 ter
386 3363 468 3452 alia,
494 3361 689 3449 rationem,
715 3359 808 3454 quod
832 3360 1119 3434 communionem
1144 3383 1224 3433 cum
1249 3358 1395 3434 mortuis
1420 3361 1520 3436 testi·

304 3458 406 3534 ficari
427 3457 494 3531 hac
518 3456 654 3530 ratione
669 3456 865 3532 voluerint:
892 3455 984 3529 unde
1009 3455 1128 3552 postea
1145 3453 1222 3553 suit
1247 3474 1328 3530 nata
1355 3457 1393 3529 so
1420 3454 1519 3533 ersti·

303 3553 393 3629 tiosa
417 3552 564 3650 opinio,
591 3555 721 3625 cultum
746 3549 948 3648 religionis,
973 3569 1011 3624 et
1028 3574 1171 3648 precer,
1199 3549 1327 3648 aliquid
1351 3482 1519 3633 vaiorisa

299 3649 511 3727 &ustorum
538 3647 674 3720 meritis
696 3649 899 3746 acquirere;
925 3670 1031 3741 quare
1053 3646 1096 3721 ad
1125 3647 1273 3720 tumulos
1289 3647 1519 3744 Samiorum,

302 3766 341 3821 et
355 3747 558 3842 Martyrum
577 3743 759 3840 reliquias,
782 3763 907 3840 preces
922 3742 1070 3817 sundere
1095 3742 1328 3839 susceperunt.
1377 3747 1433 3818 De
1450 3771 1521 3841 quo

300 3840 436 3938 postea.
469 3843 650 3915 'Ceterum
673 3863 728 3914 ret
750 3839 763 3935 i
790 3839 823 3915 sa
840 3834 920 3913 satis
942 3859 1037 3927 certa
1064 3836 1115 3921 est
1140 3862 1186 3913 ex
1205 3838 1353 3914 Tertull.
1377 3840 1420 3913 ad
1438 3845 1520 3915 Sca·

293 3938 372 4035 pul.
395 3961 437 4025 c,
456 3959 489 4033 3.
524 3934 712 4031 tibiuram
738 3932 1010 4106 pellffiksic
1039 3934 1133 4036 apud
1160 3933 1242 4011 Eus.
1268 3935 1319 4012 H.
1346 3932 1431 4010 Vll:
1463 3959 1519 4019 rr.

290 4082 304 4114 ,-
416 4086 421 4101 .
851 4058 857 4065 ·
977 4053 998 4132 3
1340 4044 1343 4051 '
1377 4049 1524 4112 vetatur
