3609 5500
120 1035 123 1039 ⁴
277 957 365 1039 nso
686 934 984 1039 restauruns.
1011 874 1128 1041 mrsr
1182 889 1188 896 ’

279 1122 362 1212 {i03
388 1141 476 1217 quae
500 1116 805 1211 circumstantiae,
828 1144 895 1218 pro
922 1142 962 1197 ut
984 1118 1158 1197 Ecclefiae
1181 1117 1299 1218 aptius
1327 1117 1510 1221 videatur,

288 1218 425 1295 uariare
451 1215 604 1315 possunt.
652 1217 723 1292 Sed
750 1218 874 1294 habuit
895 1219 1050 1295 Ecclefia
1069 1213 1276 1316 Apostolica
1301 1217 1384 1315 quid
1400 1240 1512 1315 pecu·

285 1316 395 1405 iiare,
419 1312 455 1387 in
475 1338 627 1389 mannum
643 1312 849 1409 inpofiriooe,
874 1316 1039 1412 baptismi
1054 1312 1271 1412 adpendice,
1296 1320 1339 1390 ab
1355 1314 1523 1412 Aposto-¹

287 1414 332 1488 lie
358 1411 440 1485 solis
473 1409 584 1501 sabia,
621 1409 659 1483 iu
686 1410 821 1509 signum
846 1409 1022 1493 donorum
1047 1409 1406 1488 extraordinariorum
1430 1413 1510 1512 Sps,

280 1511 376 1592 ritus
399 1510 456 1598 3.,
483 1507 521 1581 iu
545 1506 663 1605 specie
684 1508 895 1602 linguatum,
922 1532 1003 1585 cum
1024 1507 1203 1603 baptizato
1229 1505 1510 1585 communicato}

281 1628 387 1690 rum:
430 1602 482 1678 nti
507 1626 553 1679 ex
586 1600 669 1679 Act.
696 1604 802 1696 vui,
827 1603 927 1681 XIX
961 1626 999 1682 et
1027 1604 1104 1683 aliia
1133 1601 1224 1680 loeis
1250 1603 1399 1682 constat.
1449 1605 1511 1688 De

283 1726 360 1809 quo
382 1699 503 1798 postea
525 1699 587 1777 suo
608 1701 702 1780 soen.

331 1796 364 1899 5.
388 1795 589 1877 oxxxtx.
621 1798 844 1887 &Coenam
870 1793 929 1869 seu
972 1796 1065 1873 edus
1089 1794 1325 1967 euchnrq‘piiae,
1352 1796 1509 1877 celebra·

281 1893 361 1987 tio,
388 1891 478 1969 srcut
492 1892 679 1992 frequens,
705 1892 756 1969 ita
772 1889 922 2005 simplici
944 1918 1039 1987 Ima,
1063 1893 1135 1970 suit
1152 1894 1191 1993 in
1240 1888 1381 2003 cciefiq,
1406 1896 1510 1974 nullia

283 1988 504 2089 ceremoniis
527 1989 678 2082 veruta,
704 1988 810 2064 unice
837 2011 877 2062 m
899 1988 1002 2086 panis
1026 1992 1085 2067 vui
1112 1990 1198 2081 aris,
1222 2010 1261 2065 et
1285 1988 1384 2081 vim,
1409 2014 1509 2069 com·

280 2088 383 2169 muni
417 2082 478 2162 usu
511 2086 596 2176 srta3
639 2106 678 2160 et
711 2085 756 2161 ad
785 2083 941 2161 mortem
979 2108 1021 2162 ac
1052 2014 1349 2163 reiurrebiionem
1374 2083 1508 2194 Christp

279 2182 456 2260 anemoria
477 2181 720 2272 recolendam,
744 2182 1009 2273 celebrandam,
1034 2184 1389 2280 communionemque
1412 2182 1509 2264 sium

279 2305 366 2360 aum
390 2276 531 2355 Christo
553 2279 811 2369 exercendam,
849 2297 888 2352 et
913 2295 1071 2356 mutuam
1096 2279 1361 2390 fraternitatem
1381 2277 1508 2380 testib..

278 2378 448 2467 eandum,
489 2374 528 2450 in
558 2374 629 2451 fide
653 2395 693 2451 et
720 2373 915 2458 charitate:
956 2375 1044 2451 ficut
1070 2373 1226 2452 Christus
1256 2373 1325 2450 suin
1349 2375 1509 2475 injunxit

277 2501 306 2553 a
326 2492 445 2551 morte
468 2470 671 2568 proximus,
696 2489 735 2547 et
762 2473 885 2546 Paulus
908 2472 944 2554 se
969 2493 991 2548 a
1017 2473 1177 2548 Domino
1203 2468 1376 2570 accepisse
1400 2469 1509 2574 testay

280 2592 342 2655 cnr
369 2595 385 2646 1
407 2571 488 2645 Cor.
513 2569 596 2649 xl..
628 2569 703 2651 Ubi
726 2582 808 2645 etun
839 2567 924 2643 illud
947 2569 1042 2665 digne
1065 2568 1137 2647 effe
1168 2569 1343 2666 agendum
1367 2567 1508 2666 praede

281 2668 359 2768 pit,
390 2668 505 2761 dignos
532 2688 596 2740 eos
622 2663 694 2740 esse
717 2665 848 2739 debere
872 2662 1144 2764 praesupponit,
1176 2684 1215 2742 et
1242 2664 1508 2744 convenienter

278 2787 369 2843 vero
404 2760 609 2859 conspectui
632 2764 669 2836 S.
696 2783 830 2837 coenae
854 2786 896 2838 ac
920 2762 1028 2858 scopo
1053 2761 1176 2861 peragi
1206 2761 1306 2854 vult,
1347 2762 1385 2837 in
1411 2762 1508 2861 side,

281 2880 403 2938 amore
425 2880 468 2934 ac
485 2856 687 2932 reverentia
710 2857 850 2948 debita3
875 2876 1048 2957 quatenus
1071 2882 1150 2934 non
1165 2882 1235 2955 pro
1257 2858 1394 2959 vulgari
1411 2884 1507 2958 pane

279 2977 320 3033 et
344 2953 454 3045 vino,
495 2951 554 3029 sed
587 2953 686 3052 signo
721 2973 763 3031 ae
786 2954 938 3052 pignore
968 2958 1109 3050 corporis
1139 2979 1181 3032 ac
1201 2955 1401 3060 sanguinis,
1443 2958 1507 3038 seu

274 3052 405 3130 mortis
438 3067 477 3125 et
510 3048 736 3125 obedientiae
762 3049 914 3141 Christi,
953 3069 1117 3148 tanquam
1148 3052 1272 3130 causae
1295 3050 1507 3150 meritoriae

278 3154 376 3229 vine
401 3145 537 3225 nostrae
563 3149 587 3224 8
614 3145 762 3225 irituasis
792 3166 830 3223 et
854 3167 1041 3240 aeternae,
1075 3147 1226 3222 habetur
1248 3171 1291 3222 ac
1316 3146 1508 3247 tradatur,

278 3251 438 3344 adeoque
462 3243 529 3320 acsr
545 3173 658 3341 ipidm
675 3242 806 3322 Christi
826 3267 889 3322 cor
916 3266 976 3334 us,
1001 3261 1039 3318 et
1053 3240 1278 3342 sanguinem,
1304 3247 1505 3342 sumerent,

277 3344 380 3439 cnjus
403 3341 531 3508 pipuus
564 3338 873 3445 substitutivume
916 3339 1033 3446 ‚panis
1064 3357 1102 3412 et
1126 3340 1271 3429 vinum,
1310 3360 1508 3442 propterea
1547 3438 1548 3442 Ἴ

280 3457 364 3534 apte
396 3435 434 3530 ip
449 3457 501 3507 rur
533 3456 695 3531 corporis
730 3454 771 3507 ae
804 3433 981 3530 sauguinis
1014 3433 1145 3514 Christi
1176 3438 1322 3514 nomine
1355 3437 1419 3515 iusr
1447 3434 1504 3516 nie

281 3551 381 3608 aum:
423 3528 532 3621 sicut,
564 3549 606 3604 ut
627 3525 665 3605 id
697 3529 814 3602 obiter
838 3528 1043 3621 observem,
1076 3555 1157 3609 eum
1182 3533 1338 3611 Christus
1352 3461 1506 3634 sapiant
1542 3538 1548 3549 '

277 3627 319 3707 in
347 3622 559 3724 Apostolos,
585 3623 668 3723 Joh.
695 3623 775 3700 XX.
803 3623 914 3715 dixit,
939 3631 1082 3725 accipite
1108 3633 1284 3726 Spiritum,
1307 3655 1388 3709 eum
1408 3632 1506 3731 flate

277 3746 354 3800 non
377 3721 549 3812 contulit,
595 3720 653 3796 sed
677 3743 743 3820 pro
767 3720 864 3819 siguo
897 3745 938 3797 ae
963 3722 1115 3823 pignore
1142 3728 1264 3801 haberi
1290 3728 1404 3805 voluit
1428 3727 1504 3826 sia·

278 3838 361 3901 rum.
411 3818 480 3893 Sed
506 3837 586 3894 cum
610 3819 647 3892 8.
674 3840 785 3898 coena
810 3840 993 3896 connexae
1015 3823 1087 3920 Jam
1114 3821 1254 3898 fuerunt
1278 3848 1412 3901 coenae
1428 3826 1504 3917 coh

277 3915 435 4007 latitiae,
461 3935 507 3992 ex
531 3912 633 3991 donia
658 3910 812 4014 ipsorum
836 3916 1082 4009 credentium,
1106 3917 1283 4017 inprimis
1307 3920 1502 4018 ditiorum,

276 4009 486 4102 instruiiae,
512 4009 549 4087 in
572 4030 711 4086 mutuae
737 4013 1016 4106 communionis,
1042 4034 1081 4087 er
1105 4015 1210 4103 fidei,
1237 4036 1273 4091 ct
1298 4018 1501 4112 charitatis,

278 4105 613 4189 demonstrationem
642 4130 683 4182 ac
708 4109 1036 4200 confirmationem,
1064 4112 1156 4186 unde
1177 4113 1317 4209 Agopae
1343 4115 1423 4191 sunt
1441 4114 1501 4192 aa

277 4208 446 4312 peilatae:
482 4227 629 4374 quarum
665 4205 802 4281 mentio
828 4204 880 4281 est
915 4210 1034 4281 1C0r.
1059 4208 1123 4282 XI.
1156 4229 1194 4283 et
1224 4211 1305 4307 Jud.
1333 4235 1390 4288 12.
1441 4214 1502 4289 De

305 4305 404 4383 uibus
431 4324 479 4392 po
512 4324 552 4374 ea
574 4322 675 4398 agam
699 4301 907 4379 adcuratiua

278 4540 283 4563 ,
322 4402 355 4509 §
379 4400 487 4479 CXL·
521 4400 689 4481 eetemn
715 4396 820 4484 diuis
839 4400 885 4478 de
908 4398 1027 4497 cultu,
1049 4399 1194 4567 ejusque·
1212 4402 1392 4501 partibus,
1426 4420 1508 4579 Ἥ
