3609 5500
237 777 241 968 d
529 985 533 990 -
808 932 915 1013 secur.
946 921 979 1013 Ῑ.
1098 931 1123 944 ”
1344 1038 1350 1052 ,
1432 947 1513 1045 133¹

323 1113 357 1221 ς.
384 1117 556 1197 CXXIV.
581 1120 685 1195 Duae
711 1116 821 1206 Petri,
847 1116 889 1189 ad
915 1113 1053 1189 eosdem
1072 1109 1285 1191 Christianos
1300 1109 1344 1192 ¹in
1367 1117 1501 1222 disper.

285 1215 376 1292 fiune
403 1218 547 1307 missae,
587 1216 629 1290 ad
653 1213 746 1286 idem
774 1209 858 1292 sere,
876 1231 1012 1307 tempus
1033 1210 1129 1283 recle
1153 1211 1372 1305 reseruntur,
1416 1243 1502 1295 cum

286 1311 374 1386 laud
409 1313 473 1386 diu
510 1333 593 1386 ante
627 1327 777 1381 mortem
804 1306 878 1401 ejus
912 1305 1045 1378 suerint
1076 1325 1262 1394 exaratae;
1302 1309 1362 1384 sub
1387 1311 1500 1390 finem

287 1407 471 1496 Neronis;
501 1409 555 1480 uti
581 1429 627 1478 ex
655 1405 765 1476 aPet.
792 1404 820 1473 1:
859 1422 914 1490 14.
942 1398 1098 1489 constat,
1132 1401 1196 1474 nisr
1220 1401 1317 1475 sorte
1342 1405 1426 1480 illud
1454 1413 1500 1485 ad

286 1499 522 1599 posteriorem
546 1499 655 1597 Epist.
680 1499 797 1593 potius
820 1494 862 1567 srt
885 1494 1174 1591 restringendum.
1223 1497 1306 1596 Quo
1332 1500 1498 1595 admisso,

282 1600 399 1693 prioris
426 1615 570 1692 tempus
599 1594 773 1667 incertum
801 1609 940 1676 manet3
966 1591 1052 1663 licet
1077 1591 1113 1663 in
1137 1614 1268 1687 genere
1293 1593 1395 1668 statui
1418 1602 1499 1693 pos-

285 1691 344 1782 fit,
374 1691 439 1765 sub
458 1692 607 1764 Nerone
633 1687 797 1781 scriptam
825 1683 918 1774 elle,
946 1686 1083 1781 quando
1109 1686 1321 1783 multiplices
1351 1690 1432 1765 ince
1460 1719 1499 1768 e·

287 1805 367 1861 runt
392 1786 638 1873 adfliblioner,
663 1782 775 1877 magis
799 1802 899 1874 quam
924 1799 1045 1869 antea,
1069 1779 1111 1854 ad
1124 1805 1209 1947 quas
1226 1784 1353 1880 ubique
1371 1718 1496 1887 inssp,

287 1882 502 1976 respicitur,
530 1900 568 1952 et
593 1878 766 1952 Ecclesiae
791 1877 885 1947 inter
911 1876 1061 1972 Judaeos
1086 1875 1120 1946 di
1138 1877 1256 1972 persus
1278 1883 1405 1955 multae
1432 1888 1498 1962 'am

287 1995 397 2051 erant.
450 1978 587 2060 Locus,
606 1974 697 2045 unde
715 1968 810 2043 milla
826 1970 894 2060 est,
914 1993 992 2043 cum
1007 1972 1161 2064 Babylon
1178 1973 1370 2069 adpelletur
1392 1914 1497 2056 rdet,

287 2071 337 2145 V:
366 2094 423 2166 13.
452 2067 599 2144 nonest
623 2070 758 2153 Roma,
783 2066 931 2163 mystice
956 2065 1132 2154 srcditla,
1158 2070 1209 2138 uti
1234 2071 1409 2143 nonnullis
1425 2075 1497 2170 pla·

291 2166 384 2256 cuit,
410 2166 473 2239 sed
499 2166 571 2238 fine
595 2162 845 2250 fundamento,
871 2180 908 2233 et
935 2179 1059 2234 contra
1078 2161 1151 2254 ejus
1167 2164 1338 2260 temporis
1362 2165 1498 2264 stilum,

293 2283 357 2334 nec
379 2260 490 2334 etiam
507 2257 736 2354 antiquisslma
762 2257 819 2329 illa
840 2256 882 2328 ad
903 2256 1139 2351 Euphratem,
1164 2258 1221 2331 fed
1240 2262 1496 2358 AEgyptiaca,

295 2355 335 2430 ad
355 2354 485 2430 ostium
513 2353 744 2439 Pelusiacum,
787 2350 1036 2445 intelligenda,
1082 2352 1133 2424 uti
1157 2354 1329 2428 Pearsono
1352 2376 1389 2428 et
1422 2360 1501 2434 aliis

296 2449 403 2525 risum
432 2449 508 2537 est3
541 2447 640 2544 prior
666 2447 761 2520 enim
786 2446 843 2518 illa
867 2447 938 2518 huc
968 2465 1128 2553 tempore
1143 2470 1163 2517 a
1179 2448 1319 2542 Judaeis
1336 2475 1408 2525 non
1426 2477 1501 2528 arn«

294 2546 385 2645 plius
409 2544 695 2629 inhabitabatur3
719 2541 811 2614 utin
829 2539 922 2614 Hist.
948 2542 1091 2635 Judarca
1109 2542 1302 2618 observavi,
1354 2549 1498 2625 Petrum

289 2665 369 2716 eum
386 2643 520 2715 Marco
536 2640 709 2712 versatum
735 2636 835 2709 suille
853 2635 889 2707 in
906 2638 1018 2732 AEgy
1047 2658 1084 2708 to
1110 2636 1268 2711 constans
1291 2641 1397 2716 babet
1421 2647 1499 2721 Ve-
1572 2661 1590 2694 '-

288 2756 402 2812 terum
429 2731 585 2810 traditio.
634 2735 767 2828 Scopus
808 2730 911 2805 rioris
934 2733 1002 2829 Epi
1035 2729 1140 2821 ,est,
1167 2734 1278 2830 sigillo
1300 2736 1499 2835 apostolico

292 2833 501 2906 confirmare
536 2827 731 2904 doctrinam
755 2758 953 2916 salutarem,
979 2847 1015 2899 et
1041 2827 1165 2901 statum
1191 2832 1344 2926 gratiae,
1368 2836 1498 2933 inquo

293 2947 390 3001 eraut
413 2925 623 3012 credentes,
650 2947 680 2996 c.
707 2922 756 2995 V:
787 2944 841 2996 12.
867 2924 1023 3018 adeoque
1047 2948 1108 2997 eos
1130 2924 1342 3018 admonere,
1368 2950 1409 3002 ut
1435 2935 1496 3004 fir·

287 3023 396 3096 miter
420 3023 458 3093 ei
486 3021 709 3105 inhaereant,
734 3016 872 3113 seseque
898 3018 1023 3111 dignos
1047 3038 1169 3114 gerant
1193 3043 1259 3125 per
1286 3026 1400 3096 omnis
1424 3029 1497 3098 vir·

290 3117 386 3190 tutis
411 3114 610 3188 exercitium
623 3134 724 3202 ;'nec
743 3135 806 3204 per
829 3111 1049 3184 adflictiones
1072 3112 1142 3181 sese
1168 3112 1340 3185 drmoveri
1360 3118 1497 3207 patian-

291 3229 364 3285 tur.
392 3231 426 3282 c,
449 3206 516 3282 lV:
541 3232 591 3283 ra.
642 3205 803 3300 Posterior
827 3207 914 3301 Ep,
949 3228 1020 3275 non
1045 3203 1202 3275 obllante
1232 3204 1301 3277 stili
1329 3208 1497 3284 differen-

285 3308 339 3381 tia
372 3302 532 3400 aliquali,
570 3303 701 3398 quippe
738 3325 782 3373 ex
810 3300 1009 3374 diversrtate
1032 3299 1247 3393 argumenti,
1287 3302 1379 3398 quod
1406 3324 1497 3381 trac·

286 3423 403 3491 tatur,
431 3416 529 3486 urta,
561 3401 667 3471 Petro
693 3396 856 3492 denegari
876 3396 1018 3492 nequit,
1049 3394 1111 3468 nifi
1137 3416 1237 3467 autor
1259 3396 1497 3477 habeaturin-

286 3497 389 3571 samir
423 3494 602 3591 inpostor,
644 3517 723 3566 cum
758 3492 827 3564 sese
853 3495 992 3567 Petrum
1026 3490 1239 3564 demonstret
1272 3514 1302 3566 c.
1328 3496 1358 3570 l:
1385 3505 1500 3570 16-

292 3592 380 3689 quud
395 3589 703 3664 nim'isabsurdum
722 3585 838 3673 soret,
865 3606 901 3659 et
921 3588 1005 3659 huic
1019 3585 1118 3683 epist.
1139 3587 1364 3665 contrarium.
1411 3595 1499 3668 Sco-

317 3713 352 3761 us
378 3686 419 3760 in
444 3709 577 3782 genere
600 3683 669 3773 est,
694 3682 876 3755 credentes
899 3683 936 3755 in
964 3682 1033 3754 fide
1059 3681 1285 3772 confirmare,
1328 3710 1428 3782 quam
1454 3694 1500 3764 ab

289 3783 367 3880 rpso
391 3801 431 3854 et
457 3778 638 3877 Apostolis
661 3796 887 3870 acceperant,
928 3800 958 3851 c.
986 3778 1013 3848 l:
1045 3801 1155 3868 13.-
1180 3778 1215 3850 in
1243 3779 1362 3874 specie
1387 3808 1498 3874 vero,

290 3882 500 3964 admonere,
527 3894 566 3948 ut
589 3873 649 3946 srbi
672 3874 714 3946 ab
733 3873 925 3944 execranda
949 3871 1079 3943 haeresi
1109 3895 1273 3961 caveant,
1299 3901 1387 3971 quac
1412 3899 1500 3958 tunc

292 3976 359 4049 sese
377 3969 603 4046 manifestare
628 3968 826 4063 inceperat,
853 3993 938 4061 qua,
968 3989 1149 4061 praetextu
1168 3969 1334 4044 libertatis
1353 3974 1501 4056 Christi·

297 4094 396 4158 auae,
433 4064 629 4141 damnanda
652 4063 793 4136 licentia
818 4063 1084 4150 defendebatur,
1119 4084 1155 4137 et
1177 4071 1426 4160 exercebatur,
1461 4078 1502 4149 in

302 4168 521 4259 qualicunque
548 4159 691 4234 libidine
715 4158 863 4246 carnali,
889 4177 925 4230 et
952 4159 1210 4250 magistratuum
1233 4184 1439 4247 contemtu;
1464 4194 1498 4246 c,

306 4261 517 4355 lldeuique
552 4257 586 4328 se
612 4252 810 4326 conturbari
845 4278 914 4325 non
939 4254 1116 4349 patiantur
1139 4280 1201 4351 per
1231 4258 1400 4350 judicium
1427 4264 1500 4334 Dei

304 4357 485 4433 universale
512 4350 677 4441 dilatum,
702 4372 779 4425 cum
806 4348 900 4520 ἰΠυΞίἰ
913 4351 1169 4450 longanimitati
1192 4370 1227 4424 et
1245 4353 1501 4522 benefieeqqiae

289 4490 294 4503 =
926 4469 946 4539 3
1444 4475 1504 4553 er,
