3609 5500
391 772 470 861 ω’
790 756 937 863 Historia
966 764 1093 865 Ecclts.
1120 760 1232 865 Clttifl.

382 964 488 1137 au
506 936 899 1147 erantne
916 940 1080 1137 tera
1099 942 1328 1141 :spine
1344 937 1613 1137 tntae·

383 1150 513 1207 -terutn
551 1133 742 1208 luculentior
782 1135 1021 1233 prrncipalitus
1060 1136 1300 1226 demonstrat,
1349 1138 1431 1210 altas
1464 1154 1612 1229 quoque

380 1226 567 1305 ‘Ecclesiae
590 1229 720 1303 habere
742 1228 811 1301 hac
835 1252 934 1327 parte
961 1236 1255 1327 principalitatem,
1287 1232 1325 1304 in
1359 1225 1614 1305 conservandis

395 1325 663 1413 traditionibus,
687 1340 727 1397 ut
744 1324 836 1398 Iren.
860 1350 908 1399 eo
930 1348 1007 1423 cap.
1032 1348 1070 1402 et
1097 1330 1164 1427 seq.
1189 1327 1318 1401 diserte
1338 1326 1462 1401 tradit:
1489 1346 1530 1397 ea
1544 1346 1610 1395 au·

389 1440 475 1495 tem
498 1424 680 1495 Romanae
712 1418 888 1494 Ecclesiae
918 1422 1124 1498 censebatur
1154 1425 1361 1511 luculentior,
1399 1444 1481 1495 cum
1512 1415 1612 1515 quod

397 1516 560 1593 omnibus
582 1512 754 1624 esset,·ut
769 1512 878 1606 dicit,
902 1520 1033 1613 cognita
1052 1518 1237 1629 Ecclesra,
1250 1536 1323 1590 tum
1349 1536 1494 1613 propter
1518 1510 1615 1587 urbis

389 1608 1610 1815 ninnivitis-3322&dssiitzlilisssiiitigilli

388 1802 512 1879 tionis
535 1800 763 1898 Apostoltcae
787 1801 889 1876 inea
920 1803 1092 1881 succeffio.
1143 1804 1319 1899 Denique.
1351 1825 1387 1893 4.
1415 1800 1613 1897 principali·

400 1914 509 1985 tutam,
536 1894 812 1972 existimaverim
845 1899 938 1994 apud
978 1901 1159 1975 Irenaeum
1197 1898 1400 1997 simpliciter
1441 1896 1615 1971 denotare

388 1993 646 2087 antiquitatem,
668 1994 878 2085 liparitana,
908 1993 1067 2091 adeoque
1092 1994 1266 2071 Graecum
1291 1990 1446 2068 habuiffe
1471 2010 1613 2065 textum

395 2096 563 2183 lnannlpan
586 2092 797 2185 ὁρχιείηαε
840 2089 934 2185 quod
961 2089 1101 2164 Clerico
1123 2090 1162 2170 in
1185 2090 1265 2165 hist.
1289 2088 1333 2165 ad
1359 2109 1438 2162 ann.
1466 2108 1548 2182 173.
1572 2102 1613 2159 et

402 2194 486 2267 180.
512 2208 654 2282 quoque
677 2186 714 2261 in
731 2204 887 2260 mentem
912 2184 1069 2276 venisse,
1093 2184 1180 2261 vidi.
1222 2188 1336 2261 Princi
1358 2186 1460 2258 alitas
1485 2182 1613 2276 utique

397 2282 480 2357 stilo
502 2285 580 2355 lnte
624 2283 709 2357 retia
733 2280 870 2355 Irenaei
894 2278 946 2353 est
960 2285 1158 2376 antiquitas:
1181 2284 1236 2355 uti
1261 2282 1282 2355 l.
1347 2300 1498 2368 .c.14
1517 2279 1613 2371 prin·

395 2376 513 2483 cipalis
526 2304 698 2486 plassunia
714 2376 766 2484 est
775 2376 975 2473 primaeva,
992 2376 1157 2471 antiqua,
1176 2377 1250 2451 vid.
1267 2374 1377 2450 etiam
1391 2376 1452 2448 lib.
1470 2374 1515 2446 11.
1530 2395 1560 2446 c.
1575 2394 1610 2446 r.
1710 2474 1711 2479 Ἰ

396 2488 436 2545 et
458 2470 552 2545 alrbr.
603 2474 691 2544 Cum
714 2490 833 2567 utaque
855 2470 1050 2545 Romanam
1075 2471 1263 2547 Ecclesiam
1287 2468 1429 2545 dixisset
1453 2465 1612 2565 antiquis·
1710 2482 1711 2521 l

389 2562 513 2659 finan
532 2560 624 2653 elle,
665 2584 705 2637 et
732 2564 894 2639 omnibus
916 2566 1117 2664 cognitam,
1159 2566 1309 2641 declarat
1337 2584 1484 2663 propter
1518 2565 1613 2637 hanc

395 2660 656 2750 luculentiorem,
675 2657 900 2755 omnibusque
915 2663 1145 2755 notillrmam,
1162 2666 1411 2760 antiquitatem,
1429 2678 1467 2733 et
1483 2680 1608 2756 perpe-

398 2777 496 2834 tuam
512 2755 801 2853 abantiquiffitnia
816 2756 1032 2866 temporibus
1049 2759 1314 2848 succellionem,
1329 2759 1477 2854 reliquas
1484 2754 1612 2830 venire

396 2854 529 2932 debere
551 2852 737 2941 Ecclesiae,
761 2870 820 2940 ut,
843 2852 931 2948 quud
954 2857 997 2927 ab
1022 2853 1128 2928 initio
1151 2855 1259 2927 fuerit
1282 2853 1456 2927 creditum
1483 2869 1523 2923 et
1541 2869 1612 2925 tra·

396 2949 540 3038 ditum,
556 2947 761 3044 intelligant.
786 2946 869 3041 ⁴Sic
890 2968 930 3020 et
960 2949 1106 3046 Origen.
1137 2947 1229 3045 apud
1253 2949 1332 3024 Eus.
1365 2949 1416 3022 H.
1450 2943 1520 3020 Vl:
1554 2970 1613 3036 14.

398 3045 608 3140 profitetur,
632 3044 666 3116 se
678 3045 721 3128 liv
742 3043 944 3140 lpxuiarairn
959 3041 1212 3144 antiqutffitnatn
1227 3041 1411 3138 Eccltfiatn
1425 3043 1613 3116 Romanam

397 3136 521 3210 videre
545 3137 759 3214 desiderasse.

443 3229 477 3328 s.
501 3231 667 3305 CXLVI.
704 3233 914 3308 Connnuam
937 3234 1029 3308 hanc
1059 3235 1314 3334 Episcopomm
1348 3233 1387 3308 in
1419 3225 1607 3308 illustriori-

396 3325 462 3399 bus
484 3323 666 3409 Ecclesia,
698 3325 798 3420 cujus
820 3325 1056 3403 meminerunt
1080 3333 1253 3419 Veteres,
1293 3329 1535 3404 succellionem
1548 3321 1606 3394 di·

396 3417 477 3592 fito
501 3415 719 3510 monstrasse,
744 3442 817 3494 non
841 3425 902 3497 abs
926 3446 965 3494 re
989 3423 1118 3514 suerit,
1143 3427 1293 3499 manime
1317 3447 1400 3498 cum
1425 3423 1508 3498 inde
1527 3417 1605 3492 the·
1709 3474 1710 3488 ,

412 3538 441 3590 ur
458 3513 503 3590 de
517 3511 717 3612 Episcopis,
740 3519 992 3615 apresbyteris
1008 3517 1199 3611 distinttis,
1224 3542 1288 3618 per
1303 3538 1417 3594 totum
1435 3518 1612 3604 seculum,
1709 3573 1710 3590 ,

398 3609 648 3722 confirmetur,
672 3629 709 3684 et
723 3614 894 3691 memoria
943 3611 1163 3696 taestantium
1176 3615 1354 3703 virorum,
1379 3614 1440 3713 qui
1457 3613 1613 3686 seculum

395 3703 629 3794 ullnstrarunt,
667 3729 736 3781 nec
759 3725 876 3783 nmen
917 3708 1059 3804 criptis,
1102 3733 1190 3805 quae
1217 3709 1370 3784 nostram
1403 3708 1613 3804 adtigerunt

396 3801 1323 3974 iniisti”iil{iiiiiinsiini²¹²¹2e¹¹¹¹¹ft
1365 3805 1609 3972 ‘nillil

719 3948 731 3968 .
870 3925 882 3972 r
1361 3925 1383 3972 ο
1592 3937 1609 3954 -

399 3987 501 4066 trson
523 3987 561 4060 in
585 3947 676 4061 lilino
698 3988 743 4063 de
756 3954 953 4090 succeffian’e
972 3922 1362 4090 prinorfftumml’i‘nrterffilauncr
1375 3923 1523 4078 Ilionae,
1550 3992 1616 4088 qui

320 4169 335 4184 ³
396 4079 626 4160 consulendus
649 4081 711 4158 est
762 4087 850 4160 Cutn
875 4109 964 4162 vero
995 4090 1040 4162 de
1071 4087 1139 4162 illie
1168 4112 1288 4184 patum
1321 4091 1414 4164 certi
1447 4087 1612 4176 constet,

394 4179 504 4258 multa
526 4173 678 4256 sabulosa
699 4177 780 4280 ipsit
799 4182 927 4261 adfiiia
949 4183 1037 4278 lint,
1069 4203 1109 4260 ut
1132 4183 1212 4264 sunt
1237 4181 1424 4282 epistolae,
1449 4183 1612 4350 decrpnf

933 4323 938 4334 -
1549 4295 1618 4372 ea,
