3609 5500
682 1019 687 1026 ·
812 973 918 1056 Serui.
942 971 979 1053 I.
1439 987 1515 1078 ης

285 1175 420 1258 erepet,
462 1173 537 1231 nec
570 1153 801 1232 autoritatem
837 1157 873 1230 in
910 1153 1064 1230 Ecclesia
1099 1152 1239 1231 natium
1269 1158 1334 1253 sit,
1373 1157 1460 1236 nest
1489 1179 1516 1234 r

288 1252 460 1330 nonnullis
485 1251 691 1326 adhibitum
713 1273 751 1325 et
776 1252 948 1339 citatum
987 1255 1030 1325 ab
1057 1250 1286 1351 Hieronymo
1311 1277 1449 1353 quoque
1466 1256 1508 1331 in

285 1353 361 1450 ing.
387 1351 458 1423 Gr.
488 1346 714 1436 transsatum,
739 1370 827 1436 nec,
852 1366 1021 1444 quantum
1048 1366 1093 1420 ex
1118 1347 1323 1445 fragmentis
1349 1349 1504 1441 constat,

285 1444 407 1544 aliquid
433 1443 673 1517 haeterodoxi
697 1445 940 1539 complexum,
966 1442 1028 1514 nisi
1055 1443 1150 1515 forte
1177 1446 1270 1540 quod
1295 1445 1447 1542 Spiritus
1469 1451 1505 1521 S.

286 1561 389 1618 mater
412 1534 556 1613 Christi
579 1539 791 1648 adpelletur,
821 1557 858 1608 et
885 1556 1048 1632 tempore
1073 1537 1235 1632 baptismi
1262 1563 1403 1638 quoque
1427 1541 1508 1615 dix‹

285 1638 344 1714 trit
368 1637 433 1724 ei,
461 1630 554 1706 teste
579 1633 807 1731 Hieronymo
831 1632 873 1704 ad
899 1633 967 1727 Jes.
993 1632 1080 1720 XL,
1117 1633 1181 1706 sili·
1202 1638 1270 1709 riti!
1302 1641 1336 1710 in
1360 1641 1511 1710 omnibus

282 1733 442 1830 prophetis
467 1725 693 1824 exspeiiabarn
715 1745 768 1818 re,
791 1743 829 1798 ut
842 1735 988 1816 reniret,
1015 1743 1046 1799 et
1062 1725 1283 1823 requiescerem
1307 1736 1343 1806 ire
1358 1749 1401 1807 te.
1455 1733 1511 1804 iu·

283 1831 361 1901 erim
384 1849 425 1901 er
451 1827 578 1918 requies
600 1847 694 1912 mea,
727 1841 765 1895 ru
788 1845 822 1894 es
838 1824 933 1918 filius
957 1847 1045 1895 meur
1065 1825 1316 1918 primogenitae,
1359 1829 1413 1923 qui
1434 1847 1513 1923 reg·

287 1947 343 1996 rrr
364 1923 404 1996 iir
418 1917 675 2016 sempiternum.
723 1917 828 2018 Quod
861 1915 1132 1990 Gnosticisiiium
1165 1920 1325 1994 redolere
1357 1923 1511 2002 ridetur.

291 2013 455 2116 millum
488 2013 614 2109 utique
646 2034 768 2086 eorum
794 2011 975 2100 nonnulli,
1007 2011 1059 2083 uti
1086 2012 1241 2107 Ophitae
1269 2015 1410 2108 etalii,
1440 2041 1510 2114 pro

290 2115 361 2190 filio
387 2107 549 2207 Spiritus
566 2109 603 2179 S.
627 2107 843 2196 habuerunt,
870 2127 1021 2201 eurique
1038 2129 1116 2180 cuin
1141 2109 1223 2206 Jesu
1238 2109 1403 2184 dixerunt
1421 2128 1515 2185 tein-

319 2231 378 2286 ore
408 2201 581 2300 baptismi
608 2201 745 2276 unitum
768 2199 851 2274 effe.
902 2199 1000 2275 Fieri
1024 2221 1143 2276 tamen
1167 2203 1306 2299 potest,
1339 2223 1379 2278 ut
1403 2210 1516 2284 rerba

292 2233 445 2380 illinon
467 2296 514 2370 ad
541 2295 721 2392 Christum,
764 2295 923 2371 divinam
999 2297 1158 2387 isonam,
1201 2299 1260 2372 sed
1285 2299 1424 2398 Jefiim,
1464 2326 1512 2380 eir

296 2396 409 2476 Maria
435 2415 507 2494 per
532 2391 703 2490 Spiritum
726 2411 868 2481 natum,
899 2392 1141 2487 repererint,
1165 2411 1205 2466 et
1227 2395 1416 2470 seeundum
1442 2399 1510 2472 Cea

296 2491 515 2578 rinthianos,
539 2509 581 2562 ac
596 2486 799 2579 Ebionitai,
827 2486 916 2561 nihil
934 2486 1024 2560 aliud
1035 2484 1253 2581 fignificent,
1277 2512 1318 2562 at
1335 2489 1513 2568 Christum

377 2584 534 2684 Spiritus
566 2581 768 2658 descensum
792 2606 874 2656 cum
897 2581 980 2676 Jesu
1003 2583 1097 2654 nudo
1128 2581 1274 2656 homine
1299 2607 1393 2678 nunc
1415 2588 1511 2666 aree

293 2681 399 2765 uniri
447 2675 611 2759 Videtur
648 2699 737 2752 reto
772 2700 792 2751 a
826 2675 1029 2753 Christianis
1059 2677 1234 2753 Hebraeis
1257 2697 1301 2753 ex
1333 2681 1513 2762 Matthaei

294 2774 558 2857 uatmtionibus
581 2773 620 2851 in
645 2774 744 2849 usum
768 2773 863 2848 suurn
889 2772 1145 2870 compositum,
1186 2793 1223 2847 et
1247 2796 1313 2868 eo,
1351 2796 1390 2851 iit
1413 2782 1517 2854 vide‹

295 2894 378 2963 mr,
400 2890 587 2967 tempore,
610 2891 681 2965 quo
705 2870 912 2945 Matthaeus
936 2870 1100 2966 Judaeani
1125 2869 1302 2959 deseruit,
1322 2890 1361 2946 et
1383 2875 1425 2947 ad
1449 2898 1511 2950 eir·

297 2989 390 3047 teias
411 2962 594 3065 proserius
620 2962 672 3036 est
695 2988 790 3055 oras,
815 2966 857 3039 ad
885 2964 1115 3061 Euangelium
1141 2965 1237 3039 inter
1258 2965 1343 3040 alios
1361 2971 1518 3065 populor

295 3059 607 3143 disseminandum:
647 3060 738 3133 unde
761 3078 840 3135 orta
860 3058 931 3132 suit
956 3059 1120 3146 traditio,
1165 3084 1267 3153 quain
1294 3063 1413 3156 supra,
1448 3066 1510 3138 tibi

295 3162 347 3235 de
371 3176 463 3229 tuan
486 3154 550 3227 elo
566 3154 673 3228 Mat..
697 3155 778 3250 egi,
801 3178 848 3226 ex
870 3154 993 3227 Euseb.
1018 3153 1234 3239 memoravi,
1259 3153 1303 3223 de
1323 3158 1513 3248 euangelio

292 3248 485 3332 Matthaei
517 3266 593 3321 tunc
618 3248 762 3347 seripro.
810 3248 916 3347 Quod
939 3247 983 3319 de
1018 3246 1088 3316 hoc
1120 3244 1303 3318 secundum
1327 3246 1518 3323 Hebraeos

292 3342 515 3427 intelletum
545 3343 684 3417 admitti
710 3343 838 3440 potest.
894 3341 999 3442 Quod
1031 3340 1144 3437 ipsum
1176 3341 1289 3415 ansam
1315 3339 1509 3419 Matthaeo

293 3439 460 3543 praebuit
485 3440 702 3537 euangelium
725 3439 823 3513 suuni
852 3435 1093 3513 conscribendi
1104 3491 1118 3526 ,.
1141 3455 1179 3511 ut
1196 3436 1240 3509 de
1260 3436 1334 3511 vita
1351 3457 1388 3509 et
1399 3439 1515 3536 gestis

293 3536 426 3616 elisisti
449 3533 584 3609 certior
603 3552 641 3606 et
665 3534 802 3630 plenior
832 3532 981 3607 exstaret
1012 3532 1185 3620 narrati0,
1219 3531 1305 3606 ficut
1329 3530 1430 3609 simili
1454 3560 1511 3611 ia-

296 3636 395 3711 rione
417 3634 508 3707 Luc.
533 3630 573 3703 in
595 3632 745 3727 prologo
769 3628 931 3717 testatur,
957 3631 992 3701 se
1019 3627 1061 3700 ad
1083 3627 1302 3700 scribendum
1326 3626 1427 3703 imile
1444 3654 1511 3706 exc

294 3734 455 3809 citamm.
503 3728 670 3799 Ceterum
699 3749 827 3799 nomen
861 3723 1037 3797 Matthaei
1068 3722 1261 3819 praefixum
1294 3721 1383 3814 fuit,
1425 3728 1510 3823 quia¹

294 3853 340 3904 ex
370 3826 447 3898 e'us
472 3822 730 3896 narrationibus
764 3818 964 3895 confestum
995 3818 1064 3909 est,
1106 3819 1293 3893 secundum
1318 3818 1512 3897 Hebraeos

297 3852 528 4021 adpeilatum,
556 3914 637 4013 quia
653 3917 852 4004 Hebraice,
876 3935 914 3986 et
936 3916 973 3986 in
984 3937 1106 3987 eorum
1128 3915 1244 4002 usum,
1271 3915 1312 3985 ab
1329 3914 1511 3993 Hebraeis

294 4015 532 4111 conscriptum
568 4011 656 4101 suit,
696 4010 848 4106 denique
879 4012 1139 4084 Nazaraeorum
1171 4029 1209 4081 et
1240 4008 1508 4106 Ebionitarum,

302 4138 374 4189 tum
398 4112 444 4185 ab
468 4108 553 4204 ipsis
577 4105 646 4179 fuit
672 4128 874 4201 receptum,
916 4124 952 4179 et
981 4103 1161 4193 ufitatum,
1194 4107 1300 4177 etiam
1325 4108 1422 4180 varie
1450 4111 1513 4183 in·

307 4206 532 4307 terpoiatum,
579 4224 624 4274 12
657 4226 742 4275 vero
775 4201 1046 4297 Apostolorum,
1086 4201 1228 4296 majoris
1262 4202 1511 4277 conciliandae

308 4300 494 4379 autoritatis
518 4320 619 4394 erge.

313 4398 380 4509 b
397 4396 572 4477 CXXVI.
612 4390 771 4471 Alterum
807 4389 1092 4588 inuiissmdum
1112 4393 1327 4489 AEgyprior,
1370 4389 1521 4582 raraigpi‘p⁴
