<?xml version="1.0" encoding="UTF-8"?>
<!DOCTYPE html PUBLIC "-//W3C//DTD XHTML 1.0 Transitional//EN"
    "http://www.w3.org/TR/xhtml1/DTD/xhtml1-transitional.dtd">
<html xmlns="http://www.w3.org/1999/xhtml" xml:lang="en" lang="en">
 <head>
  <title>
</title>
<meta http-equiv="Content-Type" content="text/html;charset=utf-8" />
  <meta name='ocr-system' content='tesseract 3.04.00' />
  <meta name='ocr-capabilities' content='ocr_page ocr_carea ocr_par ocr_line ocrx_word'/>
</head>
<body>
  <div class='ocr_page' id='page_1' title='image "./hermannivenemai05venegoog_0438.png"; bbox 0 0 3609 5500; ppageno 0'>
   <div class='ocr_carea' id='block_1_1' title="bbox 322 730 1224 857">
    <p class='ocr_par' dir='ltr' id='par_1_1' title="bbox 322 730 1224 857">
     <span class='ocr_line' id='line_1_1' title="bbox 322 730 1224 857; baseline 0.003 -43"><span class='ocrx_word' id='word_1_1' title='bbox 322 752 453 857; x_wconf 33' lang='lat'>(434</span> <span class='ocrx_word' id='word_1_2' title='bbox 782 734 1083 841; x_wconf 59' lang='lat' dir='ltr'>altmannus.</span> <span class='ocrx_word' id='word_1_3' title='bbox 1112 730 1224 839; x_wconf 72' lang='lat' dir='ltr'>omn.</span> 
     </span>
    </p>
   </div>
   <div class='ocr_carea' id='block_1_2' title="bbox 279 901 1647 4348">
    <p class='ocr_par' dir='ltr' id='par_1_2' title="bbox 279 901 1647 4348">
     <span class='ocr_line' id='line_1_2' title="bbox 387 901 1592 1019; baseline -0.002 -25"><span class='ocrx_word' id='word_1_4' title='bbox 387 911 486 994; x_wconf 81' lang='lat' dir='ltr'>tillut</span> <span class='ocrx_word' id='word_1_5' title='bbox 517 930 560 993; x_wconf 75' lang='lat' dir='ltr'>tc</span> <span class='ocrx_word' id='word_1_6' title='bbox 594 914 731 1017; x_wconf 76' lang='lat' dir='ltr'><strong>plenius</strong></span> <span class='ocrx_word' id='word_1_7' title='bbox 762 944 839 996; x_wconf 91' lang='lat' dir='ltr'>eam</span> <span class='ocrx_word' id='word_1_8' title='bbox 874 922 1049 1019; x_wconf 84' lang='lat' dir='ltr'>exposuit</span> <span class='ocrx_word' id='word_1_9' title='bbox 1101 920 1272 999; x_wconf 79' lang='lat' dir='ltr'>Generatio</span> <span class='ocrx_word' id='word_1_10' title='bbox 1303 910 1369 1014; x_wconf 85' lang='lat' dir='ltr'>ipsi</span> <span class='ocrx_word' id='word_1_11' title='bbox 1401 902 1450 987; x_wconf 84' lang='lat' dir='ltr'>est</span> <span class='ocrx_word' id='word_1_12' title='bbox 1478 901 1592 1011; x_wconf 61' lang='lat' dir='ltr'>marl</span> 
     </span>
     <span class='ocr_line' id='line_1_3' title="bbox 384 1008 1588 1119; baseline -0.005 -34"><span class='ocrx_word' id='word_1_13' title='bbox 384 1013 523 1112; x_wconf 80' lang='lat' dir='ltr'>prolatio</span> <span class='ocrx_word' id='word_1_14' title='bbox 547 1019 694 1091; x_wconf 84' lang='lat' dir='ltr'>rationis</span> <span class='ocrx_word' id='word_1_15' title='bbox 716 1018 827 1092; x_wconf 91' lang='lat' dir='ltr'>Patris</span> <span class='ocrx_word' id='word_1_16' title='bbox 850 1020 1035 1113; x_wconf 85' lang='lat' dir='ltr'>naturalis,</span> <span class='ocrx_word' id='word_1_17' title='bbox 1070 1044 1158 1119; x_wconf 88' lang='lat' dir='ltr'>quae</span> <span class='ocrx_word' id='word_1_18' title='bbox 1182 1040 1263 1095; x_wconf 92' lang='lat' dir='ltr'>ante</span> <span class='ocrx_word' id='word_1_19' title='bbox 1287 1010 1456 1089; x_wconf 91' lang='lat' dir='ltr'>mundum</span> <span class='ocrx_word' id='word_1_20' title='bbox 1479 1008 1588 1083; x_wconf 78' lang='lat' dir='ltr'>saelum</span> 
     </span>
     <span class='ocr_line' id='line_1_4' title="bbox 388 1104 1590 1211; baseline -0.01 -24"><span class='ocrx_word' id='word_1_21' title='bbox 388 1111 515 1187; x_wconf 83' lang='lat' dir='ltr'>habuit</span> <span class='ocrx_word' id='word_1_22' title='bbox 539 1111 705 1203; x_wconf 89' lang='lat' dir='ltr'>initium,</span> <span class='ocrx_word' id='word_1_23' title='bbox 738 1139 805 1211; x_wconf 90' lang='lat' dir='ltr'>qua</span> <span class='ocrx_word' id='word_1_24' title='bbox 832 1140 875 1189; x_wconf 90' lang='lat' dir='ltr'>ea</span> <span class='ocrx_word' id='word_1_25' title='bbox 898 1116 1155 1191; x_wconf 85' lang='lat' dir='ltr'>substantialem</span> <span class='ocrx_word' id='word_1_26' title='bbox 1179 1114 1278 1189; x_wconf 79' lang='lat' dir='ltr'>naua</span> <span class='ocrx_word' id='word_1_27' title='bbox 1302 1110 1354 1186; x_wconf 91' lang='lat' dir='ltr'>est</span> <span class='ocrx_word' id='word_1_28' title='bbox 1379 1104 1590 1183; x_wconf 81' lang='lat' dir='ltr'>existentiam.</span> 
     </span>
     <span class='ocr_line' id='line_1_5' title="bbox 391 1202 1593 1309; baseline -0.008 -29"><span class='ocrx_word' id='word_1_29' title='bbox 391 1206 509 1309; x_wconf 76' lang='lat' dir='ltr'>Quam</span> <span class='ocrx_word' id='word_1_30' title='bbox 542 1210 750 1305; x_wconf 88' lang='lat' dir='ltr'>opinionem</span> <span class='ocrx_word' id='word_1_31' title='bbox 776 1210 879 1285; x_wconf 86' lang='lat' dir='ltr'>latius</span> <span class='ocrx_word' id='word_1_32' title='bbox 909 1212 946 1285; x_wconf 90' lang='lat' dir='ltr'>in</span> <span class='ocrx_word' id='word_1_33' title='bbox 970 1214 1030 1289; x_wconf 88' lang='lat' dir='ltr'>lib.</span> <span class='ocrx_word' id='word_1_34' title='bbox 1063 1232 1176 1286; x_wconf 90' lang='lat' dir='ltr'>contr.</span> <span class='ocrx_word' id='word_1_35' title='bbox 1201 1214 1300 1285; x_wconf 86' lang='lat' dir='ltr'>Prax.</span> <span class='ocrx_word' id='word_1_36' title='bbox 1328 1230 1361 1281; x_wconf 91' lang='lat' dir='ltr'>c.</span> <span class='ocrx_word' id='word_1_37' title='bbox 1387 1228 1422 1295; x_wconf 85' lang='lat'>5.</span> <span class='ocrx_word' id='word_1_38' title='bbox 1456 1222 1491 1275; x_wconf 91' lang='lat' dir='ltr'>et</span> <span class='ocrx_word' id='word_1_39' title='bbox 1514 1202 1593 1275; x_wconf 90' lang='lat' dir='ltr'>Her·</span> 
     </span>
     <span class='ocr_line' id='line_1_6' title="bbox 388 1296 1592 1413; baseline -0.008 -38"><span class='ocrx_word' id='word_1_40' title='bbox 388 1326 533 1413; x_wconf 85' lang='lat' dir='ltr'>mogen.</span> <span class='ocrx_word' id='word_1_41' title='bbox 558 1302 732 1403; x_wconf 82' lang='lat' dir='ltr'>exposuit.</span> <span class='ocrx_word' id='word_1_42' title='bbox 782 1337 818 1381; x_wconf 71' lang='lat' dir='ltr'>a·</span> <span class='ocrx_word' id='word_1_43' title='bbox 844 1310 970 1381; x_wconf 87' lang='lat' dir='ltr'>Sermo</span> <span class='ocrx_word' id='word_1_44' title='bbox 997 1326 1079 1383; x_wconf 87' lang='lat' dir='ltr'>ante</span> <span class='ocrx_word' id='word_1_45' title='bbox 1109 1332 1186 1381; x_wconf 84' lang='lat' dir='ltr'>eam</span> <span class='ocrx_word' id='word_1_46' title='bbox 1218 1305 1293 1403; x_wconf 88' lang='lat' dir='ltr'>ipsa</span> <span class='ocrx_word' id='word_1_47' title='bbox 1326 1320 1404 1377; x_wconf 91' lang='lat' dir='ltr'>erat</span> <span class='ocrx_word' id='word_1_48' title='bbox 1427 1296 1531 1371; x_wconf 84' lang='lat' dir='ltr'>Patris</span> <span class='ocrx_word' id='word_1_49' title='bbox 1551 1318 1592 1366; x_wconf 87' lang='lat' dir='ltr'>ra·</span> 
     </span>
     <span class='ocr_line' id='line_1_7' title="bbox 389 1400 1593 1499; baseline -0.005 -29"><span class='ocrx_word' id='word_1_50' title='bbox 389 1416 444 1481; x_wconf 80' lang='lat' dir='ltr'>uo</span> <span class='ocrx_word' id='word_1_51' title='bbox 468 1404 653 1491; x_wconf 77' lang='lat' dir='ltr'>naturalis,</span> <span class='ocrx_word' id='word_1_52' title='bbox 698 1402 778 1499; x_wconf 89' lang='lat' dir='ltr'>quia</span> <span class='ocrx_word' id='word_1_53' title='bbox 802 1431 835 1478; x_wconf 85' lang='lat' dir='ltr'>a.</span> <span class='ocrx_word' id='word_1_54' title='bbox 864 1423 948 1477; x_wconf 91' lang='lat' dir='ltr'>tunc</span> <span class='ocrx_word' id='word_1_55' title='bbox 978 1404 1065 1478; x_wconf 84' lang='lat' dir='ltr'><strong>nihil</strong></span> <span class='ocrx_word' id='word_1_56' title='bbox 1098 1424 1174 1477; x_wconf 88' lang='lat' dir='ltr'>erat</span> <span class='ocrx_word' id='word_1_57' title='bbox 1210 1419 1308 1475; x_wconf 84' lang='lat' dir='ltr'>extra</span> <span class='ocrx_word' id='word_1_58' title='bbox 1331 1400 1490 1485; x_wconf 88' lang='lat' dir='ltr'>Patrem,</span> <span class='ocrx_word' id='word_1_59' title='bbox 1527 1412 1593 1497; x_wconf 79' lang='lat' dir='ltr'>cunt</span> 
     </span>
     <span class='ocr_line' id='line_1_8' title="bbox 389 1486 1592 1593; baseline -0.008 -24"><span class='ocrx_word' id='word_1_60' title='bbox 389 1492 473 1593; x_wconf 88' lang='lat' dir='ltr'>post</span> <span class='ocrx_word' id='word_1_61' title='bbox 495 1496 767 1593; x_wconf 83' lang='lat' dir='ltr'>generationem</span> <span class='ocrx_word' id='word_1_62' title='bbox 790 1500 876 1572; x_wconf 85' lang='lat' dir='ltr'>alius</span> <span class='ocrx_word' id='word_1_63' title='bbox 900 1500 1037 1575; x_wconf 87' lang='lat' dir='ltr'>aPatre</span> <span class='ocrx_word' id='word_1_64' title='bbox 1065 1496 1190 1575; x_wconf 82' lang='lat' dir='ltr'>existat</span> <span class='ocrx_word' id='word_1_65' title='bbox 1212 1499 1337 1573; x_wconf 89' lang='lat' dir='ltr'>sermo.</span> <span class='ocrx_word' id='word_1_66' title='bbox 1391 1496 1423 1565; x_wconf 88' lang='lat' dir='ltr'>b.</span> <span class='ocrx_word' id='word_1_67' title='bbox 1448 1486 1592 1564; x_wconf 85' lang='lat' dir='ltr'>Patetdr·</span> 
     </span>
     <span class='ocr_line' id='line_1_9' title="bbox 389 1584 1590 1695; baseline -0.006 -30"><span class='ocrx_word' id='word_1_68' title='bbox 389 1590 487 1665; x_wconf 83' lang='lat' dir='ltr'>citur</span> <span class='ocrx_word' id='word_1_69' title='bbox 510 1592 666 1667; x_wconf 82' lang='lat' dir='ltr'>habuisse</span> <span class='ocrx_word' id='word_1_70' title='bbox 690 1618 768 1667; x_wconf 87' lang='lat' dir='ltr'>eam</span> <span class='ocrx_word' id='word_1_71' title='bbox 793 1598 828 1666; x_wconf 80' lang='lat' dir='ltr'>in</span> <span class='ocrx_word' id='word_1_72' title='bbox 841 1592 885 1691; x_wconf 76' lang='lat' dir='ltr'>st</span> <span class='ocrx_word' id='word_1_73' title='bbox 904 1594 992 1691; x_wconf 82' lang='lat' dir='ltr'>ipso,</span> <span class='ocrx_word' id='word_1_74' title='bbox 1019 1614 1161 1695; x_wconf 88' lang='lat' dir='ltr'>eratque</span> <span class='ocrx_word' id='word_1_75' title='bbox 1176 1591 1247 1689; x_wconf 88' lang='lat' dir='ltr'>ipsa</span> <span class='ocrx_word' id='word_1_76' title='bbox 1269 1594 1345 1689; x_wconf 86' lang='lat' dir='ltr'>ejus</span> <span class='ocrx_word' id='word_1_77' title='bbox 1371 1584 1483 1675; x_wconf 89' lang='lat' dir='ltr'>ratio,</span> <span class='ocrx_word' id='word_1_78' title='bbox 1507 1612 1532 1659; x_wconf 87' lang='lat' dir='ltr'>c.</span> <span class='ocrx_word' id='word_1_79' title='bbox 1551 1605 1590 1654; x_wconf 82' lang='lat' dir='ltr'>ra·</span> 
     </span>
     <span class='ocr_line' id='line_1_10' title="bbox 391 1678 1647 1787; baseline -0.01 -24"><span class='ocrx_word' id='word_1_80' title='bbox 391 1690 447 1763; x_wconf 85' lang='lat' dir='ltr'>tio</span> <span class='ocrx_word' id='word_1_81' title='bbox 479 1707 576 1778; x_wconf 86' lang='lat' dir='ltr'>erat,</span> <span class='ocrx_word' id='word_1_82' title='bbox 616 1712 808 1787; x_wconf 89' lang='lat' dir='ltr'>perquam</span> <span class='ocrx_word' id='word_1_83' title='bbox 834 1694 933 1765; x_wconf 88' lang='lat' dir='ltr'>Deus</span> <span class='ocrx_word' id='word_1_84' title='bbox 960 1690 1012 1765; x_wconf 91' lang='lat' dir='ltr'>est</span> <span class='ocrx_word' id='word_1_85' title='bbox 1041 1690 1254 1781; x_wconf 88' lang='lat' dir='ltr'>rationalis,·</span> <span class='ocrx_word' id='word_1_86' title='bbox 1276 1709 1314 1763; x_wconf 93' lang='lat' dir='ltr'>et</span> <span class='ocrx_word' id='word_1_87' title='bbox 1338 1690 1369 1759; x_wconf 86' lang='lat' dir='ltr'>d.</span> <span class='ocrx_word' id='word_1_88' title='bbox 1403 1684 1442 1755; x_wconf 93' lang='lat' dir='ltr'>in</span> <span class='ocrx_word' id='word_1_89' title='bbox 1465 1704 1508 1754; x_wconf 87' lang='lat' dir='ltr'>eo</span> <span class='ocrx_word' id='word_1_90' title='bbox 1529 1678 1609 1767; x_wconf 61' lang='lat' dir='ltr'>fita,</span> <span class='ocrx_word' id='word_1_91' title='bbox 1644 1692 1647 1701; x_wconf 55' lang='lat'><em>¹</em></span> 
     </span>
     <span class='ocr_line' id='line_1_11' title="bbox 394 1777 1593 1883; baseline -0.003 -27"><span class='ocrx_word' id='word_1_92' title='bbox 394 1784 491 1881; x_wconf 86' lang='lat' dir='ltr'>quod</span> <span class='ocrx_word' id='word_1_93' title='bbox 514 1788 612 1857; x_wconf 88' lang='lat' dir='ltr'>Deus</span> <span class='ocrx_word' id='word_1_94' title='bbox 638 1785 745 1858; x_wconf 86' lang='lat' dir='ltr'>tacite</span> <span class='ocrx_word' id='word_1_95' title='bbox 764 1784 879 1883; x_wconf 80' lang='lat' dir='ltr'>secum</span> <span class='ocrx_word' id='word_1_96' title='bbox 903 1791 1024 1882; x_wconf 75' lang='lat' dir='ltr'><em>cogitet</em></span> <span class='ocrx_word' id='word_1_97' title='bbox 1044 1810 1083 1861; x_wconf 91' lang='lat' dir='ltr'>ac</span> <span class='ocrx_word' id='word_1_98' title='bbox 1109 1785 1266 1882; x_wconf 74' lang='lat' dir='ltr'><em>disponat.</em></span> <span class='ocrx_word' id='word_1_99' title='bbox 1312 1788 1350 1871; x_wconf 85' lang='grc' dir='ltr'>β.</span> <span class='ocrx_word' id='word_1_100' title='bbox 1376 1777 1510 1853; x_wconf 85' lang='lat' dir='ltr'>Habuit</span> <span class='ocrx_word' id='word_1_101' title='bbox 1524 1796 1593 1849; x_wconf 78' lang='lat' dir='ltr'>vero</span> 
     </span>
     <span class='ocr_line' id='line_1_12' title="bbox 393 1870 1596 1979; baseline -0.01 -26"><span class='ocrx_word' id='word_1_102' title='bbox 393 1884 437 1953; x_wconf 80' lang='lat' dir='ltr'>ea</span> <span class='ocrx_word' id='word_1_103' title='bbox 460 1879 552 1955; x_wconf 88' lang='lat' dir='ltr'>ratio</span> <span class='ocrx_word' id='word_1_104' title='bbox 576 1880 752 1975; x_wconf 86' lang='lat' dir='ltr'>duplicem</span> <span class='ocrx_word' id='word_1_105' title='bbox 778 1881 870 1977; x_wconf 81' lang='lat' dir='ltr'>quast</span> <span class='ocrx_word' id='word_1_106' title='bbox 899 1881 1183 1979; x_wconf 84' lang='lat' dir='ltr'>generationem,</span> <span class='ocrx_word' id='word_1_107' title='bbox 1224 1904 1321 1955; x_wconf 84' lang='lat' dir='ltr'>unam</span> <span class='ocrx_word' id='word_1_108' title='bbox 1348 1874 1387 1948; x_wconf 91' lang='lat' dir='ltr'>in</span> <span class='ocrx_word' id='word_1_109' title='bbox 1412 1870 1596 1947; x_wconf 76' lang='lat' dir='ltr'>consumet</span> 
     </span>
     <span class='ocr_line' id='line_1_13' title="bbox 393 1968 1595 2070; baseline -0.002 -23"><span class='ocrx_word' id='word_1_110' title='bbox 393 1972 624 2070; x_wconf 86' lang='lat' dir='ltr'>dispositione</span> <span class='ocrx_word' id='word_1_111' title='bbox 650 1974 784 2063; x_wconf 88' lang='lat' dir='ltr'>Patris,</span> <span class='ocrx_word' id='word_1_112' title='bbox 819 1980 959 2051; x_wconf 74' lang='lat' dir='ltr'>alterurn</span> <span class='ocrx_word' id='word_1_113' title='bbox 991 1980 1029 2051; x_wconf 89' lang='lat' dir='ltr'>in</span> <span class='ocrx_word' id='word_1_114' title='bbox 1059 1976 1210 2066; x_wconf 64' lang='lat' dir='ltr'>effectu,</span> <span class='ocrx_word' id='word_1_115' title='bbox 1244 1999 1324 2049; x_wconf 92' lang='lat' dir='ltr'>cum</span> <span class='ocrx_word' id='word_1_116' title='bbox 1348 1968 1595 2045; x_wconf 80' lang='lat' dir='ltr'>substantialiter</span> 
     </span>
     <span class='ocr_line' id='line_1_14' title="bbox 393 2062 1594 2169; baseline -0.011 -25"><span class='ocrx_word' id='word_1_117' title='bbox 393 2069 519 2165; x_wconf 87' lang='lat' dir='ltr'>coepit</span> <span class='ocrx_word' id='word_1_118' title='bbox 543 2065 714 2162; x_wconf 80' lang='lat' dir='ltr'>existere,</span> <span class='ocrx_word' id='word_1_119' title='bbox 747 2069 839 2147; x_wconf 81' lang='lat' dir='ltr'>iilam</span> <span class='ocrx_word' id='word_1_120' title='bbox 862 2074 1012 2168; x_wconf 86' lang='lat' dir='ltr'>adpellat</span> <span class='ocrx_word' id='word_1_121' title='bbox 1042 2072 1087 2147; x_wconf 85' lang='lat' dir='ltr'>ad</span> <span class='ocrx_word' id='word_1_122' title='bbox 1103 2078 1308 2169; x_wconf 68' lang='lat' dir='ltr'>cognom,</span> <span class='ocrx_word' id='word_1_123' title='bbox 1339 2070 1424 2142; x_wconf 81' lang='lat' dir='ltr'>bant</span> <span class='ocrx_word' id='word_1_124' title='bbox 1446 2066 1487 2137; x_wconf 91' lang='lat' dir='ltr'>ad</span> <span class='ocrx_word' id='word_1_125' title='bbox 1513 2062 1594 2159; x_wconf 83' lang='lat' dir='ltr'>effer·</span> 
     </span>
     <span class='ocr_line' id='line_1_15' title="bbox 391 2160 1596 2265; baseline -0.01 -25"><span class='ocrx_word' id='word_1_126' title='bbox 391 2182 483 2253; x_wconf 63' lang='lat' dir='ltr'>tunm</span> <span class='ocrx_word' id='word_1_127' title='bbox 524 2166 644 2264; x_wconf 89' lang='lat' dir='ltr'>priore</span> <span class='ocrx_word' id='word_1_128' title='bbox 668 2168 811 2241; x_wconf 91' lang='lat' dir='ltr'>condita</span> <span class='ocrx_word' id='word_1_129' title='bbox 843 2169 1031 2262; x_wconf 79' lang='lat' dir='ltr'>estrutio,</span> <span class='ocrx_word' id='word_1_130' title='bbox 1074 2192 1238 2265; x_wconf 86' lang='lat' dir='ltr'>quantum</span> <span class='ocrx_word' id='word_1_131' title='bbox 1277 2170 1316 2239; x_wconf 92' lang='lat' dir='ltr'>in</span> <span class='ocrx_word' id='word_1_132' title='bbox 1343 2162 1419 2239; x_wconf 88' lang='lat' dir='ltr'>Dei</span> <span class='ocrx_word' id='word_1_133' title='bbox 1456 2160 1544 2241; x_wconf 83' lang='lat' dir='ltr'>sensu</span> <span class='ocrx_word' id='word_1_134' title='bbox 1566 2176 1596 2229; x_wconf 87' lang='lat' dir='ltr'>et</span> 
     </span>
     <span class='ocr_line' id='line_1_16' title="bbox 392 2260 1596 2363; baseline -0.012 -24"><span class='ocrx_word' id='word_1_135' title='bbox 392 2260 560 2351; x_wconf 83' lang='lat' dir='ltr'>consilio,</span> <span class='ocrx_word' id='word_1_136' title='bbox 604 2284 670 2357; x_wconf 90' lang='lat' dir='ltr'>per</span> <span class='ocrx_word' id='word_1_137' title='bbox 697 2262 930 2359; x_wconf 89' lang='lat' dir='ltr'>posteriorem</span> <span class='ocrx_word' id='word_1_138' title='bbox 961 2266 1067 2361; x_wconf 87' lang='lat' dir='ltr'>plene</span> <span class='ocrx_word' id='word_1_139' title='bbox 1099 2284 1136 2337; x_wconf 93' lang='lat' dir='ltr'>et</span> <span class='ocrx_word' id='word_1_140' title='bbox 1160 2262 1318 2363; x_wconf 63' lang='lat' dir='ltr'>perfecie</span> <span class='ocrx_word' id='word_1_141' title='bbox 1349 2276 1532 2357; x_wconf 82' lang='lat' dir='ltr'>generata,</span> <span class='ocrx_word' id='word_1_142' title='bbox 1565 2268 1596 2325; x_wconf 90' lang='lat' dir='ltr'>ut</span> 
     </span>
     <span class='ocr_line' id='line_1_17' title="bbox 392 2350 1593 2458; baseline -0.012 -26"><span class='ocrx_word' id='word_1_143' title='bbox 392 2356 662 2439; x_wconf 85' lang='lat' dir='ltr'>substantialiter</span> <span class='ocrx_word' id='word_1_144' title='bbox 688 2358 794 2431; x_wconf 78' lang='lat' dir='ltr'>esset:</span> <span class='ocrx_word' id='word_1_145' title='bbox 833 2380 1015 2455; x_wconf 83' lang='lat' dir='ltr'>comparat</span> <span class='ocrx_word' id='word_1_146' title='bbox 1043 2383 1130 2435; x_wconf 90' lang='lat' dir='ltr'>veto</span> <span class='ocrx_word' id='word_1_147' title='bbox 1163 2360 1320 2458; x_wconf 86' lang='lat' dir='ltr'>priorem</span> <span class='ocrx_word' id='word_1_148' title='bbox 1354 2378 1438 2428; x_wconf 88' lang='lat' dir='ltr'>cum</span> <span class='ocrx_word' id='word_1_149' title='bbox 1470 2350 1593 2437; x_wconf 78' lang='lat' dir='ltr'>homine</span> 
     </span>
     <span class='ocr_line' id='line_1_18' title="bbox 392 2444 1594 2553; baseline -0.01 -27"><span class='ocrx_word' id='word_1_150' title='bbox 392 2451 575 2537; x_wconf 84' lang='lat' dir='ltr'>rationali,</span> <span class='ocrx_word' id='word_1_151' title='bbox 614 2451 733 2524; x_wconf 90' lang='lat' dir='ltr'>secum</span> <span class='ocrx_word' id='word_1_152' title='bbox 765 2452 1012 2549; x_wconf 82' lang='lat' dir='ltr'>colloquente,</span> <span class='ocrx_word' id='word_1_153' title='bbox 1050 2474 1088 2528; x_wconf 91' lang='lat' dir='ltr'>et</span> <span class='ocrx_word' id='word_1_154' title='bbox 1121 2456 1214 2553; x_wconf 78' lang='lat' dir='ltr'>quasi</span> <span class='ocrx_word' id='word_1_155' title='bbox 1248 2478 1329 2529; x_wconf 90' lang='lat' dir='ltr'>cum</span> <span class='ocrx_word' id='word_1_156' title='bbox 1361 2450 1519 2523; x_wconf 88' lang='lat' dir='ltr'>sermone</span> <span class='ocrx_word' id='word_1_157' title='bbox 1547 2444 1594 2518; x_wconf 89' lang='lat' dir='ltr'>suu</span> 
     </span>
     <span class='ocr_line' id='line_1_19' title="bbox 393 2544 1596 2646; baseline 0.005 -27"><span class='ocrx_word' id='word_1_158' title='bbox 393 2544 651 2640; x_wconf 81' lang='lat' dir='ltr'>ratiocinante:</span> <span class='ocrx_word' id='word_1_159' title='bbox 687 2544 923 2643; x_wconf 88' lang='lat' dir='ltr'>posteriorem</span> <span class='ocrx_word' id='word_1_160' title='bbox 946 2552 989 2624; x_wconf 91' lang='lat' dir='ltr'>ad</span> <span class='ocrx_word' id='word_1_161' title='bbox 1016 2544 1522 2645; x_wconf 59' lang='lat' dir='ltr'>Valentinianorumaptol</span> <span class='ocrx_word' id='word_1_162' title='bbox 1537 2562 1596 2646; x_wconf 66' lang='lat' dir='ltr'>pfl:</span> 
     </span>
     <span class='ocr_line' id='line_1_20' title="bbox 392 2638 1589 2750; baseline -0.008 -34"><span class='ocrx_word' id='word_1_163' title='bbox 392 2644 546 2717; x_wconf 76' lang='lat' dir='ltr'>lationem</span> <span class='ocrx_word' id='word_1_164' title='bbox 570 2638 727 2750; x_wconf 82' lang='lat' dir='ltr'>confert,</span> <span class='ocrx_word' id='word_1_165' title='bbox 759 2640 969 2719; x_wconf 74' lang='lat' dir='ltr'>sicutenim</span> <span class='ocrx_word' id='word_1_166' title='bbox 995 2644 1046 2719; x_wconf 91' lang='lat' dir='ltr'>illi</span> <span class='ocrx_word' id='word_1_167' title='bbox 1071 2668 1219 2721; x_wconf 91' lang='lat' dir='ltr'>aeonem</span> <span class='ocrx_word' id='word_1_168' title='bbox 1252 2645 1296 2719; x_wconf 91' lang='lat' dir='ltr'>de</span> <span class='ocrx_word' id='word_1_169' title='bbox 1322 2668 1437 2719; x_wconf 88' lang='lat' dir='ltr'>aeone</span> <span class='ocrx_word' id='word_1_170' title='bbox 1462 2640 1589 2737; x_wconf 83' lang='lat' dir='ltr'>produn</span> 
     </span>
     <span class='ocr_line' id='line_1_21' title="bbox 365 2731 1593 2840; baseline -0.007 -28"><span class='ocrx_word' id='word_1_171' title='bbox 365 2801 371 2812; x_wconf 89' lang='lat'><strong>.</strong></span> <span class='ocrx_word' id='word_1_172' title='bbox 394 2737 603 2828; x_wconf 90' lang='lat' dir='ltr'>censebant,</span> <span class='ocrx_word' id='word_1_173' title='bbox 630 2757 681 2810; x_wconf 86' lang='lat' dir='ltr'>rta</span> <span class='ocrx_word' id='word_1_174' title='bbox 707 2740 917 2814; x_wconf 87' lang='lat' dir='ltr'>Sermonem</span> <span class='ocrx_word' id='word_1_175' title='bbox 944 2765 989 2816; x_wconf 87' lang='lat' dir='ltr'>ex</span> <span class='ocrx_word' id='word_1_176' title='bbox 1011 2742 1094 2816; x_wconf 93' lang='lat' dir='ltr'>Deo</span> <span class='ocrx_word' id='word_1_177' title='bbox 1122 2739 1324 2840; x_wconf 86' lang='lat' dir='ltr'>prosiliiss&#39;e,</span> <span class='ocrx_word' id='word_1_178' title='bbox 1349 2761 1389 2814; x_wconf 90' lang='lat' dir='ltr'>et</span> <span class='ocrx_word' id='word_1_179' title='bbox 1413 2731 1593 2814; x_wconf 86' lang='lat' dir='ltr'>substantia·</span> 
     </span>
     <span class='ocr_line' id='line_1_22' title="bbox 392 2821 1596 2932; baseline -0.005 -19"><span class='ocrx_word' id='word_1_180' title='bbox 392 2839 530 2913; x_wconf 88' lang='lat' dir='ltr'>litatem</span> <span class='ocrx_word' id='word_1_181' title='bbox 548 2833 742 2932; x_wconf 83' lang='lat' dir='ltr'>accepisse,</span> <span class='ocrx_word' id='word_1_182' title='bbox 759 2836 919 2911; x_wconf 90' lang='lat' dir='ltr'>dicebat:</span> <span class='ocrx_word' id='word_1_183' title='bbox 938 2837 1010 2912; x_wconf 91' lang='lat' dir='ltr'>hoc</span> <span class='ocrx_word' id='word_1_184' title='bbox 1028 2857 1165 2912; x_wconf 89' lang='lat' dir='ltr'>tantum</span> <span class='ocrx_word' id='word_1_185' title='bbox 1181 2863 1262 2914; x_wconf 88' lang='lat' dir='ltr'>curn</span> <span class='ocrx_word' id='word_1_186' title='bbox 1278 2835 1505 2923; x_wconf 86' lang='lat' dir='ltr'>discrimine,</span> <span class='ocrx_word' id='word_1_187' title='bbox 1519 2821 1596 2928; x_wconf 82' lang='lat' dir='ltr'>quod</span> 
     </span>
     <span class='ocr_line' id='line_1_23' title="bbox 392 2931 1594 3030; baseline -0.012 -19"><span class='ocrx_word' id='word_1_188' title='bbox 392 2933 448 3011; x_wconf 82' lang='lat' dir='ltr'>illi</span> <span class='ocrx_word' id='word_1_189' title='bbox 467 2951 596 3007; x_wconf 81' lang='lat' dir='ltr'>aeonas</span> <span class='ocrx_word' id='word_1_190' title='bbox 623 2934 665 3004; x_wconf 88' lang='lat' dir='ltr'>ab</span> <span class='ocrx_word' id='word_1_191' title='bbox 688 2950 815 3024; x_wconf 82' lang='lat' dir='ltr'>autore</span> <span class='ocrx_word' id='word_1_192' title='bbox 832 2933 1090 3030; x_wconf 81' lang='lat' dir='ltr'>separaverint,</span> <span class='ocrx_word' id='word_1_193' title='bbox 1118 2934 1355 3012; x_wconf 85' lang='lat' dir='ltr'>Tertullianus</span> <span class='ocrx_word' id='word_1_194' title='bbox 1372 2956 1465 3006; x_wconf 89' lang='lat' dir='ltr'>vero</span> <span class='ocrx_word' id='word_1_195' title='bbox 1487 2931 1594 3002; x_wconf 82' lang='lat' dir='ltr'>senno·</span> 
     </span>
     <span class='ocr_line' id='line_1_24' title="bbox 393 3025 1594 3126; baseline -0.005 -24"><span class='ocrx_word' id='word_1_196' title='bbox 393 3053 475 3102; x_wconf 89' lang='lat' dir='ltr'>nem</span> <span class='ocrx_word' id='word_1_197' title='bbox 495 3029 587 3103; x_wconf 84' lang='lat' dir='ltr'>Patri</span> <span class='ocrx_word' id='word_1_198' title='bbox 605 3027 833 3122; x_wconf 67' lang='lat' dir='ltr'>conjunctum</span> <span class='ocrx_word' id='word_1_199' title='bbox 849 3053 993 3122; x_wconf 83' lang='lat' dir='ltr'>manere</span> <span class='ocrx_word' id='word_1_200' title='bbox 1009 3029 1195 3105; x_wconf 82' lang='lat' dir='ltr'>censuerit</span> <span class='ocrx_word' id='word_1_201' title='bbox 1244 3033 1441 3126; x_wconf 85' lang='lat' dir='ltr'>Utramque</span> <span class='ocrx_word' id='word_1_202' title='bbox 1461 3057 1496 3122; x_wconf 67' lang='grc' dir='ltr'>γ.</span> <span class='ocrx_word' id='word_1_203' title='bbox 1519 3025 1594 3096; x_wconf 82' lang='lat' dir='ltr'>hanc</span> 
     </span>
     <span class='ocr_line' id='line_1_25' title="bbox 392 3122 1593 3220; baseline -0.004 -25"><span class='ocrx_word' id='word_1_204' title='bbox 392 3123 660 3220; x_wconf 84' lang='lat' dir='ltr'>generationem</span> <span class='ocrx_word' id='word_1_205' title='bbox 685 3123 723 3194; x_wconf 92' lang='lat' dir='ltr'>in</span> <span class='ocrx_word' id='word_1_206' title='bbox 750 3122 932 3220; x_wconf 86' lang='lat' dir='ltr'>principio</span> <span class='ocrx_word' id='word_1_207' title='bbox 955 3149 1072 3199; x_wconf 87' lang='lat' dir='ltr'>rerum</span> <span class='ocrx_word' id='word_1_208' title='bbox 1096 3125 1221 3202; x_wconf 73' lang='lat' dir='ltr'>fastam</span> <span class='ocrx_word' id='word_1_209' title='bbox 1245 3123 1314 3200; x_wconf 82' lang='lat' dir='ltr'>elle</span> <span class='ocrx_word' id='word_1_210' title='bbox 1338 3123 1481 3215; x_wconf 86' lang='lat' dir='ltr'>statuit,</span> <span class='ocrx_word' id='word_1_211' title='bbox 1504 3135 1593 3211; x_wconf 83' lang='lat' dir='ltr'>eaque</span> 
     </span>
     <span class='ocr_line' id='line_1_26' title="bbox 392 3217 1587 3318; baseline 0.002 -28"><span class='ocrx_word' id='word_1_212' title='bbox 392 3217 533 3290; x_wconf 87' lang='lat' dir='ltr'>r&#39;atione</span> <span class='ocrx_word' id='word_1_213' title='bbox 557 3217 685 3289; x_wconf 88' lang='lat' dir='ltr'>Filium</span> <span class='ocrx_word' id='word_1_214' title='bbox 717 3217 873 3290; x_wconf 84' lang='lat' dir='ltr'>habuisse</span> <span class='ocrx_word' id='word_1_215' title='bbox 899 3217 1061 3312; x_wconf 87' lang='lat' dir='ltr'>initium:</span> <span class='ocrx_word' id='word_1_216' title='bbox 1103 3222 1157 3296; x_wconf 88' lang='lat' dir='ltr'>nti</span> <span class='ocrx_word' id='word_1_217' title='bbox 1190 3239 1287 3297; x_wconf 88' lang='lat' dir='ltr'>cont.</span> <span class='ocrx_word' id='word_1_218' title='bbox 1313 3221 1491 3318; x_wconf 91' lang='lat' dir='ltr'>Hermog.</span> <span class='ocrx_word' id='word_1_219' title='bbox 1512 3237 1538 3286; x_wconf 87' lang='lat' dir='ltr'>t.</span> <span class='ocrx_word' id='word_1_220' title='bbox 1561 3232 1587 3302; x_wconf 83' lang='lat'>3·</span> 
     </span>
     <span class='ocr_line' id='line_1_27' title="bbox 380 3301 1592 3414; baseline 0.002 -31"><span class='ocrx_word' id='word_1_221' title='bbox 380 3301 459 3410; x_wconf 66' lang='lat' dir='ltr'>fuit</span> <span class='ocrx_word' id='word_1_222' title='bbox 484 3329 594 3384; x_wconf 83' lang='lat' dir='ltr'>autem</span> <span class='ocrx_word' id='word_1_223' title='bbox 623 3327 746 3407; x_wconf 80' lang='lat' dir='ltr'>tempus</span> <span class='ocrx_word' id='word_1_224' title='bbox 764 3336 836 3387; x_wconf 83' lang='lat' dir='ltr'>cum</span> <span class='ocrx_word' id='word_1_225' title='bbox 858 3309 962 3386; x_wconf 81' lang='lat' dir='ltr'>Filius</span> <span class='ocrx_word' id='word_1_226' title='bbox 981 3339 1041 3389; x_wconf 84' lang='lat' dir='ltr'>non</span> <span class='ocrx_word' id='word_1_227' title='bbox 1056 3315 1154 3412; x_wconf 82' lang='lat' dir='ltr'>fuit:</span> <span class='ocrx_word' id='word_1_228' title='bbox 1179 3317 1272 3393; x_wconf 89' lang='lat' dir='ltr'>unde</span> <span class='ocrx_word' id='word_1_229' title='bbox 1290 3314 1360 3406; x_wconf 82' lang='lat' dir='ltr'>est,</span> <span class='ocrx_word' id='word_1_230' title='bbox 1385 3319 1480 3414; x_wconf 92' lang='lat' dir='ltr'>quod</span> <span class='ocrx_word' id='word_1_231' title='bbox 1494 3313 1592 3385; x_wconf 82' lang='lat' dir='ltr'>Deum</span> 
     </span>
     <span class='ocr_line' id='line_1_28' title="bbox 393 3407 1591 3508; baseline -0.008 -24"><span class='ocrx_word' id='word_1_232' title='bbox 393 3407 536 3508; x_wconf 85' lang='lat' dir='ltr'>&#39;quidem</span> <span class='ocrx_word' id='word_1_233' title='bbox 561 3407 649 3481; x_wconf 88' lang='lat' dir='ltr'>ibid.</span> <span class='ocrx_word' id='word_1_234' title='bbox 676 3409 787 3481; x_wconf 87' lang='lat' dir='ltr'>tradat</span> <span class='ocrx_word' id='word_1_235' title='bbox 814 3407 951 3506; x_wconf 89' lang='lat' dir='ltr'>semper</span> <span class='ocrx_word' id='word_1_236' title='bbox 977 3410 1099 3504; x_wconf 84' lang='lat' dir='ltr'>suisl&#39;e,</span> <span class='ocrx_word' id='word_1_237' title='bbox 1123 3414 1181 3488; x_wconf 87' lang='lat' dir='ltr'>sed</span> <span class='ocrx_word' id='word_1_238' title='bbox 1204 3436 1276 3487; x_wconf 94' lang='lat' dir='ltr'>non</span> <span class='ocrx_word' id='word_1_239' title='bbox 1299 3410 1435 3508; x_wconf 89' lang='lat' dir='ltr'>semper</span> <span class='ocrx_word' id='word_1_240' title='bbox 1457 3413 1591 3488; x_wconf 81' lang='lat' dir='ltr'>Patren,</span> 
     </span>
     <span class='ocr_line' id='line_1_29' title="bbox 391 3502 1594 3679; baseline 0.001 -100"><span class='ocrx_word' id='word_1_241' title='bbox 391 3507 527 3679; x_wconf 45' lang='lat' dir='ltr'>puppe</span> <span class='ocrx_word' id='word_1_242' title='bbox 551 3502 612 3600; x_wconf 89' lang='lat' dir='ltr'>qui</span> <span class='ocrx_word' id='word_1_243' title='bbox 644 3520 726 3576; x_wconf 89' lang='lat' dir='ltr'>ante</span> <span class='ocrx_word' id='word_1_244' title='bbox 750 3502 877 3576; x_wconf 85' lang='lat' dir='ltr'>Filium</span> <span class='ocrx_word' id='word_1_245' title='bbox 912 3529 983 3579; x_wconf 91' lang='lat' dir='ltr'>non</span> <span class='ocrx_word' id='word_1_246' title='bbox 1016 3507 1103 3597; x_wconf 86' lang='lat' dir='ltr'>fuit,</span> <span class='ocrx_word' id='word_1_247' title='bbox 1145 3512 1195 3584; x_wconf 87' lang='lat' dir='ltr'>ita</span> <span class='ocrx_word' id='word_1_248' title='bbox 1220 3516 1312 3598; x_wconf 69' lang='lat' dir='ltr'>c.,8.</span> <span class='ocrx_word' id='word_1_249' title='bbox 1337 3507 1372 3603; x_wconf 80' lang='lat' dir='ltr'><em>ſs</em></span> <span class='ocrx_word' id='word_1_250' title='bbox 1405 3511 1490 3580; x_wconf 82' lang='lat' dir='ltr'>enim</span> <span class='ocrx_word' id='word_1_251' title='bbox 1520 3505 1594 3572; x_wconf 77' lang='lat' dir='ltr'>intra</span> 
     </span>
     <span class='ocr_line' id='line_1_30' title="bbox 431 3594 1593 3702; baseline 0.001 -27"><span class='ocrx_word' id='word_1_252' title='bbox 431 3604 589 3687; x_wconf 83' lang='lat' dir='ltr'>ominum,</span> <span class='ocrx_word' id='word_1_253' title='bbox 632 3599 712 3694; x_wconf 79' lang='lat' dir='ltr'>quod</span> <span class='ocrx_word' id='word_1_254' title='bbox 731 3624 773 3673; x_wconf 78' lang='lat' dir='ltr'>ea·</span> <span class='ocrx_word' id='word_1_255' title='bbox 796 3598 862 3697; x_wconf 82' lang='lat' dir='ltr'>ipso</span> <span class='ocrx_word' id='word_1_256' title='bbox 893 3618 926 3674; x_wconf 78' lang='lat' dir='ltr'>et</span> <span class='ocrx_word' id='word_1_257' title='bbox 950 3607 984 3674; x_wconf 86' lang='lat' dir='ltr'>in</span> <span class='ocrx_word' id='word_1_258' title='bbox 1010 3603 1074 3702; x_wconf 81' lang='lat' dir='ltr'>ipso</span> <span class='ocrx_word' id='word_1_259' title='bbox 1092 3604 1190 3701; x_wconf 87' lang='lat' dir='ltr'>fuit,</span> <span class='ocrx_word' id='word_1_260' title='bbox 1224 3603 1296 3696; x_wconf 79' lang='lat' dir='ltr'>stne</span> <span class='ocrx_word' id='word_1_261' title='bbox 1320 3605 1415 3678; x_wconf 81' lang='lat' dir='ltr'>initio</span> <span class='ocrx_word' id='word_1_262' title='bbox 1437 3627 1495 3674; x_wconf 83' lang='lat' dir='ltr'>nnn</span> <span class='ocrx_word' id='word_1_263' title='bbox 1510 3594 1593 3692; x_wconf 64' lang='lat' dir='ltr'>fuis·</span> 
     </span>
     <span class='ocr_line' id='line_1_31' title="bbox 390 3691 1594 3794; baseline -0.002 -22"><span class='ocrx_word' id='word_1_264' title='bbox 390 3696 660 3793; x_wconf 69' lang='lat' dir='ltr'>Sophiascilicer</span> <span class='ocrx_word' id='word_1_265' title='bbox 686 3694 807 3790; x_wconf 83' lang='lat' dir='ltr'>ipstus,</span> <span class='ocrx_word' id='word_1_266' title='bbox 834 3700 949 3771; x_wconf 78' lang='lat' dir='ltr'>exinde</span> <span class='ocrx_word' id='word_1_267' title='bbox 974 3718 1054 3786; x_wconf 76' lang='lat' dir='ltr'>nata</span> <span class='ocrx_word' id='word_1_268' title='bbox 1079 3719 1112 3775; x_wconf 83' lang='lat' dir='ltr'>rt</span> <span class='ocrx_word' id='word_1_269' title='bbox 1140 3703 1286 3788; x_wconf 76' lang='lat' dir='ltr'>condita,</span> <span class='ocrx_word' id='word_1_270' title='bbox 1310 3723 1353 3773; x_wconf 83' lang='lat' dir='ltr'>rx</span> <span class='ocrx_word' id='word_1_271' title='bbox 1376 3723 1432 3794; x_wconf 82' lang='lat' dir='ltr'>quo</span> <span class='ocrx_word' id='word_1_272' title='bbox 1460 3701 1492 3769; x_wconf 86' lang='lat' dir='ltr'>in</span> <span class='ocrx_word' id='word_1_273' title='bbox 1507 3691 1594 3790; x_wconf 65' lang='lat' dir='ltr'>sens</span> 
     </span>
     <span class='ocr_line' id='line_1_32' title="bbox 388 3785 1593 3893; baseline -0.01 -23"><span class='ocrx_word' id='word_1_274' title='bbox 388 3795 479 3882; x_wconf 85' lang='lat' dir='ltr'>Dei,</span> <span class='ocrx_word' id='word_1_275' title='bbox 512 3794 556 3864; x_wconf 84' lang='lat' dir='ltr'>ud</span> <span class='ocrx_word' id='word_1_276' title='bbox 576 3807 670 3887; x_wconf 81' lang='lat' dir='ltr'>opera</span> <span class='ocrx_word' id='word_1_277' title='bbox 693 3795 803 3865; x_wconf 65' lang='lat' dir='ltr'>inuata·</span> <span class='ocrx_word' id='word_1_278' title='bbox 822 3793 1035 3886; x_wconf 57' lang='lat' dir='ltr'>amonendo,</span> <span class='ocrx_word' id='word_1_279' title='bbox 1069 3801 1172 3893; x_wconf 82' lang='lat' dir='ltr'>coepit</span> <span class='ocrx_word' id='word_1_280' title='bbox 1196 3798 1342 3891; x_wconf 83' lang='lat' dir='ltr'>agitari:</span> <span class='ocrx_word' id='word_1_281' title='bbox 1380 3785 1593 3879; x_wconf 77' lang='lat' dir='ltr'>multomagis</span> 
     </span>
     <span class='ocr_line' id='line_1_33' title="bbox 386 3885 1593 3996; baseline -0.007 -32"><span class='ocrx_word' id='word_1_282' title='bbox 386 3917 448 3966; x_wconf 80' lang='lat' dir='ltr'>non</span> <span class='ocrx_word' id='word_1_283' title='bbox 481 3892 581 3984; x_wconf 78' lang='lat' dir='ltr'>coepit</span> <span class='ocrx_word' id='word_1_284' title='bbox 607 3885 681 3996; x_wconf 75' lang='lat' dir='ltr'>fine</span> <span class='ocrx_word' id='word_1_285' title='bbox 713 3892 806 3960; x_wconf 83' lang='lat' dir='ltr'>initio</span> <span class='ocrx_word' id='word_1_286' title='bbox 835 3889 938 3986; x_wconf 77' lang='lat' dir='ltr'>fuiffe</span> <span class='ocrx_word' id='word_1_287' title='bbox 969 3898 1168 3988; x_wconf 79' lang='lat' dir='ltr'>quicquam,</span> <span class='ocrx_word' id='word_1_288' title='bbox 1213 3893 1295 3988; x_wconf 81' lang='lat' dir='ltr'>quod</span> <span class='ocrx_word' id='word_1_289' title='bbox 1318 3911 1414 3966; x_wconf 81' lang='lat' dir='ltr'>extra</span> <span class='ocrx_word' id='word_1_290' title='bbox 1438 3890 1593 3989; x_wconf 65' lang='lat' dir='ltr'>Dominum</span> 
     </span>
     <span class='ocr_line' id='line_1_34' title="bbox 279 3977 1590 4090; baseline -0.004 -32"><span class='ocrx_word' id='word_1_291' title='bbox 279 4083 283 4090; x_wconf 21' lang='grc' dir='ltr'><strong><em>ι</em></strong></span> <span class='ocrx_word' id='word_1_292' title='bbox 315 4070 339 4081; x_wconf 19' lang='lat'>¹·</span> <span class='ocrx_word' id='word_1_293' title='bbox 375 3988 502 4086; x_wconf 80' lang='lat' dir='ltr'>fuerit.</span> <span class='ocrx_word' id='word_1_294' title='bbox 560 3985 732 4057; x_wconf 77' lang='lat' dir='ltr'>Meminit</span> <span class='ocrx_word' id='word_1_295' title='bbox 766 4009 906 4082; x_wconf 88' lang='lat' dir='ltr'>quoque</span> <span class='ocrx_word' id='word_1_296' title='bbox 944 3989 1037 4062; x_wconf 87' lang='lat' dir='ltr'>clare</span> <span class='ocrx_word' id='word_1_297' title='bbox 1073 3989 1252 4084; x_wconf 86' lang='lat' dir='ltr'>utriusque</span> <span class='ocrx_word' id='word_1_298' title='bbox 1292 3983 1525 4084; x_wconf 84' lang='lat' dir='ltr'>generationis</span> <span class='ocrx_word' id='word_1_299' title='bbox 1550 3977 1590 4047; x_wconf 80' lang='lat' dir='ltr'>lb·</span> 
     </span>
     <span class='ocr_line' id='line_1_35' title="bbox 386 4075 1589 4183; baseline -0.012 -23"><span class='ocrx_word' id='word_1_300' title='bbox 386 4105 528 4176; x_wconf 52' lang='lat' dir='ltr'>c.045.,</span> <span class='ocrx_word' id='word_1_301' title='bbox 562 4080 623 4154; x_wconf 92' lang='lat' dir='ltr'>ubi</span> <span class='ocrx_word' id='word_1_302' title='bbox 649 4098 686 4153; x_wconf 94' lang='lat' dir='ltr'>et</span> <span class='ocrx_word' id='word_1_303' title='bbox 710 4079 781 4177; x_wconf 88' lang='lat' dir='ltr'>hoc</span> <span class='ocrx_word' id='word_1_304' title='bbox 805 4079 975 4179; x_wconf 80' lang='lat' dir='ltr'>fingulare</span> <span class='ocrx_word' id='word_1_305' title='bbox 1001 4081 1079 4174; x_wconf 83' lang='lat' dir='ltr'>est,</span> <span class='ocrx_word' id='word_1_306' title='bbox 1108 4087 1203 4183; x_wconf 91' lang='lat' dir='ltr'>quod</span> <span class='ocrx_word' id='word_1_307' title='bbox 1227 4083 1354 4156; x_wconf 83' lang='lat' dir='ltr'>Filium</span> <span class='ocrx_word' id='word_1_308' title='bbox 1378 4101 1414 4158; x_wconf 90' lang='lat' dir='ltr'>et</span> <span class='ocrx_word' id='word_1_309' title='bbox 1439 4075 1589 4179; x_wconf 81' lang='lat' dir='ltr'>Spiritum</span> 
     </span>
     <span class='ocr_line' id='line_1_36' title="bbox 384 4173 1586 4348; baseline -0.007 -91"><span class='ocrx_word' id='word_1_310' title='bbox 384 4178 662 4285; x_wconf 72' lang='lat' dir='ltr'>adpelletauim‘</span> <span class='ocrx_word' id='word_1_311' title='bbox 684 4175 754 4252; x_wconf 81' lang='lat' dir='ltr'>Dei</span> <span class='ocrx_word' id='word_1_312' title='bbox 770 4173 896 4280; x_wconf 59' lang='lat' dir='ltr'>affut„</span> <span class='ocrx_word' id='word_1_313' title='bbox 925 4180 1091 4282; x_wconf 84' lang='lat' dir='ltr'>Denique</span> <span class='ocrx_word' id='word_1_314' title='bbox 1113 4183 1194 4263; x_wconf 84' lang='lat' dir='ltr'>adv.</span> <span class='ocrx_word' id='word_1_315' title='bbox 1219 4181 1336 4260; x_wconf 84' lang='lat' dir='ltr'>Marc.</span> <span class='ocrx_word' id='word_1_316' title='bbox 1361 4181 1428 4256; x_wconf 85' lang='lat'>111:</span> <span class='ocrx_word' id='word_1_317' title='bbox 1455 4199 1506 4348; x_wconf 78' lang='lat' dir='ltr'>aDr.</span> <span class='ocrx_word' id='word_1_318' title='bbox 1528 4182 1586 4249; x_wconf 82' lang='lat' dir='ltr'>au,</span> 
     </span>
     <span class='ocr_line' id='line_1_37' title="bbox 756 4283 1589 4348; baseline -0.007 -2"><span class='ocrx_word' id='word_1_319' title='bbox 756 4294 763 4305; x_wconf 83' lang='lat'>&#39;</span> <span class='ocrx_word' id='word_1_320' title='bbox 887 4284 890 4292; x_wconf 47' lang='lat'>¹</span> <span class='ocrx_word' id='word_1_321' title='bbox 1498 4283 1589 4348; x_wconf 70' lang='lat' dir='ltr'>eum,</span> 
     </span>
    </p>
   </div>
   <div class='ocr_carea' id='block_1_3' title="bbox 0 0 1810 5500">
    <p class='ocr_par' dir='ltr' id='par_1_3' title="bbox 0 0 1810 5500">
     <span class='ocr_line' id='line_1_38' title="bbox 0 0 1810 5500; baseline 0 0"><span class='ocrx_word' id='word_1_322' title='bbox 0 0 1810 5500; x_wconf 95' lang='lat' dir='ltr'> </span> 
     </span>
    </p>
   </div>
  </div>
 </body>
</html>
