3609 5500
624 751 631 768 Ι

272 954 337 1037 43
680 883 834 1044 Ῐῦβονῑᾷ,
852 940 981 1043 Eccles.
1010 944 1124 1045 (laist.
1220 925 1222 930 Ι

286 1119 406 1222 modiis
422 1120 543 1220 vigilia
569 1142 669 1217 aquas
696 1126 830 1214 calcans
849 1126 964 1202 subito
988 1126 1032 1211 iis
1053 1121 1237 1221 adparuit,
1258 1123 1441 1222 jullitque,
1465 1134 1508 1200 rr‘t

284 1213 388 1293 loono
411 1219 477 1292 siut
502 1218 629 1312 animo.
678 1219 760 1324 Quo
787 1223 907 1312 audito
935 1225 1076 1310 Petrus,
1111 1224 1215 1306 venia
1239 1247 1267 1295 a·
1286 1221 1428 1302 ,Christo
1451 1220 1506 1298 in·

282 1313 446 1411 petrata,
474 1315 575 1410 super
598 1340 702 1410 aquas
728 1316 834 1389 etlam
851 1320 1035 1404 ,ambulare
1058 1320 1202 1412 coepit,
1228 1319 1286 1391 sed
1300 1338 1506 1396 metucor·

285 1428 444 1509 septus,
459 1432 496 1484 et
513 1412 584 1487 fide
600 1414 791 1503 uacillans,
816 1436 896 1488 cum
919 1414 1078 1508 demergi
1093 1414 1301 1507 inciperet,
1324 1410 1508 1509 arcthrrsto

285 1507 344 1580 est
362 1529 563 1604 correptus,
590 1529 626 1580 et
643 1506 680 1580 in
705 1533 830 1583 navem
849 1513 1128 1599 lecumduclus3
1154 1511 1449 1604 quando,·vento
1467 1525 1507 1579 et

287 1602 389 1702 aquis
416 1604 620 1699 increpitis,
646 1604 776 1686 summa
796 1630 879 1694 mour
908 1605 1062 1693 ernest
1088 1606 1333 1699 tranquillitas,
1362 1604 1505 1698 stupen-

289 1701 386 1800 tibus
409 1699 604 1796 discipulis,
628 1720 666 1772 et
684 1701 857 1776 Christum
881 1702 1118 1774 adorantibus.
1168 1708 1332 1775 Ceterum
1355 1701 1419 1770 hic
1439 1701 1506 1769 Pe·

288 1794 338 1879 tri
372 1793 466 1868 casus
499 1819 574 1891 pro,
590 1796 726 1892 omine
738 1797 860 1872 haberi
892 1796 1011 1892 potest
1037 1799 1147 1891 lapsus
1178 1798 1251 1892 ejus
1276 1799 1314 1868 in
1337 1798 1509 1878 aula-Ca]

288 1893 436 1991 japhae,
463 1891 522 1968 ubi
541 1893 780 1987 setemeraria
799 1893 926 1966 fiducia
939 1894 1100 1989 periculo
1116 1893 1358 1989 abnegationis
1376 1889 1510 1976 Christi

292 1987 478 2085 exposuit,
506 1983 586 2083 sed,
616 1987 743 2063 Christi
770 1989 1007 2079 misericordia
1035 2007 1072 2062 et
1096 2010 1202 2082 ope,¹
1220 1987 1381 2082 reparati.
1432 1986 1509 2059 Ad·

287 2084 379 2184 pulsr
405 2104 522 2156 autem
545 2084 644 2172 sunt,
666 2102 709 2155 ut
734 2087 970 2161 Mattrle:
999 2084 1248 2179 34.·dieit,'a‘rr
1265 2103 1393 2164 ,terram
1419 2083 1509 2156 Gerr-

289 2181 440 2278 rresarer,
481 2178 652 2348 sedeoh.
686 2181 752 2252 Vl:
786 2204 843 2272 17,
871 2202 927 2272 24.
978 2183 1252 2274 Capertraumum3
1294 2179 1383 2253 unde
1406 2197 1511 2273 patet
1561 2190 1563 2193 ’

290 2274 449 2369 intelligi
471 2274 550 2346 occi
576 2277 725 2347 entalem
753 2274 899 2349 tradlum
926 2278 1029 2349 maris
1063 2275 1302 2361 Tiberiadis,¹
1323 2295 1360 2347 et
1386 2273 1436 2345 ibi
1463 2273 1508 2346 sr-

290 2392 368 2468 tum
394 2368 495 2447 fuine
521 2373 807 2466 Capernaumum.
859 2372 966 2462 Haud
990 2371 1051 2446 diu
1073 2370 1173 2467 post,
1205 2374 1325 2461 turba,
1356 2370 1427 2444 hoc
1453 2368 1511 2445 iu·

292 2466 457 2556 telledto,
480 2465 657 2563 navigiis,
682 2491 769 2563 quae
786 2466 1060 2562 praesto'erang
1086 2468 1168 2561 Joh.
1187 2468 1254 2541 Vl:
1276 2490 1332 2562 23.
1359 2467 1511 2560 trajecef

291 2580 375 2639 runt
397 2577 537 2660 quoque
565 2565 696 2651 lacum,
739 2584 776 2636 et
801 2562 940 2644 Christo
962 2564 1033 2637 sese
1059 2564 1312 2657 adjunxerunt3
1351 2580 1400 2638 ut¹
1420 2562 1509 2658 Johs

291 2659 362 2739 Vl.
388 2679 554 2735 narratur,
605 2659 682 2754 Qua
715 2659 918 2751 occasione,
957 2681 1022 2756 pet
1054 2658 1197 2744 modum
1227 2657 1410 2757 colloquii¹
1428 2681 1511 2733 cunr

292 2758 393 2837 turha
409 2754 483 2843 illa,
509 2760 726 2848 praeclarum
742 2757 865 2832 habuit
881 2757 1103 2844 sermonem,
1116 2755 1164 2837 ibi
1182 2756 1409 2842 recensitum,
1434 2779 1509 2851 quo

292 2851 445 2951 Judaeos
469 2870 567 2929 tanto
601 2849 715 2927 studio
747 2875 827 2923 eum
858 2851 995 2923 secutos
1022 2876 1059 2923 re
1086 2851 1267 2938 rehendit,
1299 2851 1412 2946 quod,
1445 2875 1508 2946 pa·

290 2972 356 3029 nes
378 2948 483 3018 edere
511 2948 672 3018 contenti
698 2966 735 3020 et
760 2945 922 3035 saturari,
963 2949 1006 3024 ad
1029 2948 1265 3021 miraculosam
1296 2948 1385 3019 illam
1410 2946 1506 3020 ciba·

292 3044 452 3134 tionem,
479 3061 639 3138 tanquam
657 3041 790 3139 signum
807 3041 949 3117 divinae
966 3043 1044 3119 suae
1061 3043 1249 3138 personae,
1275 3066 1295 3113 a
1312 3045 1433 3131 Patre,
1461 3044 1506 3115 ad

292 3142 437 3216 salutem
464 3159 639 3215 aeternam
661 3139 904 3229 adferendam,
930 3140 1067 3229 millae,
1093 3137 1266 3234 patrisque
1282 3137 1508 3235 approbatio·

293 3262 362 3325 tre,
408 3255 444 3308 et
469 3235 677 3326 autoritate,
722 3257 883 3332 tanquam
910 3235 1063 3330 inprello
1088 3235 1217 3330 sigilm,
1257 3234 1295 3307 iu
1327 3234 1503 3307 miraculis

294 3332 416 3432 utique
433 3330 517 3416 fito,
542 3332 716 3416 munitae,
746 3354 818 3401 non
841 3328 969 3402 redtius
985 3329 1228 3417 adtenderint,
1255 3329 1505 3426 hortaturque,

299 3445 340 3498 ut
365 3447 438 3497 non
461 3442 614 3512 tantum,
639 3446 706 3500 nec
731 3442 823 3513 tarn,
851 3422 968 3495 cibum
993 3423 1210 3514 terrestrem’,
1236 3425 1288 3496 uti
1307 3426 1505 3518 faciebant,

228 3551 232 3559 ·
293 3544 399 3617 quam
425 3517 633 3606 coelestem,
668 3538 704 3589 ct
734 3518 771 3591 in
800 3539 981 3592 aeternum
1014 3521 1221 3594 saturantem
1248 3520 1423 3599 advitam
1447 3546 1507 3596 ae·

234 3667 244 3676 „
295 3637 453 3702 ternam,
480 3635 582 3708 quem
601 3613 674 3708 ipse
691 3614 859 3704 habebat,
886 3635 923 3688 et
940 3615 1058 3705 dabat,
1078 3636 1304 3713 quaererent,
1323 3642 1424 3713 quem
1444 3643 1508 3713 pa·

296 3736 399 3794 nem,
440 3708 622 3781 occasione
647 3733 765 3781 eorum
790 3711 1078 3806 interrogationis
1112 3732 1148 3784 et
1173 3713 1404 3808 objedlionis‚
1445 3715 1509 3786 de·

296 3810 401 3894 clarat
426 3803 515 3875 suam
548 3805 617 3878 elle
644 3830 790 3895 caraem,
832 3832 927 3902 quam
950 3809 1086 3881 daturus
1109 3807 1156 3901 esi
1185 3831 1239 3904 pro
1269 3814 1339 3882 vita
1373 3813 1506 3900 mundi,

296 3930 332 3980 v.
360 3925 419 3992 51.
445 3902 487 3971 ab
512 3899 673 3974 omnibus
704 3903 820 3998 itaque
852 3903 1017 3978 lalvandis
1041 3907 1313 3995 comedendam,
1358 3906 1400 3978 ad
1424 3905 1509 3977 salu-

297 4021 392 4085 tem,
419 4019 491 4066 non
514 3995 721 4087 carnaliter,
755 4000 812 4072 sed
838 4000 1083 4095 spiritualiter,
1120 4009 1238 4094 mog.
1263 4005 1392 4073 necin
1418 4021 1508 4096 typo

296 4113 357 4169 aut
381 4090 613 4179 sacrament0‚
656 4116 710 4169 ex,
735 4118 785 4188 gr.
812 4095 1060 4184 eucharistiae,
1104 4094 1154 4167 uti
1179 4096 1352 4169 nonnullis
1372 4098 1507 4188 visum,

297 4190 357 4279 [ed
377 4188 413 4260 in
436 4186 505 4258 lide
529 4210 611 4259 vera
637 4207 674 4258 et
693 4188 795 4279 uiua,
822 4215 909 4285 quae
935 4192 1114 4265 hominem
1139 4192 1215 4266 unit
1244 4215 1323 4263 eum
1342 4190 1482 4262 Christo
1491 4247 1506 4282 ‚

298 4304 460 4383 tanquam
488 4306 577 4377 pane
602 4281 718 4373 vitae,
745 4302 782 4356 et
809 4287 926 4359 omnia
950 4288 1022 4382 ejus
1048 4287 1175 4361 merita
1190 4287 1331 4373 adfert,
1358 4309 1394 4357 v.
1423 4307 1508 4378 35.,

293 4392 378 4485 ῃ,
421 4399 458 4461 et
479 4387 538 4477 48.
586 4380 693 4484 Cujus
715 4381 883 4461 sermonis
904 4383 1052 4463 effeetus
1074 4383 1164 4478 fuit,
1204 4380 1297 4481 quod
1322 4405 1341 4457 a
1365 4381 1508 4493 multis,
