<?xml version="1.0" encoding="UTF-8"?>
<!DOCTYPE html PUBLIC "-//W3C//DTD XHTML 1.0 Transitional//EN"
    "http://www.w3.org/TR/xhtml1/DTD/xhtml1-transitional.dtd">
<html xmlns="http://www.w3.org/1999/xhtml" xml:lang="en" lang="en">
 <head>
  <title>
</title>
<meta http-equiv="Content-Type" content="text/html;charset=utf-8" />
  <meta name='ocr-system' content='tesseract 3.04.00' />
  <meta name='ocr-capabilities' content='ocr_page ocr_carea ocr_par ocr_line ocrx_word'/>
</head>
<body>
  <div class='ocr_page' id='page_1' title='image "./hermannivenemai05venegoog_0103.png"; bbox 0 0 3609 5500; ppageno 0'>
   <div class='ocr_carea' id='block_1_1' title="bbox 229 961 1113 1069">
    <p class='ocr_par' dir='ltr' id='par_1_1' title="bbox 229 961 1113 1069">
     <span class='ocr_line' id='line_1_1' title="bbox 229 961 1113 1069; baseline -0.027 -5"><span class='ocrx_word' id='word_1_1' title='bbox 229 980 320 1066; x_wconf 68' lang='lat' dir='ltr'>,ra</span> <span class='ocrx_word' id='word_1_2' title='bbox 671 961 1113 1069; x_wconf 60' lang='lat' dir='ltr'>resonantiarum.</span> 
     </span>
    </p>
   </div>
   <div class='ocr_carea' id='block_1_2' title="bbox 280 1142 1522 2205">
    <p class='ocr_par' dir='ltr' id='par_1_2' title="bbox 280 1142 1522 2205">
     <span class='ocr_line' id='line_1_2' title="bbox 280 1142 1498 1243; baseline -0.002 -23"><span class='ocrx_word' id='word_1_3' title='bbox 280 1164 356 1220; x_wconf 87' lang='lat' dir='ltr'>non</span> <span class='ocrx_word' id='word_1_4' title='bbox 389 1142 667 1243; x_wconf 77' lang='lat' dir='ltr'>acquiescentiae</span> <span class='ocrx_word' id='word_1_5' title='bbox 698 1148 769 1223; x_wconf 91' lang='lat' dir='ltr'>Dei</span> <span class='ocrx_word' id='word_1_6' title='bbox 795 1149 907 1224; x_wconf 81' lang='lat' dir='ltr'>Patris</span> <span class='ocrx_word' id='word_1_7' title='bbox 940 1148 998 1228; x_wconf 90' lang='lat' dir='ltr'>in.</span> <span class='ocrx_word' id='word_1_8' title='bbox 1028 1145 1168 1224; x_wconf 89' lang='lat' dir='ltr'>raestita</span> <span class='ocrx_word' id='word_1_9' title='bbox 1201 1142 1424 1234; x_wconf 83' lang='lat' dir='ltr'><strong>obedientia,</strong></span> <span class='ocrx_word' id='word_1_10' title='bbox 1456 1161 1498 1218; x_wconf 87' lang='lat' dir='ltr'>ac</span> 
     </span>
     <span class='ocr_line' id='line_1_3' title="bbox 282 1171 1522 1344; baseline 0.003 -35"><span class='ocrx_word' id='word_1_11' title='bbox 282 1236 398 1344; x_wconf 84' lang='lat' dir='ltr'>salutis</span> <span class='ocrx_word' id='word_1_12' title='bbox 421 1242 493 1339; x_wconf 91' lang='lat' dir='ltr'>jam</span> <span class='ocrx_word' id='word_1_13' title='bbox 522 1244 708 1340; x_wconf 83' lang='lat' dir='ltr'>acquisitae</span> <span class='ocrx_word' id='word_1_14' title='bbox 737 1244 852 1340; x_wconf 76' lang='lat' dir='ltr'>signa,</span> <span class='ocrx_word' id='word_1_15' title='bbox 884 1268 975 1341; x_wconf 67' lang='lat' dir='ltr'>quae,</span> <span class='ocrx_word' id='word_1_16' title='bbox 994 1171 1073 1318; x_wconf 64' lang='lat' dir='ltr'>hine</span> <span class='ocrx_word' id='word_1_17' title='bbox 1095 1242 1177 1325; x_wconf 85' lang='lat' dir='ltr'>¹veli</span> <span class='ocrx_word' id='word_1_18' title='bbox 1195 1240 1338 1336; x_wconf 85' lang='lat' dir='ltr'>Templi</span> <span class='ocrx_word' id='word_1_19' title='bbox 1365 1240 1522 1332; x_wconf 82' lang='lat' dir='ltr'>scissio,-</span> 
     </span>
     <span class='ocr_line' id='line_1_4' title="bbox 281 1339 1498 1436; baseline 0.002 -27"><span class='ocrx_word' id='word_1_20' title='bbox 281 1352 399 1426; x_wconf 65' lang='lat' dir='ltr'>‚terrae</span> <span class='ocrx_word' id='word_1_21' title='bbox 426 1358 560 1428; x_wconf 89' lang='lat' dir='ltr'>motus,</span> <span class='ocrx_word' id='word_1_22' title='bbox 585 1340 725 1436; x_wconf 89' lang='lat' dir='ltr'>rupium</span> <span class='ocrx_word' id='word_1_23' title='bbox 743 1341 851 1428; x_wconf 85' lang='lat' dir='ltr'>fissio,</span> <span class='ocrx_word' id='word_1_24' title='bbox 875 1364 920 1418; x_wconf 65' lang='lat' dir='ltr'>aee</span> <span class='ocrx_word' id='word_1_25' title='bbox 941 1359 1163 1416; x_wconf 86' lang='lat' dir='ltr'>mortuorum</span> <span class='ocrx_word' id='word_1_26' title='bbox 1180 1339 1428 1412; x_wconf 86' lang='lat' dir='ltr'>nonnullorum</span> <span class='ocrx_word' id='word_1_27' title='bbox 1445 1359 1498 1412; x_wconf 89' lang='lat' dir='ltr'>re·</span> 
     </span>
     <span class='ocr_line' id='line_1_5' title="bbox 283 1425 1501 1530; baseline 0.003 -27"><span class='ocrx_word' id='word_1_28' title='bbox 283 1425 482 1522; x_wconf 87' lang='lat' dir='ltr'>suscitatio;</span> <span class='ocrx_word' id='word_1_29' title='bbox 513 1434 726 1530; x_wconf 87' lang='lat' dir='ltr'>postremum</span> <span class='ocrx_word' id='word_1_30' title='bbox 761 1437 844 1509; x_wconf 87' lang='lat' dir='ltr'>illud</span> <span class='ocrx_word' id='word_1_31' title='bbox 877 1432 993 1509; x_wconf 92' lang='lat' dir='ltr'>obiter</span> <span class='ocrx_word' id='word_1_32' title='bbox 1024 1433 1258 1509; x_wconf 85' lang='lat' dir='ltr'>illustrandum</span> <span class='ocrx_word' id='word_1_33' title='bbox 1290 1429 1352 1507; x_wconf 75' lang='lat' dir='ltr'>est</span> <span class='ocrx_word' id='word_1_34' title='bbox 1405 1435 1501 1507; x_wconf 90' lang='lat' dir='ltr'>Con·</span> 
     </span>
     <span class='ocr_line' id='line_1_6' title="bbox 284 1528 1501 1626; baseline 0.001 -27"><span class='ocrx_word' id='word_1_35' title='bbox 284 1528 398 1620; x_wconf 90' lang='lat' dir='ltr'>tinet,</span> <span class='ocrx_word' id='word_1_36' title='bbox 434 1554 478 1603; x_wconf 88' lang='lat' dir='ltr'>ex</span> <span class='ocrx_word' id='word_1_37' title='bbox 504 1555 581 1604; x_wconf 87' lang='lat' dir='ltr'>mea</span> <span class='ocrx_word' id='word_1_38' title='bbox 606 1532 799 1626; x_wconf 90' lang='lat' dir='ltr'>opinione,</span> <span class='ocrx_word' id='word_1_39' title='bbox 833 1531 1079 1604; x_wconf 85' lang='lat' dir='ltr'>nonnullorum</span> <span class='ocrx_word' id='word_1_40' title='bbox 1102 1530 1299 1605; x_wconf 75' lang='lat' dir='ltr'>sandtorum</span> <span class='ocrx_word' id='word_1_41' title='bbox 1325 1547 1385 1603; x_wconf 91' lang='lat' dir='ltr'>aut</span> <span class='ocrx_word' id='word_1_42' title='bbox 1409 1552 1501 1602; x_wconf 60' lang='lat' dir='ltr'>mar,</span> 
     </span>
     <span class='ocr_line' id='line_1_7' title="bbox 281 1623 1500 1723; baseline 0.002 -29"><span class='ocrx_word' id='word_1_43' title='bbox 281 1639 423 1721; x_wconf 82' lang='lat' dir='ltr'>tyrum,</span> <span class='ocrx_word' id='word_1_44' title='bbox 455 1626 628 1700; x_wconf 90' lang='lat' dir='ltr'>incertum</span> <span class='ocrx_word' id='word_1_45' title='bbox 655 1648 801 1723; x_wconf 88' lang='lat' dir='ltr'>quorum</span> <span class='ocrx_word' id='word_1_46' title='bbox 828 1646 865 1699; x_wconf 91' lang='lat' dir='ltr'>et</span> <span class='ocrx_word' id='word_1_47' title='bbox 888 1627 1061 1721; x_wconf 88' lang='lat' dir='ltr'>qualium,</span> <span class='ocrx_word' id='word_1_48' title='bbox 1084 1623 1383 1700; x_wconf 83' lang='lat' dir='ltr'>resuscitationem</span> <span class='ocrx_word' id='word_1_49' title='bbox 1408 1625 1500 1699; x_wconf 90' lang='lat' dir='ltr'>anti·</span> 
     </span>
     <span class='ocr_line' id='line_1_8' title="bbox 284 1719 1501 1819; baseline 0.002 -25"><span class='ocrx_word' id='word_1_50' title='bbox 284 1724 462 1817; x_wconf 90' lang='lat' dir='ltr'>cipatam,</span> <span class='ocrx_word' id='word_1_51' title='bbox 486 1744 565 1795; x_wconf 89' lang='lat' dir='ltr'>cum</span> <span class='ocrx_word' id='word_1_52' title='bbox 584 1721 782 1812; x_wconf 87' lang='lat' dir='ltr'>renovatis,</span> <span class='ocrx_word' id='word_1_53' title='bbox 807 1740 844 1793; x_wconf 89' lang='lat' dir='ltr'>ct</span> <span class='ocrx_word' id='word_1_54' title='bbox 869 1720 1096 1810; x_wconf 86' lang='lat' dir='ltr'>coelestibus,</span> <span class='ocrx_word' id='word_1_55' title='bbox 1120 1719 1349 1819; x_wconf 86' lang='lat' dir='ltr'>corporibus,</span> <span class='ocrx_word' id='word_1_56' title='bbox 1376 1721 1501 1796; x_wconf 91' lang='lat' dir='ltr'>secun·</span> 
     </span>
     <span class='ocr_line' id='line_1_9' title="bbox 284 1815 1499 1914; baseline 0 -24"><span class='ocrx_word' id='word_1_57' title='bbox 284 1816 369 1891; x_wconf 91' lang='lat' dir='ltr'>dum</span> <span class='ocrx_word' id='word_1_58' title='bbox 392 1817 668 1914; x_wconf 87' lang='lat' dir='ltr'>descriptionem</span> <span class='ocrx_word' id='word_1_59' title='bbox 694 1817 832 1902; x_wconf 80' lang='lat' dir='ltr'>Paulir</span> <span class='ocrx_word' id='word_1_60' title='bbox 854 1819 936 1891; x_wconf 85' lang='lat' dir='ltr'>Cor.</span> <span class='ocrx_word' id='word_1_61' title='bbox 961 1817 1045 1891; x_wconf 88' lang='lat' dir='ltr'>XV.</span> <span class='ocrx_word' id='word_1_62' title='bbox 1072 1817 1167 1892; x_wconf 83' lang='lat' dir='ltr'>fimus</span> <span class='ocrx_word' id='word_1_63' title='bbox 1192 1838 1270 1894; x_wconf 84' lang='lat' dir='ltr'>cunr</span> <span class='ocrx_word' id='word_1_64' title='bbox 1289 1815 1429 1890; x_wconf 89' lang='lat' dir='ltr'>Christo</span> <span class='ocrx_word' id='word_1_65' title='bbox 1444 1840 1499 1890; x_wconf 90' lang='lat' dir='ltr'>re·</span> 
     </span>
     <span class='ocr_line' id='line_1_10' title="bbox 284 1911 1501 2008; baseline 0.002 -22"><span class='ocrx_word' id='word_1_66' title='bbox 284 1912 474 2003; x_wconf 78' lang='lat' dir='ltr'>suscitato,</span> <span class='ocrx_word' id='word_1_67' title='bbox 498 1935 540 1987; x_wconf 91' lang='lat' dir='ltr'>ac</span> <span class='ocrx_word' id='word_1_68' title='bbox 562 1913 730 2008; x_wconf 84' lang='lat' dir='ltr'>deinceps</span> <span class='ocrx_word' id='word_1_69' title='bbox 754 1912 861 1987; x_wconf 92' lang='lat' dir='ltr'>etiam</span> <span class='ocrx_word' id='word_1_70' title='bbox 883 1912 942 1986; x_wconf 85' lang='lat' dir='ltr'>tali</span> <span class='ocrx_word' id='word_1_71' title='bbox 967 1933 1117 2008; x_wconf 88' lang='lat' dir='ltr'>corpore</span> <span class='ocrx_word' id='word_1_72' title='bbox 1139 1911 1293 1999; x_wconf 81' lang='lat' dir='ltr'>vestito,</span> <span class='ocrx_word' id='word_1_73' title='bbox 1318 1912 1501 1988; x_wconf 92' lang='lat' dir='ltr'>introduc·</span> 
     </span>
     <span class='ocr_line' id='line_1_11' title="bbox 285 2007 1501 2105; baseline 0.002 -24"><span class='ocrx_word' id='word_1_74' title='bbox 285 2011 427 2093; x_wconf 76' lang='lat' dir='ltr'>tionem</span> <span class='ocrx_word' id='word_1_75' title='bbox 450 2010 487 2082; x_wconf 93' lang='lat' dir='ltr'>in</span> <span class='ocrx_word' id='word_1_76' title='bbox 506 2007 693 2082; x_wconf 89' lang='lat' dir='ltr'>coelestem</span> <span class='ocrx_word' id='word_1_77' title='bbox 709 2008 916 2095; x_wconf 87' lang='lat' dir='ltr'>civitatem,</span> <span class='ocrx_word' id='word_1_78' title='bbox 942 2007 1038 2081; x_wconf 91' lang='lat' dir='ltr'>Heb.</span> <span class='ocrx_word' id='word_1_79' title='bbox 1061 2008 1125 2081; x_wconf 90' lang='lat' dir='ltr'>XI.</span> <span class='ocrx_word' id='word_1_80' title='bbox 1139 2025 1395 2097; x_wconf 74' lang='lat' dir='ltr'>memoratam,</span> <span class='ocrx_word' id='word_1_81' title='bbox 1420 2010 1501 2105; x_wconf 89' lang='lat' dir='ltr'>pos·</span> 
     </span>
     <span class='ocr_line' id='line_1_12' title="bbox 285 2102 1503 2205; baseline 0.001 -27"><span class='ocrx_word' id='word_1_82' title='bbox 285 2124 446 2202; x_wconf 81' lang='lat' dir='ltr'>reaquam</span> <span class='ocrx_word' id='word_1_83' title='bbox 475 2123 532 2177; x_wconf 90' lang='lat' dir='ltr'>tan</span> <span class='ocrx_word' id='word_1_84' title='bbox 560 2127 638 2177; x_wconf 90' lang='lat' dir='ltr'>uam</span> <span class='ocrx_word' id='word_1_85' title='bbox 672 2104 910 2199; x_wconf 83' lang='lat' dir='ltr'>phantasmata</span> <span class='ocrx_word' id='word_1_86' title='bbox 944 2102 1177 2198; x_wconf 84' lang='lat' dir='ltr'>adparuissent</span> <span class='ocrx_word' id='word_1_87' title='bbox 1215 2102 1360 2178; x_wconf 66' lang='lat' dir='ltr'>multis.v</span> <span class='ocrx_word' id='word_1_88' title='bbox 1398 2106 1503 2205; x_wconf 80' lang='lat' dir='ltr'>Quae</span> 
     </span>
    </p>
   </div>
   <div class='ocr_carea' id='block_1_3' title="bbox 277 2128 1534 2696">
    <p class='ocr_par' dir='ltr' id='par_1_3' title="bbox 277 2128 1534 2696">
     <span class='ocr_line' id='line_1_13' title="bbox 284 2128 1504 2299; baseline -0.002 -24"><span class='ocrx_word' id='word_1_89' title='bbox 284 2185 509 2299; x_wconf 67' lang='lat' dir='ltr'>hypothesis,</span> <span class='ocrx_word' id='word_1_90' title='bbox 536 2128 623 2272; x_wconf 62' lang='lat' dir='ltr'>irent</span> <span class='ocrx_word' id='word_1_91' title='bbox 648 2199 801 2271; x_wconf 76' lang='lat' dir='ltr'>amussis</span> <span class='ocrx_word' id='word_1_92' title='bbox 824 2197 1085 2271; x_wconf 89' lang='lat' dir='ltr'>difficultatibus</span> <span class='ocrx_word' id='word_1_93' title='bbox 1103 2196 1214 2273; x_wconf 83' lang='lat' dir='ltr'>libera</span> <span class='ocrx_word' id='word_1_94' title='bbox 1239 2197 1309 2287; x_wconf 89' lang='lat' dir='ltr'>est,</span> <span class='ocrx_word' id='word_1_95' title='bbox 1333 2217 1372 2272; x_wconf 91' lang='lat' dir='ltr'>et</span> <span class='ocrx_word' id='word_1_96' title='bbox 1389 2201 1504 2273; x_wconf 72' lang='lat' dir='ltr'>varias</span> 
     </span>
     <span class='ocr_line' id='line_1_14' title="bbox 285 2292 1534 2390; baseline -0.001 -19"><span class='ocrx_word' id='word_1_97' title='bbox 285 2295 431 2371; x_wconf 86' lang='lat' dir='ltr'>inutiles</span> <span class='ocrx_word' id='word_1_98' title='bbox 462 2294 679 2390; x_wconf 88' lang='lat' dir='ltr'>quaestiones</span> <span class='ocrx_word' id='word_1_99' title='bbox 703 2293 897 2390; x_wconf 86' lang='lat' dir='ltr'>praecidit,</span> <span class='ocrx_word' id='word_1_100' title='bbox 931 2292 982 2365; x_wconf 92' lang='lat' dir='ltr'>ita</span> <span class='ocrx_word' id='word_1_101' title='bbox 1003 2292 1200 2389; x_wconf 78' lang='lat' dir='ltr'>phrasibus,</span> <span class='ocrx_word' id='word_1_102' title='bbox 1225 2293 1277 2366; x_wconf 92' lang='lat' dir='ltr'>uti</span> <span class='ocrx_word' id='word_1_103' title='bbox 1296 2294 1386 2389; x_wconf 91' lang='lat' dir='ltr'>quod</span> <span class='ocrx_word' id='word_1_104' title='bbox 1405 2297 1534 2380; x_wconf 73' lang='lat' dir='ltr'>inulti,</span> 
     </span>
     <span class='ocr_line' id='line_1_15' title="bbox 277 2385 1499 2576; baseline -0.002 -109"><span class='ocrx_word' id='word_1_105' title='bbox 277 2395 468 2576; x_wconf 55' lang='lat' dir='ltr'>{nudorum</span> <span class='ocrx_word' id='word_1_106' title='bbox 489 2391 728 2488; x_wconf 88' lang='lat' dir='ltr'>adpellentur,</span> <span class='ocrx_word' id='word_1_107' title='bbox 752 2385 951 2485; x_wconf 63' lang='lat' dir='ltr'>adparuisse,</span> <span class='ocrx_word' id='word_1_108' title='bbox 976 2390 1088 2461; x_wconf 91' lang='lat' dir='ltr'>verbo</span> <span class='ocrx_word' id='word_1_109' title='bbox 1111 2395 1367 2480; x_wconf 64' lang='lat' dir='ltr'>disparebunt,</span> <span class='ocrx_word' id='word_1_110' title='bbox 1395 2391 1499 2465; x_wconf 86' lang='lat' dir='ltr'>adhi-</span> 
     </span>
     <span class='ocr_line' id='line_1_16' title="bbox 314 2481 1503 2579; baseline 0.001 -20"><span class='ocrx_word' id='word_1_111' title='bbox 314 2489 386 2579; x_wconf 90' lang='lat' dir='ltr'>ito‚</span> <span class='ocrx_word' id='word_1_112' title='bbox 412 2488 572 2561; x_wconf 85' lang='lat' dir='ltr'>dicantur</span> <span class='ocrx_word' id='word_1_113' title='bbox 593 2486 731 2576; x_wconf 88' lang='lat' dir='ltr'>multis,</span> <span class='ocrx_word' id='word_1_114' title='bbox 756 2484 851 2559; x_wconf 89' lang='lat' dir='ltr'>etin</span> <span class='ocrx_word' id='word_1_115' title='bbox 872 2488 982 2557; x_wconf 83' lang='lat' dir='ltr'>urbem</span> <span class='ocrx_word' id='word_1_116' title='bbox 995 2481 1168 2579; x_wconf 70' lang='lat' dir='ltr'>surdam,</span> <span class='ocrx_word' id='word_1_117' title='bbox 1194 2510 1266 2560; x_wconf 91' lang='lat' dir='ltr'>non</span> <span class='ocrx_word' id='word_1_118' title='bbox 1283 2489 1334 2561; x_wconf 92' lang='lat' dir='ltr'>uti</span> <span class='ocrx_word' id='word_1_119' title='bbox 1359 2509 1403 2560; x_wconf 90' lang='lat' dir='ltr'>ue</span> <span class='ocrx_word' id='word_1_120' title='bbox 1428 2507 1503 2562; x_wconf 89' lang='lat' dir='ltr'>ter·</span> 
     </span>
     <span class='ocr_line' id='line_1_17' title="bbox 283 2512 1504 2696; baseline -0.001 -37"><span class='ocrx_word' id='word_1_121' title='bbox 283 2584 431 2659; x_wconf 85' lang='lat' dir='ltr'>restrem</span> <span class='ocrx_word' id='word_1_122' title='bbox 450 2581 754 2678; x_wconf 86' lang='lat' dir='ltr'>Hierosolymam,</span> <span class='ocrx_word' id='word_1_123' title='bbox 771 2580 830 2654; x_wconf 90' lang='lat' dir='ltr'>sed</span> <span class='ocrx_word' id='word_1_124' title='bbox 846 2578 1053 2669; x_wconf 89' lang='lat' dir='ltr'>coelestem,</span> <span class='ocrx_word' id='word_1_125' title='bbox 1069 2580 1166 2655; x_wconf 85' lang='lat' dir='ltr'>Heb.</span> <span class='ocrx_word' id='word_1_126' title='bbox 1177 2582 1258 2657; x_wconf 87' lang='lat' dir='ltr'>XII.</span> <span class='ocrx_word' id='word_1_127' title='bbox 1269 2637 1281 2670; x_wconf 94' lang='lat'>‚</span> <span class='ocrx_word' id='word_1_128' title='bbox 1294 2512 1365 2678; x_wconf 55' lang='lat' dir='ltr'>er</span> <span class='ocrx_word' id='word_1_129' title='bbox 1383 2583 1504 2696; x_wconf 72' lang='lat' dir='ltr'>utristi</span> 
     </span>
    </p>
   </div>
   <div class='ocr_carea' id='block_1_4' title="bbox 244 2673 1538 4600">
    <p class='ocr_par' dir='ltr' id='par_1_4' title="bbox 244 2673 1538 4600">
     <span class='ocr_line' id='line_1_18' title="bbox 283 2673 1505 2777; baseline 0 -21"><span class='ocrx_word' id='word_1_130' title='bbox 283 2680 567 2777; x_wconf 63' lang='lat' dir='ltr'>resurrectionem,</span> <span class='ocrx_word' id='word_1_131' title='bbox 600 2677 758 2774; x_wconf 88' lang='lat' dir='ltr'>adeoque</span> <span class='ocrx_word' id='word_1_132' title='bbox 783 2698 865 2751; x_wconf 88' lang='lat' dir='ltr'>cum</span> <span class='ocrx_word' id='word_1_133' title='bbox 889 2698 956 2765; x_wconf 84' lang='lat' dir='ltr'>eo,</span> <span class='ocrx_word' id='word_1_134' title='bbox 990 2673 1150 2767; x_wconf 82' lang='lat' dir='ltr'>intrasse,</span> <span class='ocrx_word' id='word_1_135' title='bbox 1188 2677 1284 2751; x_wconf 74' lang='lat' dir='ltr'>reete</span> <span class='ocrx_word' id='word_1_136' title='bbox 1309 2699 1505 2773; x_wconf 78' lang='lat' dir='ltr'>convenit,</span> 
     </span>
     <span class='ocr_line' id='line_1_19' title="bbox 288 2771 1501 2872; baseline 0.001 -21"><span class='ocrx_word' id='word_1_137' title='bbox 288 2778 367 2852; x_wconf 85' lang='lat' dir='ltr'>aliis</span> <span class='ocrx_word' id='word_1_138' title='bbox 391 2775 542 2870; x_wconf 90' lang='lat' dir='ltr'>denique</span> <span class='ocrx_word' id='word_1_139' title='bbox 567 2774 695 2869; x_wconf 89' lang='lat' dir='ltr'>Script.</span> <span class='ocrx_word' id='word_1_140' title='bbox 721 2775 755 2846; x_wconf 91' lang='lat' dir='ltr'>S.</span> <span class='ocrx_word' id='word_1_141' title='bbox 780 2772 888 2860; x_wconf 84' lang='lat' dir='ltr'>iocis,</span> <span class='ocrx_word' id='word_1_142' title='bbox 922 2772 992 2844; x_wconf 91' lang='lat' dir='ltr'>huc</span> <span class='ocrx_word' id='word_1_143' title='bbox 1016 2771 1302 2866; x_wconf 86' lang='lat' dir='ltr'>respicientibus,</span> <span class='ocrx_word' id='word_1_144' title='bbox 1337 2775 1391 2848; x_wconf 93' lang='lat' dir='ltr'>uti</span> <span class='ocrx_word' id='word_1_145' title='bbox 1417 2776 1501 2872; x_wconf 86' lang='lat' dir='ltr'>Joh.</span> 
     </span>
     <span class='ocr_line' id='line_1_20' title="bbox 289 2866 1504 2964; baseline 0.002 -17"><span class='ocrx_word' id='word_1_146' title='bbox 289 2875 340 2948; x_wconf 91' lang='lat' dir='ltr'>V:</span> <span class='ocrx_word' id='word_1_147' title='bbox 376 2892 433 2959; x_wconf 81' lang='lat'>25.</span> <span class='ocrx_word' id='word_1_148' title='bbox 458 2870 536 2942; x_wconf 87' lang='lat' dir='ltr'>coll.</span> <span class='ocrx_word' id='word_1_149' title='bbox 560 2870 669 2942; x_wconf 90' lang='lat' dir='ltr'>Matt.</span> <span class='ocrx_word' id='word_1_150' title='bbox 694 2867 848 2941; x_wconf 87' lang='lat' dir='ltr'>XXVII:</span> <span class='ocrx_word' id='word_1_151' title='bbox 882 2888 942 2955; x_wconf 83' lang='lat'>50.</span> <span class='ocrx_word' id='word_1_152' title='bbox 990 2866 1085 2940; x_wconf 89' lang='lat' dir='ltr'>Heb.</span> <span class='ocrx_word' id='word_1_153' title='bbox 1118 2870 1164 2941; x_wconf 89' lang='lat' dir='ltr'>II:</span> <span class='ocrx_word' id='word_1_154' title='bbox 1194 2895 1248 2943; x_wconf 93' lang='lat'>10.</span> <span class='ocrx_word' id='word_1_155' title='bbox 1273 2888 1310 2942; x_wconf 91' lang='lat' dir='ltr'>et</span> <span class='ocrx_word' id='word_1_156' title='bbox 1334 2872 1416 2944; x_wconf 73' lang='lat' dir='ltr'>th</span> <span class='ocrx_word' id='word_1_157' title='bbox 1443 2895 1504 2964; x_wconf 85' lang='lat'>29.</span> 
     </span>
     <span class='ocr_line' id='line_1_21' title="bbox 285 2963 1504 3064; baseline -0.001 -22"><span class='ocrx_word' id='word_1_158' title='bbox 285 2971 329 3046; x_wconf 79' lang='lat' dir='ltr'>in</span> <span class='ocrx_word' id='word_1_159' title='bbox 354 2967 468 3064; x_wconf 90' lang='lat' dir='ltr'>primo</span> <span class='ocrx_word' id='word_1_160' title='bbox 503 2964 683 3050; x_wconf 91' lang='lat' dir='ltr'>membro,</span> <span class='ocrx_word' id='word_1_161' title='bbox 727 2965 838 3035; x_wconf 88' lang='lat' dir='ltr'>rPet.</span> <span class='ocrx_word' id='word_1_162' title='bbox 865 2963 931 3033; x_wconf 88' lang='lat'>111:</span> <span class='ocrx_word' id='word_1_163' title='bbox 962 2977 1016 3050; x_wconf 86' lang='lat'>19.</span> <span class='ocrx_word' id='word_1_164' title='bbox 1066 2963 1202 3038; x_wconf 83' lang='lat' dir='ltr'>aTim.</span> <span class='ocrx_word' id='word_1_165' title='bbox 1227 2967 1257 3038; x_wconf 89' lang='lat'>1:</span> <span class='ocrx_word' id='word_1_166' title='bbox 1293 2989 1349 3040; x_wconf 87' lang='lat'>10.</span> <span class='ocrx_word' id='word_1_167' title='bbox 1381 2969 1504 3045; x_wconf 93' lang='lat' dir='ltr'>conci·</span> 
     </span>
     <span class='ocr_line' id='line_1_22' title="bbox 286 3056 1503 3164; baseline 0.002 -27"><span class='ocrx_word' id='word_1_168' title='bbox 286 3065 360 3149; x_wconf 74' lang='lat' dir='ltr'>nit.</span> <span class='ocrx_word' id='word_1_169' title='bbox 408 3062 507 3164; x_wconf 82' lang='lat' dir='ltr'>Quae</span> <span class='ocrx_word' id='word_1_170' title='bbox 533 3057 689 3157; x_wconf 83' lang='lat' dir='ltr'>pluribus</span> <span class='ocrx_word' id='word_1_171' title='bbox 714 3056 944 3132; x_wconf 87' lang='lat' dir='ltr'>illustrareac</span> <span class='ocrx_word' id='word_1_172' title='bbox 968 3057 1177 3131; x_wconf 86' lang='lat' dir='ltr'>confirmare</span> <span class='ocrx_word' id='word_1_173' title='bbox 1192 3082 1287 3133; x_wconf 93' lang='lat' dir='ltr'>nune</span> <span class='ocrx_word' id='word_1_174' title='bbox 1309 3084 1384 3137; x_wconf 89' lang='lat' dir='ltr'>non</span> <span class='ocrx_word' id='word_1_175' title='bbox 1405 3061 1503 3142; x_wconf 85' lang='lat' dir='ltr'>licet.</span> 
     </span>
     <span class='ocr_line' id='line_1_23' title="bbox 244 3153 1382 3252; baseline -0.005 -16"><span class='ocrx_word' id='word_1_176' title='bbox 244 3173 248 3180; x_wconf 81' lang='grc'><em>“</em></span> <span class='ocrx_word' id='word_1_177' title='bbox 286 3159 663 3252; x_wconf 82' lang='lat' dir='ltr'>Conferanuu‚·quae</span> <span class='ocrx_word' id='word_1_178' title='bbox 689 3153 820 3251; x_wconf 88' lang='lat' dir='ltr'>protuli</span> <span class='ocrx_word' id='word_1_179' title='bbox 844 3153 883 3228; x_wconf 95' lang='lat' dir='ltr'>in</span> <span class='ocrx_word' id='word_1_180' title='bbox 900 3153 1053 3247; x_wconf 80' lang='lat' dir='ltr'>Mrtsrodo</span> <span class='ocrx_word' id='word_1_181' title='bbox 1077 3153 1299 3251; x_wconf 70' lang='lat' dir='ltr'>Prophetica.</span> <span class='ocrx_word' id='word_1_182' title='bbox 1380 3209 1382 3215; x_wconf 88' lang='lat'>-</span> 
     </span>
     <span class='ocr_line' id='line_1_24' title="bbox 284 3249 1508 3366; baseline 0.002 -37"><span class='ocrx_word' id='word_1_183' title='bbox 284 3304 310 3329; x_wconf 63' lang='lat'>.‹</span> <span class='ocrx_word' id='word_1_184' title='bbox 338 3258 370 3366; x_wconf 91' lang='lat'><strong>5</strong></span> <span class='ocrx_word' id='word_1_185' title='bbox 396 3254 620 3330; x_wconf 87' lang='lat' dir='ltr'>LXXXVII.</span> <span class='ocrx_word' id='word_1_186' title='bbox 653 3253 789 3346; x_wconf 84' lang='lat' dir='ltr'>Corpus</span> <span class='ocrx_word' id='word_1_187' title='bbox 813 3249 963 3338; x_wconf 87' lang='lat' dir='ltr'>Christi,</span> <span class='ocrx_word' id='word_1_188' title='bbox 1003 3275 1023 3322; x_wconf 93' lang='lat' dir='ltr'>a</span> <span class='ocrx_word' id='word_1_189' title='bbox 1056 3251 1285 3346; x_wconf 81' lang='lat' dir='ltr'>crurifragio,</span> <span class='ocrx_word' id='word_1_190' title='bbox 1318 3252 1410 3348; x_wconf 88' lang='lat' dir='ltr'>quod</span> <span class='ocrx_word' id='word_1_191' title='bbox 1433 3257 1508 3333; x_wconf 88' lang='lat' dir='ltr'>duo</span> 
     </span>
     <span class='ocr_line' id='line_1_25' title="bbox 289 3347 1507 3445; baseline 0.002 -20"><span class='ocrx_word' id='word_1_192' title='bbox 289 3350 418 3445; x_wconf 74' lang='lat' dir='ltr'>reliqui</span> <span class='ocrx_word' id='word_1_193' title='bbox 443 3349 623 3433; x_wconf 86' lang='lat' dir='ltr'>crucifixi,</span> <span class='ocrx_word' id='word_1_194' title='bbox 649 3347 690 3418; x_wconf 93' lang='lat' dir='ltr'>ad</span> <span class='ocrx_word' id='word_1_195' title='bbox 717 3362 867 3416; x_wconf 89' lang='lat' dir='ltr'>mortem</span> <span class='ocrx_word' id='word_1_196' title='bbox 892 3347 1170 3433; x_wconf 85' lang='lat' dir='ltr'>accelerandam,</span> <span class='ocrx_word' id='word_1_197' title='bbox 1196 3367 1234 3418; x_wconf 90' lang='lat' dir='ltr'>ut</span> <span class='ocrx_word' id='word_1_198' title='bbox 1261 3350 1305 3419; x_wconf 92' lang='lat' dir='ltr'>de</span> <span class='ocrx_word' id='word_1_199' title='bbox 1331 3367 1422 3423; x_wconf 88' lang='lat' dir='ltr'>terra</span> <span class='ocrx_word' id='word_1_200' title='bbox 1444 3376 1507 3427; x_wconf 88' lang='lat' dir='ltr'>an·</span> 
     </span>
     <span class='ocr_line' id='line_1_26' title="bbox 287 3435 1521 3545; baseline -0.001 -25"><span class='ocrx_word' id='word_1_201' title='bbox 287 3466 332 3520; x_wconf 80' lang='lat' dir='ltr'>te</span> <span class='ocrx_word' id='word_1_202' title='bbox 372 3443 554 3538; x_wconf 87' lang='lat' dir='ltr'>vesperam</span> <span class='ocrx_word' id='word_1_203' title='bbox 589 3439 829 3523; x_wconf 84' lang='lat' dir='ltr'>auferrentur,</span> <span class='ocrx_word' id='word_1_204' title='bbox 878 3435 1085 3527; x_wconf 92' lang='lat' dir='ltr'>subierunt,</span> <span class='ocrx_word' id='word_1_205' title='bbox 1125 3441 1330 3532; x_wconf 80' lang='lat' dir='ltr'>liberatum,</span> <span class='ocrx_word' id='word_1_206' title='bbox 1374 3445 1521 3545; x_wconf 81' lang='lat' dir='ltr'>quippe</span> 
     </span>
     <span class='ocr_line' id='line_1_27' title="bbox 287 3532 1538 3636; baseline 0.002 -20"><span class='ocrx_word' id='word_1_207' title='bbox 287 3539 454 3616; x_wconf 84' lang='lat' dir='ltr'>exanime</span> <span class='ocrx_word' id='word_1_208' title='bbox 478 3537 570 3631; x_wconf 86' lang='lat' dir='ltr'>jam,</span> <span class='ocrx_word' id='word_1_209' title='bbox 597 3553 634 3606; x_wconf 93' lang='lat' dir='ltr'>et</span> <span class='ocrx_word' id='word_1_210' title='bbox 661 3536 779 3606; x_wconf 88' lang='lat' dir='ltr'>lancea</span> <span class='ocrx_word' id='word_1_211' title='bbox 802 3532 1014 3627; x_wconf 85' lang='lat' dir='ltr'>perfossum,</span> <span class='ocrx_word' id='word_1_212' title='bbox 1040 3557 1146 3630; x_wconf 87' lang='lat' dir='ltr'>aquae</span> <span class='ocrx_word' id='word_1_213' title='bbox 1172 3558 1209 3610; x_wconf 89' lang='lat' dir='ltr'>et</span> <span class='ocrx_word' id='word_1_214' title='bbox 1238 3540 1412 3636; x_wconf 83' lang='lat' dir='ltr'>sanguinis</span> <span class='ocrx_word' id='word_1_215' title='bbox 1427 3568 1538 3624; x_wconf 84' lang='lat' dir='ltr'>cum.</span> 
     </span>
     <span class='ocr_line' id='line_1_28' title="bbox 294 3628 1513 3725; baseline 0.004 -15"><span class='ocrx_word' id='word_1_216' title='bbox 294 3634 508 3719; x_wconf 82' lang='lat' dir='ltr'>effluxione3</span> <span class='ocrx_word' id='word_1_217' title='bbox 541 3629 594 3703; x_wconf 92' lang='lat' dir='ltr'>uti</span> <span class='ocrx_word' id='word_1_218' title='bbox 619 3629 699 3725; x_wconf 91' lang='lat' dir='ltr'>Joh.</span> <span class='ocrx_word' id='word_1_219' title='bbox 727 3628 825 3702; x_wconf 82' lang='lat' dir='ltr'>XIX.</span> <span class='ocrx_word' id='word_1_220' title='bbox 850 3628 1008 3724; x_wconf 82' lang='lat' dir='ltr'>expresse</span> <span class='ocrx_word' id='word_1_221' title='bbox 1031 3654 1259 3708; x_wconf 89' lang='lat' dir='ltr'>memoratum</span> <span class='ocrx_word' id='word_1_222' title='bbox 1285 3633 1356 3725; x_wconf 90' lang='lat' dir='ltr'>est,</span> <span class='ocrx_word' id='word_1_223' title='bbox 1397 3658 1438 3712; x_wconf 90' lang='lat' dir='ltr'>ut</span> <span class='ocrx_word' id='word_1_224' title='bbox 1461 3640 1513 3716; x_wconf 85' lang='lat' dir='ltr'>de</span> 
     </span>
     <span class='ocr_line' id='line_1_29' title="bbox 294 3721 1509 3834; baseline 0.003 -29"><span class='ocrx_word' id='word_1_225' title='bbox 294 3728 583 3834; x_wconf 87' lang='lat' dir='ltr'>prophetiarum,</span> <span class='ocrx_word' id='word_1_226' title='bbox 610 3747 697 3819; x_wconf 87' lang='lat' dir='ltr'>quae</span> <span class='ocrx_word' id='word_1_227' title='bbox 722 3721 772 3794; x_wconf 93' lang='lat' dir='ltr'>ibi</span> <span class='ocrx_word' id='word_1_228' title='bbox 804 3722 976 3812; x_wconf 88' lang='lat' dir='ltr'>citantur,</span> <span class='ocrx_word' id='word_1_229' title='bbox 1002 3727 1238 3820; x_wconf 81' lang='lat' dir='ltr'>inpbement0,</span> <span class='ocrx_word' id='word_1_230' title='bbox 1265 3729 1362 3805; x_wconf 83' lang='lat' dir='ltr'>simui</span> <span class='ocrx_word' id='word_1_231' title='bbox 1385 3733 1509 3810; x_wconf 88' lang='lat' dir='ltr'>deve·</span> 
     </span>
     <span class='ocr_line' id='line_1_30' title="bbox 297 3818 1507 3925; baseline 0.002 -21"><span class='ocrx_word' id='word_1_232' title='bbox 297 3830 405 3904; x_wconf 81' lang='lat' dir='ltr'>ritate</span> <span class='ocrx_word' id='word_1_233' title='bbox 432 3821 610 3918; x_wconf 88' lang='lat' dir='ltr'>corporis,</span> <span class='ocrx_word' id='word_1_234' title='bbox 653 3843 693 3891; x_wconf 89' lang='lat' dir='ltr'>ac</span> <span class='ocrx_word' id='word_1_235' title='bbox 718 3818 929 3892; x_wconf 86' lang='lat' dir='ltr'>certitudine</span> <span class='ocrx_word' id='word_1_236' title='bbox 957 3824 1099 3913; x_wconf 89' lang='lat' dir='ltr'>mortis,</span> <span class='ocrx_word' id='word_1_237' title='bbox 1168 3827 1283 3899; x_wconf 87' lang='lat' dir='ltr'>ublice</span> <span class='ocrx_word' id='word_1_238' title='bbox 1309 3827 1507 3925; x_wconf 87' lang='lat' dir='ltr'>constaret,</span> 
     </span>
     <span class='ocr_line' id='line_1_31' title="bbox 296 3850 1505 4024; baseline 0.001 -25"><span class='ocrx_word' id='word_1_239' title='bbox 296 3921 443 3999; x_wconf 84' lang='lat' dir='ltr'>honeste</span> <span class='ocrx_word' id='word_1_240' title='bbox 459 3942 531 3993; x_wconf 92' lang='lat' dir='ltr'>non</span> <span class='ocrx_word' id='word_1_241' title='bbox 557 3915 799 4024; x_wconf 22' lang='lat' dir='ltr'>tantum-sed</span> <span class='ocrx_word' id='word_1_242' title='bbox 825 3933 861 3988; x_wconf 91' lang='lat' dir='ltr'>et</span> <span class='ocrx_word' id='word_1_243' title='bbox 884 3914 1103 4008; x_wconf 86' lang='lat' dir='ltr'>honorifice,</span> <span class='ocrx_word' id='word_1_244' title='bbox 1132 3850 1302 4016; x_wconf 54' lang='lat' dir='ltr'>sipultum</span> <span class='ocrx_word' id='word_1_245' title='bbox 1326 3947 1411 3998; x_wconf 85' lang='lat' dir='ltr'>mox</span> <span class='ocrx_word' id='word_1_246' title='bbox 1431 3927 1505 4020; x_wconf 91' lang='lat' dir='ltr'>est,</span> 
     </span>
     <span class='ocr_line' id='line_1_32' title="bbox 297 4010 1508 4112; baseline 0.004 -22"><span class='ocrx_word' id='word_1_247' title='bbox 297 4018 497 4102; x_wconf 88' lang='lat' dir='ltr'>aduobus,</span> <span class='ocrx_word' id='word_1_248' title='bbox 523 4013 695 4109; x_wconf 79' lang='lat' dir='ltr'>dignitate</span> <span class='ocrx_word' id='word_1_249' title='bbox 721 4010 926 4102; x_wconf 82' lang='lat' dir='ltr'>illustribus,</span> <span class='ocrx_word' id='word_1_250' title='bbox 954 4013 1058 4102; x_wconf 90' lang='lat' dir='ltr'>viris,</span> <span class='ocrx_word' id='word_1_251' title='bbox 1084 4015 1239 4109; x_wconf 87' lang='lat' dir='ltr'>Josepho</span> <span class='ocrx_word' id='word_1_252' title='bbox 1264 4019 1443 4112; x_wconf 85' lang='lat' dir='ltr'>senatore,</span> <span class='ocrx_word' id='word_1_253' title='bbox 1469 4045 1508 4099; x_wconf 88' lang='lat' dir='ltr'>et</span> 
     </span>
     <span class='ocr_line' id='line_1_33' title="bbox 297 4106 1511 4203; baseline 0.005 -13"><span class='ocrx_word' id='word_1_254' title='bbox 297 4112 503 4191; x_wconf 90' lang='lat' dir='ltr'>Nicodemo</span> <span class='ocrx_word' id='word_1_255' title='bbox 530 4111 609 4183; x_wconf 91' lang='lat' dir='ltr'>viro</span> <span class='ocrx_word' id='word_1_256' title='bbox 636 4106 823 4203; x_wconf 88' lang='lat' dir='ltr'>primario,</span> <span class='ocrx_word' id='word_1_257' title='bbox 861 4131 907 4182; x_wconf 87' lang='lat' dir='ltr'>ex</span> <span class='ocrx_word' id='word_1_258' title='bbox 933 4108 1108 4202; x_wconf 89' lang='lat' dir='ltr'>colloquio</span> <span class='ocrx_word' id='word_1_259' title='bbox 1134 4129 1233 4186; x_wconf 86' lang='lat' dir='ltr'>antea</span> <span class='ocrx_word' id='word_1_260' title='bbox 1259 4139 1338 4187; x_wconf 90' lang='lat' dir='ltr'>eum</span> <span class='ocrx_word' id='word_1_261' title='bbox 1367 4117 1511 4196; x_wconf 88' lang='lat' dir='ltr'>Christo</span> 
     </span>
     <span class='ocr_line' id='line_1_34' title="bbox 299 4202 1507 4306; baseline -0.008 -21"><span class='ocrx_word' id='word_1_262' title='bbox 299 4210 423 4285; x_wconf 84' lang='lat' dir='ltr'>habito</span> <span class='ocrx_word' id='word_1_263' title='bbox 457 4205 538 4301; x_wconf 83' lang='lat' dir='ltr'>Joh.</span> <span class='ocrx_word' id='word_1_264' title='bbox 564 4206 628 4277; x_wconf 84' lang='lat'><em>111.</em></span> <span class='ocrx_word' id='word_1_265' title='bbox 654 4222 751 4279; x_wconf 80' lang='lat' dir='ltr'>noto</span> <span class='ocrx_word' id='word_1_266' title='bbox 800 4202 882 4275; x_wconf 84' lang='lat' dir='ltr'>Fuit</span> <span class='ocrx_word' id='word_1_267' title='bbox 906 4223 1045 4292; x_wconf 89' lang='lat' dir='ltr'>autem,</span> <span class='ocrx_word' id='word_1_268' title='bbox 1077 4225 1116 4284; x_wconf 86' lang='lat' dir='ltr'>ut</span> <span class='ocrx_word' id='word_1_269' title='bbox 1139 4231 1183 4281; x_wconf 80' lang='lat' dir='ltr'>cx</span> <span class='ocrx_word' id='word_1_270' title='bbox 1207 4210 1507 4306; x_wconf 62' lang='lat' dir='ltr'>Euangelistarum</span> 
     </span>
     <span class='ocr_line' id='line_1_35' title="bbox 300 4297 1504 4405; baseline 0.003 -26"><span class='ocrx_word' id='word_1_271' title='bbox 300 4308 409 4401; x_wconf 86' lang='lat' dir='ltr'>liquet</span> <span class='ocrx_word' id='word_1_272' title='bbox 426 4302 632 4389; x_wconf 90' lang='lat' dir='ltr'>collatione,</span> <span class='ocrx_word' id='word_1_273' title='bbox 658 4322 743 4394; x_wconf 87' lang='lat' dir='ltr'>pura</span> <span class='ocrx_word' id='word_1_274' title='bbox 760 4297 922 4388; x_wconf 82' lang='lat' dir='ltr'>sindone,</span> <span class='ocrx_word' id='word_1_275' title='bbox 948 4322 1027 4373; x_wconf 93' lang='lat' dir='ltr'>cum</span> <span class='ocrx_word' id='word_1_276' title='bbox 1043 4299 1180 4376; x_wconf 89' lang='lat' dir='ltr'>sudario</span> <span class='ocrx_word' id='word_1_277' title='bbox 1194 4301 1232 4376; x_wconf 91' lang='lat' dir='ltr'>in</span> <span class='ocrx_word' id='word_1_278' title='bbox 1252 4306 1392 4398; x_wconf 86' lang='lat' dir='ltr'>capite,</span> <span class='ocrx_word' id='word_1_279' title='bbox 1419 4312 1504 4405; x_wconf 85' lang='lat' dir='ltr'>Joh.</span> 
     </span>
     <span class='ocr_line' id='line_1_36' title="bbox 295 4394 1503 4498; baseline 0.004 -23"><span class='ocrx_word' id='word_1_280' title='bbox 295 4401 378 4483; x_wconf 86' lang='lat' dir='ltr'>XX:</span> <span class='ocrx_word' id='word_1_281' title='bbox 414 4421 448 4497; x_wconf 82' lang='lat'>7.</span> <span class='ocrx_word' id='word_1_282' title='bbox 479 4421 521 4477; x_wconf 83' lang='lat' dir='ltr'>ac</span> <span class='ocrx_word' id='word_1_283' title='bbox 552 4394 764 4481; x_wconf 81' lang='lat' dir='ltr'>aromatibus</span> <span class='ocrx_word' id='word_1_284' title='bbox 793 4395 953 4496; x_wconf 84' lang='lat' dir='ltr'>myrrhae</span> <span class='ocrx_word' id='word_1_285' title='bbox 988 4413 1026 4471; x_wconf 89' lang='lat' dir='ltr'>et</span> <span class='ocrx_word' id='word_1_286' title='bbox 1056 4399 1175 4494; x_wconf 76' lang='lat' dir='ltr'>does,</span> <span class='ocrx_word' id='word_1_287' title='bbox 1221 4399 1503 4498; x_wconf 84' lang='lat' dir='ltr'>aNicodemo,</span> 
     </span>
     <span class='ocr_line' id='line_1_37' title="bbox 1374 4522 1506 4600; baseline -0.015 -23"><span class='ocrx_word' id='word_1_288' title='bbox 1374 4522 1506 4600; x_wconf 78' lang='lat' dir='ltr'>magna</span> 
     </span>
    </p>
   </div>
   <div class='ocr_carea' id='block_1_5' title="bbox 0 0 1835 5500">
    <p class='ocr_par' dir='ltr' id='par_1_5' title="bbox 0 0 1835 5500">
     <span class='ocr_line' id='line_1_38' title="bbox 0 0 1835 5500; baseline 0 0"><span class='ocrx_word' id='word_1_289' title='bbox 0 0 1835 5500; x_wconf 95' lang='lat' dir='ltr'> </span> 
     </span>
    </p>
   </div>
  </div>
 </body>
</html>
