3609 5500
276 974 344 1050 „2
651 943 953 1048 mutatores.
982 945 1099 1049 emp.

277 1145 343 1222 per
374 1122 490 1217 Jesutn
524 1125 708 1216 barnem,
749 1147 787 1199 et
820 1152 885 1222 per
914 1126 1090 1202 Christum
1126 1130 1235 1205 Deum
1268 1127 1495 1228 intelligens,

279 1218 522 1315 charumque
545 1245 619 1294 nsn
652 1223 881 1316 p;rsonaliter
912 1246 950 1296 et
987 1224 1264 1321 inseparabiliter
1302 1250 1384 1299 cunr
1415 1229 1499 1323 Jesu

280 1315 416 1386 unitum
442 1316 562 1401 ttjz,
588 1317 645 1389 sed
660 1320 704 1389 ad
728 1340 886 1413 tempus,
910 1338 948 1390 et
974 1317 1062 1391 ficut
1078 1344 1158 1394 cum
1178 1322 1387 1417 prophetis,
1412 1344 1498 1395 cen·

280 1411 361 1484 suit.
412 1413 495 1515 Quo
518 1413 696 1505 =los-amres
718 1417 755 1485 in
784 1438 858 1485 rma
882 1411 984 1507 epist.
1016 1416 1193 1509 respicere
1218 1418 1404 1504 censetur,
1438 1413 1501 1489 ubi

282 1530 406 1579 corum
430 1530 648 1579 mentior-tm
679 1508 791 1594 lecit,
834 1507 894 1604 qui
923 1506 1044 1602 Jesum
1075 1529 1197 1603 negarit
1227 1510 1299 1584 elle
1325 1513 1502 1606 Christum

281 1601 389 1704 Quos
413 1604 457 1675 ad
481 1628 614 1694 regrum
637 1608 850 1676 misenatium
873 1607 1028 1691 adunet,
1061 1627 1106 1678 ex
1125 1607 1211 1702 Cajo
1234 1625 1273 1680 et
1296 1607 1503 1703 Dionyfi0,'

281 1703 350 1776 sec
375 1700 439 1773 lll
463 1698 711 1792 scriptoribus,
741 1697 852 1769 refert
875 1699 955 1770 Eus.
988 1699 1039 1771 H
1072 1702 1140 1773 lll:
1176 1709 1233 1780 28.
1283 1701 1503 1775 Cerinthum

282 1820 350 1893 pro
370 1816 495 1866 autore
518 1794 593 1887 ejus
617 1818 688 1866 non
712 1814 844 1866 tantum
861 1792 1004 1877 haberi,
1036 1793 1097 1868 sed
1115 1814 1155 1867 et
1172 1794 1350 1885 statuisse,
1380 1797 1501 1871 Chris·

282 1914 378 1974 tum,
417 1889 572 1960 nondum
606 1888 862 1976 resuscitatum,
906 1907 991 1960 tunc
1019 1888 1161 1962 demum
1202 1890 1501 1982 resurreeturum,

283 1986 381 2061 fimus
398 2008 543 2078 regnum
568 1983 651 2055 illud
676 1984 842 2055 incarnis
865 1983 1105 2077 voluptatibus
1124 1985 1206 2081 ,sore
1223 1984 1336 2060 litum.
1392 1987 1502 2087 Quod

284 2104 350 2179 per
377 2079 494 2152 omnia
516 2102 637 2151 verum
663 2076 831 2165 nonest,
871 2095 911 2148 ut
935 2098 980 2149 ex
1001 2080 1109 2151 modo
1135 2079 1239 2153 diffie
1262 2097 1373 2176 patet.
1426 2086 1500 2160 Ex·

285 2174 385 2250 clusit
403 2175 542 2271 quidem
561 2172 748 2244 Cerinthus
765 2173 871 2245 nullas
884 2170 998 2245 licitas
1011 2172 1284 2264 deledhtiones,
1308 2176 1372 2251 sed
1389 2178 1443 2252 de·
1460 2179 1503 2251 il·

283 2270 393 2347 licitis
418 2269 505 2342 nihil
529 2267 653 2355 habet,
680 2288 746 2339 nec
770 2292 827 2339 eas
850 2265 936 2340 solas
961 2289 1110 2363 regnum
1134 2269 1218 2343 illud
1244 2271 1501 2349 constituturar

287 2367 358 2441 elle
381 2365 481 2438 disit.
533 2363 688 2435 Admitti
704 2385 843 2458 quoque
867 2360 1010 2457 nequit,
1035 2364 1175 2460 quodE
1201 2366 1320 2461 iphan.
1346 2368 1498 2459 adserit,

286 2464 494 2536 cerinthum
521 2463 579 2531 duo
603 2456 721 2554 priora
751 2481 827 2553 cap.
850 2456 1028 2530 Matthaei
1053 2389 1234 2555 rejecisle,
1271 2464 1353 2555 quia
1379 2488 1500 2539 veram

286 2560 326 2631 in
350 2556 489 2628 Christo
511 2577 674 2640 carnem,
715 2572 752 2625 et
779 2553 1001 2626 nativitatem
1027 2577 1047 2623 e
1071 2556 1219 2629 muliere
1241 2554 1380 2631 inficias
1404 2559 1495 2634 ivit:

287 2674 355 2725 nec
383 2650 478 2723 enim
512 2649 549 2721 id
571 2646 735 2744 negavit,
769 2666 809 2719 ut
835 2649 944 2719 modo
969 2646 1173 2739 observavi,
1204 2654 1288 2745 quin
1311 2653 1431 2748 Jesum
1455 2677 1499 2730 ex

288 2744 405 2823 Maria
430 2765 469 2818 et
494 2742 649 2841 Josepho
678 2740 778 2816 fuisse
803 2765 918 2816 ortum
941 2740 1079 2833 statuit,
1105 2767 1173 2818 nec
1197 2745 1280 2821 ideo
1304 2750 1422 2843 capita
1445 2750 1503 2826 illa

288 2839 504 2941 amputavit,
529 2840 588 2913 sed
612 2839 691 2935 quia
717 2840 754 2911 in
773 2838 959 2935 euangelio
983 2840 1118 2914 Matth.
1136 2840 1314 2937 secundum
1331 2845 1500 2920 Hebraeos

289 2963 364 3016 non
388 2934 617 3024 exstiterunt,
645 2959 727 3030 ·quo
751 2933 827 3007 usus
854 2932 905 3007 est
932 2933 1141 3024 cerinthus,
1182 2961 1248 3010 una
1281 2961 1362 3010 curn
1389 2943 1502 3015 Ebio-

290 3037 406 3114 naeis:
432 3033 600 3110 accedere
622 3031 739 3125 potuit
764 3051 801 3103 et
823 3029 880 3103 illa
905 3029 1016 3119 ratio,
1041 3033 1134 3127 quod
1158 3033 1323 3105 nativitas
1350 3036 1501 3134 evirgi·

290 3159 338 3209 ne
362 3134 433 3209 stne
458 3155 527 3227 ope
552 3127 644 3216 viri,
687 3150 789 3222 quarn
816 3125 983 3221 negavit,
1023 3126 1073 3198 ibi
1096 3128 1188 3230 clare
1220 3128 1261 3200 srt
1285 3130 1499 3226 consignata.

291 3236 478 3318 Ceterum,
504 3245 543 3304 ut
567 3224 603 3299 id
621 3222 736 3297 obiter
762 3224 966 3309 observem,
991 3245 1036 3293 ex
1052 3223 1213 3295 Cerinthi
1240 3223 1431 3318 opinione,
1457 3227 1503 3301 de

291 3327 501 3411 divinitate,
525 3345 590 3416 per
605 3319 858 3410 nomenClrristi
872 3317 1048 3409 expressa,
1081 3316 1210 3410 liquet,
1235 3341 1336 3412 quam
1361 3325 1504 3418 antiqua

293 3420 404 3494 suerit
436 3420 525 3492 haec
563 3413 715 3487 nominis
747 3410 874 3483 Christi
899 3434 944 3482 ex
970 3410 1108 3496 licati0,
1147 3437 1167 3483 a
1201 3414 1395 3488 Veteribus
1421 3421 1502 3494 Sec.

292 3518 362 3590 IV.
386 3513 572 3606 adoptata;
611 3508 666 3578 uti
692 3507 735 3578 ab
767 3504 908 3577 Hilario
934 3435 978 3576 <le
1007 3504 1140 3579 Trinit.
1175 3507 1196 3578 l.
1223 3509 1320 3583 XIX.
1356 3530 1393 3583 et
1418 3511 1503 3588 alibi

292 3610 418 3707 saepe,
444 3609 552 3700 Greg.
577 3601 745 3677 Naziann
771 3622 821 3674 or.
849 3607 907 3692 36.
932 3597 1093 3692 Nylseno
1116 3599 1153 3672 in
1170 3602 1365 3680 Anthirret.
1390 3605 1422 3701 s.
1441 3631 1504 3698 52.

295 3706 414 3804 cyrill.
447 3699 589 3776 Hieros.
622 3714 688 3769 cat.
713 3696 758 3767 X.
806 3694 981 3767 Archelao
1016 3692 1054 3765 in
1085 3694 1212 3790 disput.
1246 3719 1325 3771 cum
1349 3702 1504 3777 Manete

295 3801 388 3902 apud
410 3799 560 3892 Zacagn.
594 3789 631 3865 in
656 3812 810 3863 monum.
837 3790 925 3863 Vet.
952 3789 983 3887 s.
1009 3811 1068 3877 50.
1117 3792 1199 3864 Nec
1235 3793 1420 3868 defuerunt
1450 3800 1504 3871 itt·

296 3919 456 3983 tereos,
492 3889 550 3989 qui
578 3884 820 3971 divinitatem,
861 3902 1022 3981 tempore
1046 3885 1169 3957 mortis
1193 3883 1341 3977 Christi,
1380 3915 1504 3967 acor·

294 4016 385 4165 pore
409 3990 483 4085 ejus
506 3985 606 4060 fuisse
630 3979 854 4152 dispunblam,
879 3998 1086 4054 tenuerunt:
1113 4001 1150 4053 ut
1168 3983 1278 4078 liquet
1306 4007 1350 4056 ex
1367 3985 1503 4083 Epiph.

323 4111 390 4163 aer.
427 4106 473 4157 ao
497 4101 535 4154 et
559 4085 619 4153 60.
705 4073 860 4149 mbrosro
893 4075 938 4148 de
972 4075 1126 4170 symbolo
1150 4101 1180 4151 c.
1212 4103 1265 4172 13.
1301 4099 1337 4151 et
1361 4081 1504 4158 Hilario

296 4184 335 4257 in
364 4177 497 4255 Matth.
553 4197 632 4249 uem
658 4193 773 4248 tamen
807 4171 849 4242 ab
874 4169 942 4244 hac
965 4170 1137 4244 sententia
1169 4173 1351 4262 vindicare
1383 4180 1504 4254 conati

296 4277 375 4353 thur
417 4268 665 4362 Beumlrdlini,
706 4264 882 4344 noviffimi
926 4289 1074 4362 operum
1110 4267 1184 4364 ejus
1226 4268 1408 4361 editores,
1464 4275 1504 4352 in

291 4376 406 4465 Μ
1197 4455 1501 4554 §.cctxxxu
