3609 5500
819 925 925 1002 Secnl.
951 927 982 1000 J.
1467 940 1512 1032 83
1662 950 1668 960 .

283 1098 404 1174 osculo
434 1100 488 1177 est
512 1100 695 1194 salutatus,
737 1123 777 1178 ut
799 1103 968 1180 ministris
998 1104 1259 1197 innotesceret,
1303 1130 1406 1204 quem
1433 1131 1515 1204 cum

284 1216 454 1293 tanquam
476 1201 702 1297 proditorem
725 1201 974 1299 increpuisset,
1001 1204 1142 1298 reliquis
1170 1203 1240 1275 sese
1265 1213 1376 1299 palam
1403 1225 1439 1277 et
1461 1206 1514 1278 in·

283 1295 425 1392 trepide
442 1295 706 1387 manifestavit,
730 1295 828 1372 srmul
855 1301 966 1371 verbo
992 1321 1053 1370 eos
1078 1299 1229 1393 repulit,
1256 1323 1298 1370 ac
1318 1299 1353 1372 in
1386 1321 1515 1392 terram

284 1393 461 1487 projecit,
495 1415 542 1464 eo
568 1391 628 1465 sco
656 1418 701 1483 o,
742 1414 782 1466 ut
805 1418 826 1467 a
851 1393 1030 1490 discipulis
1058 1417 1179 1480 manus
1204 1393 1441 1486 abstinerent,
1474 1418 1513 1472 et

285 1490 318 1559 se
343 1490 402 1561 l'ua
428 1487 556 1587 sponte
581 1418 654 1562 seli
679 1490 841 1580 tradere,
884 1514 957 1564 non
984 1490 1143 1562 coatlum
1173 1490 1211 1562 in
1245 1514 1366 1564 manus
1391 1513 1513 1584 eorum

286 1585 435 1675 venire,
463 1584 724 1681 intelligerent:
759 1610 830 1683 quo
854 1586 965 1660 etiam
992 1587 1169 1680 pertinet,
1196 1586 1311 1683 quod,
1337 1610 1417 1658 cum
1446 1587 1511 1660 Pes

286 1702 380 1768 trus,
426 1678 549 1752 stricto
580 1683 717 1776 gladio,
760 1682 945 1756 auriculam
971 1679 1063 1754 servi
1090 1681 1273 1755 Pontisrcis
1300 1678 1512 1774 abstulillet,

287 1778 367 1850 illud
393 1776 667 1873 inprobaverit,
693 1800 881 1874 auremque
907 1777 1100 1863 sanaverit,
1127 1779 1275 1867 addens,
1301 1776 1436 1852 causam
1457 1775 1513 1852 su·

286 1897 363 1960 am,
389 1891 428 1943 et
449 1873 553 1979 regni
577 1871 651 1961 sui,
676 1872 779 1946 armis
804 1896 878 1948 non
894 1874 1077 1967 indigere,
1096 1897 1185 1970 ¹cum
1211 1874 1370 1971 legiones
1388 1875 1510 1969 Auge·

288 1971 401 2042 lorum
435 1967 543 2041 facile
570 1968 607 2040 in
636 1987 750 2042 etrate
781 1968 918 2067 pollet,
958 1972 983 2046 li
1009 1968 1045 2050 se
1069 1987 1301 2064 ereptutnet
1329 1967 1511 2061 defensum

291 2065 407 2139 vellet.
458 1993 694 2167 Quufaiio,
715 2063 896 2162 discipulis
924 2065 1006 2164 fuga
1027 2063 1094 2140 sibi
1121 2059 1411 2158 consulentibus,
1436 2064 1513 2161 ipse

289 2158 323 2234 se
346 2157 483 2234 vinciri
508 2179 547 2233 et
579 2160 706 2234 abduci
733 2160 844 2257 pasius
862 2159 933 2238 est.
980 2160 1038 2234 Ad
1062 2161 1273 2257 Caja'pltam,
1306 2155 1405 2232 istius
1427 2159 1512 2235 anni

290 2256 463 2332 summum
479 2253 712 2347 Pontificem,
739 2256 1048 2355 ubi-Synedrium,
1073 2256 1131 2330 sed
1149 2256 1267 2353 specie
1289 2276 1410 2344 tenus,
1438 2280 1512 2330 non

290 2377 434 2443 rerum,
476 2371 516 2425 et
567 2352 688 2448 roprie
715 2352 868 2443 dietum,
902 2374 977 2428 etat
1001 2373 1275 2449 congregatum,
1317 2349 1512 2425 cumesses

291 2450 443 2538 mutus,
468 2471 519 2545 po
575 2463 653 2522 uam
674 2449 823 2541 Annae,
849 2449 930 2524 viro
954 2472 1100 2545 magnae
1124 2446 1347 2535 autoritatis,
1373 2444 1433 2544 qui
1458 2443 1512 2520 so·

289 2569 345 2620 ser
370 2563 453 2620 crat
484 2544 681 2640 Cajaplrae,
720 2546 807 2620 esset
834 2545 953 2620 obiter
979 2544 1016 2618 in
1044 2544 1205 2632 transitu,
1253 2565 1292 2617 ut
1317 2540 1352 2614 se
1377 2567 1423 2617 eo
1449 2546 1511 2644 obs

291 2636 935 2738 leuaret.spe6ucuto,.nonstratus
968 2638 1095 2738 (verba
1120 2640 1217 2715 enim
1252 2639 1334 2735 Jolr,
1367 2639 1513 2718 XVlll:

292 2758 346 2831 24.
372 2735 465 2833 milit
488 2762 562 2812 eum
586 2738 686 2812 Anna
713 2742 851 2827 siusium
876 2740 921 2814 ad
945 2738 1146 2835 Cajaplsam,
1187 2738 1371 2835 pertinent
1401 2735 1445 2811 ad
1469 2733 1511 2811 fi·

288 2860 367 2911 nem
391 2831 485 2910 vers.
513 2858 569 2937 13.
596 2851 636 2906 et
659 2833 709 2907 ibi
736 2834 919 2909 inserenda
944 2834 1041 2926 sunt,
1066 2834 1165 2931 cujus
1190 2856 1228 2909 et
1255 2833 1292 2909 in
1318 2857 1363 2905 eo
1388 2832 1439 2907 est
1455 2830 1511 2907 in·

290 2933 444 3023 dicium,
479 2928 575 3026 quud
592 2931 724 3004 'Petrus
748 2932 867 3027 Jesum
891 2930 1028 3005 dicatur
1060 2932 1198 3005 secutus
1224 2929 1260 3003 in
1285 2930 1397 3004 aulam
1420 2924 1512 3002 Pon·

289 3029 423 3114 tilicis,
446 3024 581 3100 scilicet
604 3026 801 3123 Cajaphae,
826 3052 896 3124 quo
922 3026 1042 3122 itaque
1066 3025 1222 3100 Christus
1244 3026 1316 3120 jam
1342 3021 1513 3097 abdutlus

293 3123 350 3197 cst
371 3121 466 3217 julla
483 3117 640 3218 Atinae)
666 3122 869 3219 postquam,
896 3121 941 3197 de
959 3122 1120 3197 doctrina
1145 3121 1515 3222 interrogatus,·pro7

294 3214 460 3293 notasset
482 3216 526 3290 ad
537 3219 692 3314 publicas
717 3217 793 3293 suas
809 3215 1024 3305 conciones,
1048 3237 1136 3310 quae
1164 3212 1250 3285 nilril
1278 3231 1436 3284 crimmis
1451 3228 1516 3305 aut

289 3310 722 3403 seditiosicotttinebant,
749 3333 793 3388 ut
818 3313 901 3411 Jnh.
928 3310 1060 3401 refert,
1093 3307 1270 3383 accusatus
1294 3304 1436 3403 quidem
1460 3304 1513 3385 est

290 3415 470 3487 variorum
503 3410 694 3484 criminum·
723 3435 745 3484 a
770 3410 863 3484 falsu¹
894 3405 1057 3494 testibus,
1099 3407 1134 3479 in
1170 3401 1289 3500 specie
1321 3397 1437 3511 quod,
1460 3400 1513 3513 ⁸se

298 3506 464 3603 Templum
478 3506 546 3581 Det
570 3505 748 3603 destruere,
776 3527 807 3580 et
833 3509 939 3579 triduo
963 3504 1195 3600 reaedificare,
1224 3498 1328 3594 pqffe,
1354 3501 1512 3591 dixerit,

292 3604 345 3677 sed
370 3603 590 3679 testimoniis
611 3603 654 3677 ad
680 3602 888 3700 supplicium
908 3600 1062 3695 ,capitale
1087 3624 1148 3672 noa
1162 3595 1430 3693 srfftientibus,
1456 3592 1512 3766 iid

293 3701 386 3775 enim
404 3698 563 3798 phrasis,
587 3702 743 3800 pagisque
762 3723 834 3772 non
850 3719 948 3772 crant
963 3711 1046 3787 trus,
1069 3719 1135 3792 pro
1156 3709 1262 3804 smnus·
1274 3696 1390 3773 Marc.
1406 3690 1457 3764 XI
1485 3694 1512 3767 *z

291 3820 349 3887 59,
375 3818 437 3889 59.
467 3797 616 3871 ornaino
636 3793 808 3892 denotat),
835 3792 975 3870 christo
994 3808 1191 3891 propterea
1214 3811 1320 3877 etiarn
1347 3808 1513 3877 tacente,

291 3893 507 3968 allontilice
531 3894 672 3967 tandem
699 3894 998 3988 adjurannput,
1020 3887 1126 3979 fitne·
1140 3887 1301 3986 Clinislas,
1327 3887 1422 3994 filias
1446 3882 1515 3973 Dei

291 3990 486 4065 Beneditir'?
524 3990 735 4080 declararet,
769 3986 864 4061 totle
889 4006 926 4061 et
952 3981 1201 4075 modestefnon
1226 4001 1358 4069 tanturn
1385 3974 1513 4090 insinue

293 4108 344 4177 et,
368 4088 408 4160 se
425 4110 510 4160 eum
533 4085 625 4176 elle,
650 4081 1037 4178 formula,.t'nrliati(li,
1063 4080 1163 4154 sueta
1188 4080 1285 4171 ulus,
1311 4078 1370 4153 sed
1392 4076 1515 4186 addit,

299 4184 457 4277 Iudaeam
483 4200 630 4279 gentem
656 4182 700 4256 tle
725 4205 767 4256 ea
791 4179 945 4254 veritate
976 4177 1170 4276 plenillime
1196 4176 1267 4252 esse
1295 4193 1512 4250 convincen-

298 4279 392 4369 dam,
449 4279 563 4353 uaudo
591 4275 703 4375 ipsum
730 4278 773 4354 ad
802 4276 976 4374 judicium
1001 4275 1196 4349 habendum
1221 4272 1353 4346 ultimis
1377 4285 1514 4359 tempo·

299 4373 391 4452 ribus
410 4376 554 4452 videret
578 4375 807 4473 venientem,
850 4372 919 4542 mi,
929 4396 974 4447 ex
999 4375 1108 4451 Mart,
1134 4371 1269 4450 xxlst·
1297 4389 1353 4464 39,
1390 4362 1512 4535 palpgtg
1585 4412 1654 4778 ⁴

942 4492 965 4547 a
