3609 5500
1345 753 1559 833 Secul.
1608 748 1718 834 II.
2622 768 2785 858 423

359 930 437 1013 fit
478 932 634 1012 illud
674 935 1100 1031 principium,
1152 936 1377 1012 sermo
1428 935 1696 1011 scilicet
1747 938 2081 1013 voluntate
2111 929 2572 1031 simplicitatis
2621 939 2786 1015 Pa-v

361 1039 473 1108 tris
530 1032 894 1127 profili0n53
970 1056 1147 1128 quae
1196 1033 1298 1105 est
1366 1033 1514 1128 ejus
1567 1037 1978 1130 generatio,
2114 1058 2194 1107 ua
2256 1035 2765 1112 subfistentiam

363 1123 458 1201 est
502 1130 813 1222 adeptuS.
913 1130 1106 1202 Illam
1155 1146 1391 1201 autem
1426 1126 1666 1201 statuit
1715 1127 1967 1202 factam
2015 1152 2055 1201 e
2117 1155 2155 1201 e
2193 1130 2513 1226 Θελιὶματι
2543 1136 2774 1204 volun·

360 1239 488 1297 tate
535 1226 807 1312 Patris-,-
857 1226 1058 1320 plane
1110 1242 1190 1297 ut
1238 1223 1413 1320 Just.
1466 1226 1812 1321 Martyr.‚
1864 1222 1982 1296 ubi
2033 1244 2268 1299 autem
2313 1230 2507 1301 addit
2544 1232 2766 1300 volun-

364 1334 489 1391 tate
535 1318 980 1413 simplicitatis
1013 1374 1035 1409 ,
1100 1321 1343 1393 lubens
1392 1320 1702 1416 legerem
1730 1375 1751 1409 ,
1817 1322 2144 1395 voluntate
2195 1345 2280 1394 ex
2331 1322 2768 1417 simplicitate

365 1415 575 1489 Patris
630 1420 696 1505 δξ
745 1420 1086 1498 oin-mnne
1145 1416 1215 1488 h.
1266 1438 1331 1487 e.
1394 1438 1475 1487 ex
1508 1413 1794 1508 simplici
1840 1432 2080 1489 natura
2126 1419 2404 1492 Patris:
2469 1419 2643 1492 ficut
2688 1418 2755 1517 §-

371 1517 429 1590 8.
487 1510 689 1585 tradit
758 1536 920 1586 eum
992 1524 1057 1586 ἔκ
1104 1506 1409 1605 δυνάμεως
1469 1536 1551 1584 ex
1618 1510 1884 1607 effimtia
1956 1514 2177 1587 Patris
2227 1513 2602 1611 prodiiss‘e,
2687 1532 2766 1588 et

368 1604 428 1701 §.
476 1626 579 1680 10.
626 1619 688 1682 iz
731 1610 977 1705 λογὶκῆς
1019 1610 1322 1707 δυνάμεως
1363 1610 1698 1680 rationali·
1720 1622 1962 1681 natura
2011 1608 2247 1685 Patris.
2351 1610 2578 1709 Quam
2637 1633 2772 1706 ge·

378 1701 785 1777 nerationem
849 1730 1069 1801 porro
1116 1707 1416 1779 declarat
1492 1702 1742 1777 factam
1800 1699 1941 1774 effe
1986 1703 2153 1780 κατά
2194 1736 2507 1803 pupae-pov,
2555 1714 2592 1780 ὖ
2632 1702 2773 1778 κατ’

374 1801 643 1881 ἀποειπὼν
663 1797 1026 1897 secundum
1052 1801 1625 1896 participationem
1646 1837 1686 1889 ‚·
1716 1821 1838 1871 non
1872 1797 2295 1891 avulsionem:
2344 1805 2465 1877 ubi
2495 1806 2776 1900 pumicis

381 1915 515 1967 eam
560 1898 847 1971 denotat
896 1896 1555 2009 participationem,
1606 1918 1742 1991 qua
1770 1903 1880 1967 res
1931 1895 2578 1992 distinctaalterius
2608 1908 2768 1997 par&

379 1989 605 2087 ticipat
654 2012 1016 2083 naturam,
1066 2014 1169 2067 uti
1203 2015 1365 2068 cum
1410 1990 1644 2064 lumen
1692 2015 1732 2063 a
1777 1989 2044 2065 lumine
2089 1995 2542 2071 accenditur:
2592 2017 2773 2092 quae

379 2104 638 2160 naturae
685 2088 1239 2164 communicatio
1292 2108 1437 2162 non
1504 2083 1610 2159 est
1652 2082 1937 2177 amalfia,
2020 2084 2197 2162 ficut
2247 2092 2437 2164 enim
2486 2093 2780 2181 lumen,
2822 2176 2840 2186 ό

380 2180 538 2254 aliud
583 2186 976 2258 accendens
1027 2191 1300 2273 lumen,
1364 2180 1528 2254 illud
1583 2179 1891 2269 retinet,
1969 2182 2070 2253 ita
2111 2185 2353 2279 Pater,
2416 2186 2769 2260 rationem

379 2275 781 2372 producens,
857 2304 943 2354 ea
991 2303 1137 2355 non
1183 2278 1287 2354 est
1337 2279 1639 2350 orbatus.
1737 2276 1938 2377 Quae
2002 2279 2558 2355 communicatio
2606 2305 2771 2357 cum

365 2368 751 2463 stmplicitati
794 2372 946 2449 Dei
992 2373 1416 2462 conveniat,
1469 2370 1633 2444 ideo
1662 2372 1872 2468 supra
1902 2371 2218 2467 dixerat,
2270 2398 2435 2451 eum
2479 2401 2561 2452 ex
2604 2376 2773 2471 fim-

373 2468 644 2556 plicitate
684 2470 819 2543 Dei
873 2469 1007 2545 ess'e
1051 2490 1312 2546 natum.

460 2560 517 2659 §.
557 2565 806 2639 LXXI.
867 2564 1067 2669 Quae
1115 2564 1351 2641 omnia
1402 2561 1689 2660 egregie
1730 2564 2095 2641 evincunt.
2206 2587 2270 2642 1.
2320 2563 2626 2659 Filium,
2673 2587 2771 2643 ex

377 2653 555 2731 Patre
595 2658 1060 2758 productum,
1124 2660 1482 2737 ess'entiam
1534 2662 1682 2755 ejus
1731 2663 2193 2760 participare:
2272 2684 2435 2736 cum
2488 2663 2573 2736 fit
2621 2661 2772 2758 ipsa

379 2750 823 2844 Patris-ratio,
913 2756 1416 2840 substantialem
1464 2757 1729 2828 habens
1790 2757 2261 2831 existentiam.
2368 2779 2437 2830 2·
2484 2760 2766 2829 Sermo·

377 2865 523 2920 nem
543 2904 563 2936 ,
607 2851 754 2946 post
801 2853 993 2928 illam
1095 2852 1571 2927 enerationem
1594 2897 1616 2937 ,
1685 2851 2040 2947 propriam
2106 2848 2559 2924 consecutum
2625 2848 2770 2923 effe

385 2939 845 3023 fubfistentiam
873 3005 896 3040 ,
944 2973 984 3023 a
1083 2965 1234 3021 atre
1275 2943 1711 3021 distinctam:
1780 2945 1965 3040 quod
2017 2943 2305 3017 ulterius
2351 2942 2461 3017 his
2509 2945 2774 3018 confir-

385 3051 595 3108 matur
633 3045 1052 3128 rationibus,
1118 3068 1184 3118 a.
1234 3043 1393 3139 quia
1437 3062 1624 3135 myos
1652 3037 1871 3137 sermo
1935 3061 1977 3113 a
2018 3049 2238 3139 λογικῇ
2293 3040 2609 3114 rationali
2641 3040 2769 3114 Pa-

381 3129 500 3204 tris
546 3139 776 3233 δυναμει
828 3141 1128 3235 potentia
1173 3137 1625 3233 distinguitur
1686 3141 1749 3210 b.
1800 3137 2181 3232 adpellatur
2258 3135 2496 3232 πιεόμα
2556 3136 2772 3230 Spiris·

383 3238 479 3297 tus
514 3252 588 3304 ex
627 3237 825 3311 Patre
895 3254 1132 3324 natuS,
1213 3259 1270 3314 c.
1322 3235 1467 3307 imo
1517 3237 1682 3328 tm,
1744 3251 1896 3325 opus
1942 3232 2169 3306 Patris
2225 3235 2772 3329 primogenitum}⁵
2827 3240 2836 3249 '

430 3343 536 3396 uae
575 3351 732 3408 vera
776 3329 885 3407 est
928 3330 1184 3419 lectio,
1233 3334 1297 3405 d.
1350 3329 1575 3403 sermo
1635 3345 1832 3401 natus
1876 3329 2152 3401 Patrem
2199 3347 2516 3427 negatur.
2550 3327 2763 3404 fecis⁴

420 3439 451 3484 e
489 3425 731 3519 ὀλογους
792 3450 1005 3525 quare
1070 3444 1270 3500 extra
1315 3425 1586 3498 Patrem
1635 3422 1925 3518 oportet
1979 3419 2312 3497 statuatur
2361 3422 2773 3514 subfistere,

389 3531 442 3582 σ.
486 3513 831 3598 similitudo
882 3523 1136 3596 luminis
1200 3548 1244 3594 a
1290 3523 1522 3593 lumine
1568 3515 1820 3610 accensi
1878 3517 2066 3590 idem
2123 3518 2415 3593 omnino
2473 3519 2767 3592 demon·

390 3602 569 3702 strat,
613 3621 713 3691 uti
743 3622 944 3714 supra
972 3617 1045 3690 in
1090 3611 1261 3713 Just.
1296 3616 1405 3688 M.
1458 3613 1778 3688 vidimus.
1875 3613 2209 3706 Denique
2306 3671 2323 3688 .
2374 3612 2766 3686 sermonem

299 3799 302 3803 ,
391 3696 508 3776 effe
544 3709 734 3787 Patre
781 3712 1068 3810 originis
1129 3708 1445 3807 respectu
1495 3708 1948 3795 inferiorem,
2030 3704 2222 3780 fimul
2270 3707 2437 3781 mde
2484 3709 2762 3805 liquet,

301 3810 302 3863 ᾗ
390 3814 525 3872 cum
579 3802 659 3878 fit
735 3805 881 3901 ejus
930 3824 1121 3901 opus,
1206 3828 1297 3880 ex
1341 3807 1546 3878 Patre
1592 3822 1827 3894 ortus,
1908 3821 1987 3876 ut
2035 3803 2271 3876 lumen
2319 3828 2408 3878 ex
2460 3803 2765 3892 lumine,

303 3920 308 3966 μ
394 3904 456 3959 et
497 3918 655 3989 quae
702 3904 837 3978 alia
883 3901 1036 3977 sunt
1089 3924 1180 3975 ex
1225 3899 1543 3974 doctrina
1595 3897 1763 3995 Just.
1815 3899 1928 3973 M.
1979 3897 2181 3973 facile
2234 3900 2554 3995 petenda.

465 3987 519 4084 §-
562 3992 847 4072 LXXII.
911 3999 1277 4086 Irenaeu8‚
1329 4014 1411 4069 ut
1454 3995 1603 4092 ejus
1649 3992 2036 4068 doftrinam
2074 4017 2356 4091 quoque
2414 3993 2487 4069 in
2535 3995 2757 4066 lucem

312 4162 316 4166 .
396 4084 748 4181 Proferam,
838 4091 1266 4167 Trinitatem
1339 4091 1413 4165 in
1477 4113 1737 4188 genere
1804 4089 2152 4164 confess'us
2211 4088 2353 4176 est,
2437 4107 2765 4182 tanquam

392 4190 793 4293 Pommunem
852 4186 1199 4267 Ecclesiae
1257 4181 1465 4263 fidem
1492 4239 1511 4271 ‚
1576 4183 1735 4260 adv.
1806 4185 2041 4277 Haer„
2092 4185 2138 4259 1.
2201 4186 2339 4259 lV.
2409 4204 2474 4256 c.
2523 4190 2597 4276 6,
2650 4204 2761 4273 33.

1449 4281 1650 4379 Ggg
1692 4303 1741 4374 4
2632 4277 2769 4354 sed
