3609 5500
479 989 486 996 -
609 975 683 1053 770
1012 940 1165 1043 Historia
1186 940 1323 1044 Eccles.
1347 943 1465 1049 (liris.

613 1137 665 1211 H.
689 1133 783 1211 Vlla
805 1150 861 1228 ¹3·
888 1125 949 1228 qui
975 1146 1010 1204 c.
1038 1149 1094 1220 15.
1118 1149 1245 1239 pacem
1271 1128 1410 1207 canois
1434 1127 1601 1208 Ecclesrir
1627 1130 1734 1212 suiffe

611 1231 720 1305 diram
747 1226 929 1304 adfirmat:
956 1248 1058 1324 quam
1085 1242 1193 1300 etiam
1218 1230 1265 1303 ob
1292 1229 1429 1304 causam
1448 1229 1633 1305 Gallienus
1654 1255 1675 1307 a
1696 1235 1734 1306 D.

610 1328 714 1403 Alex.
739 1327 832 1423 apud
857 1324 937 1398 Iius.
971 1325 1019 1397 ib.
1047 1346 1080 1398 c.
1106 1345 1165 1419 23.
1191 1324 1252 1398 fin.
1276 1322 1506 1424 rellgr'ostfflmi
1536 1346 1569 1401 er
1594 1328 1666 1403 Dei
1687 1352 1734 1401 an

603 1421 684 1516 fimi
709 1422 830 1520 elogio
856 1439 1010 1495 ornatur.
1060 1418 1161 1520 Quae
1185 1443 1257 1518 pax
1279 1421 1385 1519 usque
1408 1424 1452 1499 ad
1470 1423 1734 1501 Diocletianear

609 1518 706 1593 ravit
728 1515 1032 1616 persecutionem,
1058 1538 1250 1614 parumper
1272 1536 1408 1593 tantum
1426 1542 1491 1616 pet
1506 1522 1628 1595 levem
1646 1544 1734 1617 quau

612 1633 652 1688 et
682 1612 916 1688 breviffimam
947 1611 1061 1705 illam,
1096 1612 1280 1689 Aureliani
1316 1616 1533 1713 interrupta:
1574 1618 1678 1714 cujus
1710 1642 1734 1693 n

608 1710 733 1808 paucis
758 1709 811 1786 est
837 1704 958 1784 danda.
1658 1789 1661 1796 Ι

657 1806 690 1906 s.
714 1807 840 1880 CLXI.
879 1805 991 1878 Nona
1014 1806 1161 1899 ordine,
1186 1807 1377 1883 secundum
1404 1810 1463 1881 vul
1489 1827 1582 1883 atam
1609 1805 1734 1904 opinio

611 1923 698 1979 vere
722 1901 825 1999 hujus
850 1898 959 1974 seculi
977 1922 1118 1999 quarta,
1143 1904 1349 1979 adscribitur
1371 1832 1586 1994 Aureliano,
1611 1903 1734 1981 strenu

609 2000 776 2074 Romano
801 1996 945 2095 inperio
970 1997 1169 2090 utilissimo,
1193 1999 1309 2097 princi
1337 2000 1369 2090 i,
1395 2001 1455 2096 qui
1482 2023 1540 2074 res
1557 2001 1726 2096 collapsas

609 2092 798 2171 dammodo
830 2090 1006 2181 restituit,
1047 2095 1106 2168 sed
1141 2095 1185 2169 ad
1212 2026 1453 2171 crudditarem
1486 2094 1723 2192 propenfiori.

609 2189 667 2267 vit
691 2187 766 2284 ipse
791 2187 999 2263 ChristIanir
1023 2187 1061 2262 in
1086 2190 1271 2289 principio
1294 2191 1460 2288 inpense,
1486 2191 1546 2266 sed
1563 2190 1730 2288 processu

608 2283 726 2384 poris,
756 2284 860 2382 paulo
875 2303 959 2360 ante
982 2304 1159 2377 mortem,
1184 2292 1376 2383 quorundam
1404 2285 1548 2379 confilir'r
1573 2291 1680 2381 coepit
1705 2293 1734 2361 in

607 2399 645 2458 ul
673 2377 925 2477 perserun’onem
952 2400 1090 2457 morerer
1121 2399 1236 2458 contra
1270 2382 1489 2481 Christianos,
1533 2401 1573 2456 ut
1609 2383 1728 2480 inquit

609 2480 662 2555 Η.
688 2480 756 2552 VI:
786 2502 844 2574 30.
868 2478 939 2569 fin,
973 2478 1033 2573 qui
1062 2502 1147 2554 mox
1170 2478 1369 2577 subjungit,
1403 2503 1476 2555 eum
1495 2495 1653 2575 paratum
1671 2484 1734 2577 jan

608 2571 791 2667 compostrr'r
806 2590 919 2647 contra
937 2596 994 2646 nor
1009 2574 1139 2665 edidit,
1164 2591 1201 2647 ur
1218 2578 1269 2646 ita
1284 2577 1442 2664 dixerim,
1455 2573 1734 2671 subscribentem.

606 2668 656 2771 est
679 2670 790 2742 dirr’na
808 2666 970 2766 justitr'a,
1009 2668 1100 2766 quast
1128 2668 1291 2768 constricto
1315 2673 1422 2748 cubito
1447 2686 1599 2747 conatum
1624 2677 1702 2769 ejus
1727 2700 1734 2747 r

608 2786 718 2843 aretas:
734 2763 883 2861 fulmine
910 2763 1064 2857 scilicet,
1091 2786 1131 2840 nt
1158 2767 1233 2862 ipse
1250 2766 1301 2843 ait
1317 2768 1355 2843 in
1379 2767 1534 2860 Chaon,
1557 2767 1603 2842 ad
1628 2791 1712 2843 ann.

617 2871 708 2937 'urta
733 2885 824 2949 turra,
858 2863 1049 2958 comiterque
1072 2867 1164 2959 ejus,
1190 2879 1313 2939 ruente.
1362 2865 1417 2939 Ex
1448 2887 1518 2960 quo
1542 2863 1635 2951 loco,
1651 2864 1734 2938 Dod

603 2892 633 3037 I.
658 2984 690 3035 c.
718 2956 876 3054 colligit,
918 2955 1128 3032 intentatam
1160 2960 1301 3056 quidem
1325 2961 1367 3034 ab
1393 2959 1490 3056 ipso,
1533 2957 1595 3033 sed
1620 2983 1734 3034 eaecu

609 3082 683 3132 non
710 3055 779 3130 elle
804 3054 1000 3129 mandatam
1027 3054 1327 3151 persecutionem,
1369 3055 1527 3152 adeoque
1550 3058 1665 3143 nullos
1690 3060 1734 3131 sul

610 3152 827 3251 martyrium.
881 3151 948 3225 Cui
968 3151 1039 3225 sese
1058 3152 1220 3228 Ruinart.
1239 3153 1276 3226 iu
1294 3150 1417 3249 primis
1434 3150 1602 3246 opposuit
1625 3153 1647 3226 l.
1665 3176 1698 3226 c.
1722 3156 1734 3226 I

607 3252 690 3326 dem
723 3272 798 3322 eam
824 3245 937 3345 magis
967 3248 1193 3337 intentatam,
1225 3272 1328 3347 quarn
1353 3246 1537 3337 effodiam,
1575 3247 1734 3356 dicidel

607 3349 770 3443 adeoque
788 3343 851 3419 vix
868 3342 1061 3418 incensum
1084 3345 1229 3435 venire,
1253 3369 1325 3420 non
1349 3344 1579 3441 negaverim,
1604 3368 1734 3440 quippe

604 3441 685 3515 Eus.
714 3443 822 3514 verba
846 3464 918 3514 non
944 3458 1079 3516 tanturn
1102 3441 1236 3517 diredle
1263 3442 1433 3529 tendunt,
1465 3438 1524 3515 sed
1541 3439 1637 3536 quod
1661 3462 1708 3513 ex

603 3554 692 3612 tant.
734 3536 824 3608 milri
860 3536 970 3611 dubio
1005 3560 1123 3613 carere
1158 3537 1321 3614 videtur:
1361 3535 1422 3634 qui
1445 3535 1525 3611 lte.
1550 3558 1626 3632 cap.
1652 3535 1732 3608 6.d

601 3633 776 3711 ,surclano
786 3656 825 3705 ne
838 3635 991 3730 perficere
1007 3636 1150 3725 quidem,
1175 3657 1255 3728 quae
1271 3638 1492 3728 cogitaverat,
1519 3632 1598 3703 licui
1624 3658 1659 3718 e,
1666 3627 1729 3724 scd

601 3737 691 3807 rinus
716 3734 802 3805 inter
828 3733 928 3803 inilia
942 3727 1074 3825 furorir
1096 3727 1153 3827 sui
1177 3727 1365 3826 exstindum
1389 3727 1460 3823 effe.
1514 3729 1616 3825 Quae
1639 3725 1734 3836 etiam

599 3827 714 3915 ratio,
767 3849 848 3899 aare
873 3827 932 3898 Sul
962 3881 971 3900 .
998 3827 1119 3902 Seuer.
1145 3828 1219 3925 ejus
1245 3848 1317 3901 non
1342 3843 1479 3909 tanturn
1502 3845 1575 3896 non
1597 3845 1734 3896 mernm

597 3926 661 4002 sed
696 3852 771 4020 ipse
804 3919 883 3994 Eus.
910 3850 960 3995 li
986 3921 1093 3996 VIII:
1116 3945 1153 4012 4.
1179 3946 1256 3997 eam
1288 3945 1428 4017 quoque
1461 3916 1601 3992 silentio
1636 3916 1734 3993 invol

597 4046 680 4101 cunr
716 4038 854 4114 tempus
887 4013 1135 4090 intermedium
1160 4041 1180 4091 a
1206 4016 1401 4093 Valeriano
1433 4014 1477 4088 ad
1511 4015 1671 4090 ultimam
1708 4041 1734 4114 p

595 4117 779 4197 curionem
805 4109 1087 4186 Diocletianeam
1112 4110 1263 4206 adpellet
1281 4114 1379 4202 pacis
1398 4128 1557 4204 tempus,
1584 4135 1655 4208 quo
1681 4113 1734 4186 Sat

597 4219 671 4292 alto
699 4209 791 4308 quast
817 4203 951 4305 sopitus
973 4205 1098 4279 somno
1125 4206 1216 4294 fuit,
1240 4228 1310 4279 nec
1344 4203 1408 4280 nili
1426 4207 1516 4280 clam
1542 4206 1724 4283 Ecclesiae

594 4311 719 4386 diatus.
772 4303 871 4406 Quae
895 4299 1174 4400 martyrologiis,
1207 4324 1295 4481 puae
1311 4299 1536 4392 innumeros,
1563 4306 1734 4402 praecipu

592 4402 742 4513 Galliis,
766 4393 936 4484 exstitille
959 4415 1134 4496 martyres
1154 4417 1211 4485 tra
1237 4417 1322 4498 unt,
1345 4398 1433 4482 fidei
1448 4397 1683 4498 denegandae
1698 4402 1734 4479 su
