3609 5500
836 502 944 577 Serus.
963 503 1014 574 ll.
1469 508 1538 597 367

286 676 545 774 eredendum,
583 682 729 758 ulterius
752 684 796 757 ad
825 681 1099 755 Gnosticismum
1120 675 1304 769 deflexit,.
1322 685 1460 762 aeonas,
1477 680 1535 756 io-

282 780 551 871 troducendo‚
593 777 733 876 nuptias
757 777 985 867 detestando,
1025 793 1063 850 et
1091 796 1233 847 carnem
1257 797 1378 856 veram
1403 773 1535 856 Christi

288 876 489 972 negando.
538 877 744 962 Praeterea,
771 874 945 946 Adamum
969 872 1085 946 salutis
1104 869 1206 943 fuisse
1228 891 1434 968 compotem
1459 871 1535 946 sac·

286 979 406 1060 turn,
430 970 568 1044 inficias
588 969 689 1044 ivisse
721 968 872 1059 dicitur,
907 987 944 1040 et
969 970 1012 1041 ab
1037 968 1097 1041 usu
1116 963 1429 1056 viniabstinuilse,
1463 990 1530 1045 un·

290 1060 357 1135 de
383 1067 588 1140 Eocratitae
613 1066 775 1161 adpellari
792 1063 869 1138 sunt
886 1063 960 1158 ejus
977 1062 1149 1151 adseclae,
1174 1058 1281 1132 etiam
1305 1059 1537 1157 hydroparas.

290 1169 424 1252 tatae,
449 1185 491 1235 ac
516 1160 668 1257 aquarii,
701 1160 781 1258 quia
808 1158 846 1233 in
871 1160 904 1231 S.
931 1161 1049 1231 Coena
1074 1180 1159 1251 aqua
1179 1157 1386 1230 utebantur:
1420 1156 1532 1250 majo·

292 1269 388 1329 rem
409 1255 519 1332 etiarn
541 1255 757 1331 adfectantes
781 1252 1053 1350 abnegationem
1087 1255 1223 1326 saccum
1254 1249 1451 1347 gestarum,
1492 1268 1536 1328 et

294 1345 517 1448 faecophori
541 1349 628 1425 dieti
656 1352 754 1441 sunt,
788 1349 962 1446 denique,
1002 1348 1082 1445 quia
1107 1350 1198 1420 bona
1223 1346 1282 1420 sua
1308 1347 1347 1422 iu
1373 1369 1536 1435 coturnu-¹

293 1458 356 1516 ne
380 1447 599 1535 detulerunt,
630 1446 840 1542 apotadiici,
882 1446 990 1518 etiam
1014 1441 1235 1539 Apostolici,
1253 1511 1255 1516 .
1272 1441 1528 1541 cognominati.

301 1535 374 1615 Ad
418 1566 482 1617 uae
506 1544 578 1616 duo
604 1559 739 1615 tantum
763 1540 976 1616 observanda
1000 1538 1137 1628 habeo,
1161 1563 1280 1626 unum,
1313 1540 1403 1613 male
1426 1540 1532 1633 inpu-

304 1567 561 1712 tariql'ariano
585 1661 607 1709 o
634 1637 792 1711 inionem
818 1637 991 1724 decarne
1016 1633 1144 1708 Christi
1170 1632 1356 1729 putatitia,
1389 1652 1428 1706 ut
1453 1636 1534 1708 Do-

306 1746 415 1806 tetae
436 1731 574 1830 opinati
598 1661 697 1823 liant,
735 1756 781 1807 ex
804 1755 913 1829 prava
943 1728 1096 1805 leciione
1121 1730 1273 1805 Hieron.
1298 1728 1342 1806 ad
1368 1730 1445 1806 Gal.
1458 1727 1535 1838 ‘ubi

311 1840 389 1914 pro
408 1827 562 1904 Tatiano
594 1827 663 1926 leg.
697 1829 889 1916 Callianus,
930 1825 1033 1921 hujus
1063 1826 1172 1900 etiarn
1207 1823 1402 1920 temporis3
1444 1828 1533 1902 lrcet

318 1933 403 1994 etun
422 1924 616 1998 Valentino
645 1945 786 1998 carnem
822 1948 843 1997 e
877 1923 979 1997 coelo
1006 1922 1161 2011 venille,
1202 1940 1239 1994 et
1262 1945 1328 2016 per
1350 1922 1534 2014 Mariam,

321 2023 475 2114 tanquam
491 2019 647 2095 canalem
663 2017 850 2111 transiisse,
876 2017 1050 2106 volueiit,
1072 2021 1234 2106 alterum,
1260 2016 1399 2094 Adamo
1417 2042 1528 2115 prop-

324 2120 415 2188 terea
433 2114 535 2190 fuisse
561 2116 705 2189 salutem
727 2118 772 2189 ab
795 2116 872 2212 ipso
899 2134 1081 2211 negatam,
1107 2113 1199 2209 quod
1224 2112 1394 2208 conjugio
1419 2114 1531 2198 fuerit

255 2211 259 2232 ²
328 2207 418 2301 uua,
451 2211 490 2284 in
515 2233 586 2307 quo
606 2231 794 2309 peccatum
821 2211 949 2284 Adami
973 2208 1112 2305 posuit,
1144 2228 1226 2282 eum
1245 2207 1343 2297 aliis,
1382 2233 1534 2305 quorum

332 2305 481 2381 meminit
505 2307 617 2380 Clem.
640 2307 744 2382 Alex.
771 2310 900 2381 Strotn.
926 2307 949 2378 l
976 2305 1041 2378 Ill.
1091 2303 1178 2379 Vrd.
1203 2301 1326 2381 novili
1354 2304 1439 2402 Just.
1465 2309 1528 2386 M.

334 2397 432 2474 editor
465 2401 504 2476 in
532 2400 643 2500 praes.
675 2426 715 2501 p.
749 2403 818 2475 ΙΙΙ.
875 2402 975 2500 Plura
1000 2400 1048 2472 de
1080 2399 1234 2473 Tatiano
1268 2418 1305 2474 et
1332 2400 1534 2484 Encratitic

334 2486 360 2568 lu
447 2495 511 2572 'tat
542 2498 585 2573 1„
611 2496 657 2571 du
689 2501 783 2571 Four
822 2498 871 2573 de
898 2498 1115 2591 Longuerue
1152 2494 1191 2569 in
1222 2493 1368 2571 Differt.
1400 2497 1533 2582 inserta

393 2591 604 2668 ‚baerefiot
630 2594 662 2689 J.
688 2594 803 2691 Vogt.
1024 2589 1052 2600 ”
1140 2653 1142 2660 .
1293 2655 1337 2692 s
1525 2671 1527 2676 .

365 2685 395 2788 ς,
417 2689 519 2765 ΧΧΙ.
550 2688 605 2764 Ex
627 2687 765 2786 scriptis
782 2686 927 2763 Tatiani
942 2688 1033 2761 bene
1050 2685 1189 2775 multis,
1215 2708 1303 2782 quae
1320 2686 1527 2784 perierturt,

325 2782 387 2859 sola
404 2784 449 2860 ad
470 2807 592 2859 manus
614 2783 747 2859 nostras
791 2783 931 2857 ervenit
959 2787 1076 2855 Oratio
1102 2785 1176 2874 ejus
1200 2785 1245 2854 od
1268 2784 1408 2858 Graecos
1417 2797 1451 2873 ,·''
1467 2788 1531 2881 qui

319 2878 403 2969 liber
437 2879 595 2955 omniurn
628 2879 758 2955 eruditi
786 2903 855 2954 rme
894 2878 1045 2951 babetur
1076 2875 1225 2971 scriptus
1260 2875 1340 2953 Eus.
1371 2880 1423 2955 H.
1456 2882 1529 2963 th

315 2996 374 3067 29.
420 2976 616 3052 Veteribus
641 2976 806 3072 cognitus
829 2993 867 3048 et
883 2972 1057 3061 laudatur,
1091 2992 1130 3046 ut
1154 2995 1202 3046 ex
1223 2974 1400 3057 Veterum
1424 2976 1529 3055 testi·

310 3069 463 3163 moniis,
487 3071 571 3145 edit.
597 3070 730 3146 Worth
748 3073 875 3145 Onon.⁴
891 3095 924 3144 a.
953 3092 1058 3163 1700.
1081 3068 1271 3166 praemissis
1279 3126 1292 3162 ,
1315 3070 1439 3146 videre
1451 3074 1529 3159 esta

309 3168 437 3265 scopus
467 3165 501 3239 e'
527 3191 543 3239 a
565 3164 617 3239 est
656 3166 912 3256 demonstrare,
947 3167 1102 3239 Graecos
1124 3162 1330 3275 sapientiam
1353 3169 1444 3247 suam
1471 3195 1531 3252 ac·

309 3283 452 3361 ceptam
484 3286 562 3335 erre
578 3262 706 3336 debere
729 3264 908 3351 Barbarie,
932 3262 990 3335 seu
1008 3262 1247 3335 Hebraersot
1270 3263 1530 3351 Orientalibus:
1588 3306 1590 3310 ·

310 3380 383 3456 qua
405 3357 586 3433 occasione
610 3358 655 3431 de
677 3357 783 3433 variis
807 3357 989 3455 religionis
1006 3356 1412 3455 Christianaecapitibus
1427 3363 1534 3445 diffe-

309 3454 386 3545 rit,
419 3476 527 3551 eaque
550 3452 721 3528 defendit.
776 3454 921 3527 Librum
949 3450 1028 3549 post
1051 3451 1194 3547 -Justini
1227 3454 1341 3530 Mart.
1371 3457 1534 3552 obitum,

308 3550 472 3647 adeoque
494 3546 575 3644 post
597 3572 675 3624 ann.
705 3557 771 3658 163
798 3550 855 3621 vel
875 3557 965 3638 165,
991 3546 1124 3643 demto
1141 3548 1240 3644 supra
1256 3575 1337 3720 eff,
1363 3553 1433 3628 else
1449 3581 1532 3632 exa·

307 3664 450 3736 ratum,
485 3645 627 3739 exejus
653 3665 835 3721 mentione
860 3643 891 3742 s.
920 3666 976 3738 32.
1010 3642 1230 3717 manifestum
1254 3670 1274 3719 e
1313 3703 1325 3737 ‚
1365 3672 1434 3723 nec
1458 3675 1537 3733 non

310 3738 510 3837 aliquandiu
535 3738 634 3834 post,
663 3764 708 3814 ex
731 3764 799 3832 eo,
831 3740 924 3836 quod
942 3738 1108 3821 Crescens
1131 3740 1360 3838 Philosophus
1391 3770 1537 3845 quoque

308 3836 571 3935 janu-obierat,
586 3868 590 3879 ¹
608 3837 666 3910 vel
688 3838 804 3911 Roma
825 3838 897 3934 jam
924 3834 1142 3927 discesserat,
1176 3861 1256 3912 curn
1282 3841 1375 3936 ejus,
1419 3842 1536 3924 forma

308 3931 500 4032 praeteriti
513 3925 690 4025 adhibita,
701 3932 939 4099 »meminerirzz
955 3932 1050 4007 citat
1076 3957 1216 4033 quoque
1232 3935 1537 4107 Prooeiledfflffim

299 4044 312 4085 ὁ
945 4049 965 4100 z
986 4050 1012 4120 4
1389 4053 1456 4106 cun
1481 4058 1546 4118 um
