3609 5500
351 881 356 890 ι
489 941 511 1003 l
726 1015 729 1020 .
816 944 923 1022 secut.
949 940 1020 1035 lt,
1448 952 1518 1036 197
1607 1057 1610 1066 ι

284 1121 562 1228 cipliceirentur‚
587 1125 683 1201 simul
711 1115 756 1200 'ex
780 1126 1066 1221 presbyterorum
1100 1123 1309 1220 aequalitate
1336 1121 1515 1200 orirentur

283 1224 448 1314 diffidia,
488 1225 540 1297 ita
563 1245 602 1299 ut
627 1227 714 1298 altus
738 1245 792 1295 cx.
818 1245 872 1317 gt,
895 1220 1051 1307 diceret,
1093 1243 1149 1311 rgo
1164 1217 1243 1314 sum
1277 1222 1394 1311 Pauli,
1427 1226 1514 1295 alito

284 1347 349 1417 ego
375 1320 504 1415 Ceplrae
528 1342 598 1397 etc.
625 1341 708 1394 tune
724 1323 933 1415 praesidem,
959 1339 980 1388 a
1004 1317 1219 1411 presbyteris
1236 1316 1432 1408 diversum,
1458 1319 1512 1394 su·

286 1419 354 1493 isse
378 1419 426 1490 ab
451 1415 533 1512 ipsis
557 1412 737 1515 Apostolis
760 1413 999 1511 prae-sellum,
1041 1412 1187 1503 ordine,
1221 1414 1368 1510 proprie
1394 1413 1514 1504 dicto,

264 1535 328 1589 -ct
350 1511 530 1609 potestate
554 1513 789 1610 superiorem,
815 1510 874 1607 qui
900 1508 1068 1604 deinceps
1100 1509 1167 1582 fuit
1193 1508 1346 1606 Episcopi
1370 1510 1514 1586 nornine

287 1607 491 1706 insignitus.
543 1609 624 1708 era
654 1610 791 1681 ratione
822 1606 1055 1702 Episcopatus
1086 1609 1128 1679 ab
1172 1606 1326 1701 ipsorum
1361 1607 1513 1704 Apollo·
1633 1631 1637 1642 ·

288 1709 409 1781 lorum
437 1702 657 1778 institutione
686 1704 780 1775 soret
807 1704 1032 1799 repetendus,
1077 1704 1242 1797 Sequitur
1275 1728 1349 1778 non
1374 1724 1512 1778 tantum

289 1803 332 1878 in
356 1823 428 1888 eo,
450 1797 509 1871 sed
533 1819 571 1872 et
596 1801 731 1896 superat
750 1800 1033 1892 Hieronymum,
1060 1803 1119 1892 qui
1146 1799 1229 1872 alibi
1249 1800 1388 1889 scribit,
1413 1800 1514 1896 Epist

291 1919 427 1994 copus,
453 1900 561 1987 magis
584 1922 626 1968 eu·
655 1892 820 1981 Ettlrfiue
839 1894 1084 1989 consuetudine,
1111 1918 1203 1989 quum
1219 1894 1429 1990 disposttiont's
1445 1898 1516 1972 Do*

294 1998 438 2067 miricae
464 1997 627 2081 ueritate,
666 1995 806 2086 majores
833 1991 892 2084 effe
919 1992 1137 2085 Presbytero.
1187 1991 1360 2080 Veteres,
1408 2011 1446 2065 ut
1468 1998 1514 2069 de

293 2111 421 2163 eorum
447 2084 622 2160 sententia
655 2086 787 2182 aliquid
818 2087 1039 2182 subjungam,
1081 2084 1118 2158 iu
1155 2084 1363 2161 caluerunt
1395 2112 1523 2165 omnen

296 2181 468 2281 usquead
495 2183 757 2278 Hieronymum
793 2181 945 2270 hae-rest,
984 2178 1233 2277 Episcopatum
1266 2185 1309 2255 ab
1337 2182 1518 2279 Apostolis

295 2280 369 2355 cll‘e
385 2276 609 2369 institutum,
642 2278 693 2350 uti
719 2301 763 2351 ex
788 2279 917 2373 Ignatii
941 2298 1012 2349 non
1041 2296 1178 2350 tantum
1200 2276 1365 2372 Epistolis
1391 2279 1519 2375 gennis

298 2376 374 2465 uia,
399 2373 460 2447 sed
485 2390 524 2445 et
550 2372 769 2469 sequentium
794 2371 980 2446 doclorum
1005 2371 1160 2467 scriptis,
1194 2373 1385 2448 Clementis
1408 2376 1518 2452 Alex·

295 2469 458 2559 andtini,
484 2468 716 2559 Tertulliani,
742 2469 929 2566 Origenis,
954 2486 992 2539 et
1014 2467 1180 2556 aliorum,
1213 2470 1346 2544 abunde
1372 2470 1521 2549 demon·-

295 2566 440 2643 stratum
457 2561 511 2637 est
533 2566 726 2639 aPearson.
752 2565 863 2638 Vind.
890 2567 1003 2661 ignat.
1030 2588 1064 2658 p.
1091 2565 1138 2635 ll.
1165 2565 1363 2663 Beveregio
1381 2566 1422 2640 ad
1440 2592 1517 2649 can.

296 2664 369 2762 Ap.
394 2662 419 2736 l.
446 2660 494 2733 11.
520 2680 557 2735 et
581 2661 668 2735 aliis.
717 2661 854 2756 Oby'icit
877 2659 1019 2756 quidem
1036 2660 1239 2755 cappellus,
1265 2661 1518 2761 Episcopatum

293 2763 339 2836 ab
362 2754 508 2855 Ignatio
537 2756 581 2832 ad
605 2756 765 2852 Magnes.
793 2760 912 2831 vocari
948 2763 1111 2855 rturlpottrr
1136 2756 1222 2846 τόξιν
1242 2761 1397 2835 novellum
1429 2761 1521 2859 insti·

299 2859 474 2941 tutionem,
518 2874 555 2927 et
581 2853 664 2927 inde
689 2852 847 2950 colligit,
888 2853 1139 2951 Eiscopatum
1169 2853 1247 2950 post
1271 2858 1427 2930 medium
1452 2862 1520 2937 l‘ec.

298 2953 348 3028 11.
372 2947 514 3047 quando
529 2948 625 3023 huuc
642 2968 800 3022 autorem
825 2949 898 3024 vixi
974 2970 1155 3040 autumat,
1175 2950 1314 3023 demum
1331 2954 1525 3049 incepillezss

297 3046 362 3124 sed
383 3068 427 3118 ea
447 3043 560 3138 phrasi
587 3045 763 3141 juvenilem
787 3051 946 3133 ordinem,
974 3065 1011 3118 et
1034 3048 1204 3139 juvenem
1230 3046 1401 3140 designari
1429 3050 1523 3143 epis-

304 3163 463 3235 copum,
484 3140 575 3213 clare
599 3139 853 3214 demonstravi-t
879 3139 1027 3213 Pcarson
1053 3141 1090 3210 iu
1120 3139 1231 3212 Praef.
1256 3141 1298 3210 ad
1326 3141 1437 3216 Vind.
1464 3145 1523 3213 1-

300 3254 377 3315 nat.
426 3234 627 3325 Praeterea,
670 3258 748 3311 cum
773 3237 902 3309 Acrius
929 3235 1116 3328 Presbyter
1146 3230 1213 3306 sec.
1238 3235 1306 3308 IV.
1332 3256 1530 3330 proptereat

299 3354 443 3434 quoque
465 3353 530 3428 pro
555 3333 739 3406 haeretico
763 3332 872 3406 suerit
894 3328 1053 3418 habitus,
1080 3330 1173 3424 quod
1188 3327 1441 3426 Episcopatum
1460 3356 1523 3408 ne·

297 3426 442 3530 gaverit
469 3428 512 3499 ab
537 3426 717 3523 Apostolis
749 3426 1005 3514 introdustum‚
1050 3424 1138 3501 teste
1162 3426 1191 3497 E
1220 3426 1366 3521 iphanio
1390 3429 1523 3509 haeres.

298 3548 381 3623 ῃ,
405 3545 633 3597 communem
656 3523 726 3618 jam
753 3543 838 3596 tunc
862 3541 898 3595 et
923 3521 1163 3595 dominantem
1190 3449 1290 3595 iiusse
1316 3524 1527 3620 opinionem

301 3619 535 3708 contrariam,
580 3619 801 3692 manifestum
827 3616 888 3692 est.
937 3618 1104 3714 Denique
1130 3617 1174 3690 de
1200 3618 1321 3691 eadem
1351 3621 1528 3717 opinione

301 3713 468 3803 testatur,
512 3715 605 3812 quod
630 3717 887 3811 Episcoporum
923 3713 1088 3787 succeslio
1122 3712 1232 3786 suerit
1265 3715 1308 3786 ab
1342 3717 1526 3812 Apostolic

215 3880 221 3889 .
298 3811 470 3899 deductu
511 3812 565 3884 uti
599 3812 721 3907 postea
752 3810 901 3908 patebit.
950 3808 1104 3899 Pri—mus,
1149 3811 1209 3904 qui
1243 3832 1432 3908 arecepta
1457 3815 1525 3888 hac

300 3907 453 3983 disceffit
478 3905 675 4000 opinione,
701 3907 770 3981 fuit
796 3906 1059 4001 Hieronymus,
1086 3903 1207 3999 quiin
1234 3927 1361 3981 comm.
1387 3909 1429 3982 ad
1451 3911 1523 4009 Ep.

298 4005 339 4080 ad
364 4004 467 4089 Tit.,
493 4020 532 4073 et·
553 4002 596 4075 in
614 4002 771 4099 Epistola
795 4004 837 4075 ad
852 4001 1065 4097 Evagrium,
1092 3999 1238 4073 eandem
1266 4005 1431 4097 exprelllt
1447 4011 1527 4081 len·-

302 4099 473 4186 tentiam‚
501 4121 604 4193 quarn
629 4101 734 4173 modo
759 4124 804 4173 ex
820 4099 980 4171 Sculteto
1008 4093 1176 4191 exposui,
1200 4096 1272 4169 hoc
1293 4117 1429 4175 tantum
1445 4126 1527 4176 cum

302 4193 527 4282 discrimine,
550 4196 644 4291 quod
664 4218 734 4269 non
754 4216 823 4267 tam
840 4219 860 4266 e
881 4193 1025 4281 divino,
1045 4215 1145 4287 quam
1164 4193 1427 4284 Ecclesiastico,
1443 4198 1528 4291 jure

303 4291 555 4387 Episcopatum
593 4289 820 4365 derivaverit.
869 4289 1007 4363 Citatur
1034 4287 1173 4383 quidem
1209 4290 1355 4361 eandem
1389 4289 1426 4362 in
1451 4291 1529 4365 sen·

303 4387 452 4482 tentiam
474 4405 578 4470 autor
605 4389 805 4471 Commeat.
817 4442 829 4483 ,
857 4386 931 4558 subb
945 4383 1120 4465 Ambrosii
1141 4384 1288 4493 oomiue
1312 4388 1447 4476 latens,
1467 4388 1529 4480 qui

867 4484 981 4584 ‚By
1135 4588 1139 4593 Ι
1447 4500 1644 4826 πᾶσι
