3609 5500
579 875 670 974 726
985 858 1135 967 mstis:
1155 852 1287 965 Eresos.
1311 856 1435 966 erest.

592 1056 651 1165 do·
671 1039 886 1138 essentiam,
906 1044 1011 1146 longe
1036 1046 1252 1217 perfectiore
1284 1047 1411 1147 utique
1435 1067 1477 1122 ac
1493 1042 1652 1144 reliquos
1679 1009 1734 1143 spi

599 1152 688 1227 Vid.
713 1144 861 1245 August.
888 1165 1014 1220 contra
1065 1142 1200 1221 austum
1223 1147 1247 1219 l.
1272 1146 1354 1221 XX.
1379 1165 1505 1221 contra
1521 1146 1716 1217 Fortunat.

587 1247 634 1321 -1.·
652 1246 698 1320 de
723 1244 855 1319 divinis
878 1240 980 1317 serm.
1006 1241 1131 1330 XVL,
1165 1240 1315 1409 denipue
1342 1243 1452 1336 Oper.
1478 1238 1614 1340 lnpers.
1640 1240 1667 1314 l.
1692 1241 1732 1314 V

599 1360 638 1416 et
656 1343 760 1416 l'hot.
787 1339 876 1414 Bibl.
902 1338 982 1413 cod.
1009 1338 1137 1413 XXIV
1159 1359 1197 1412 et
1222 1342 1251 1413 C
1285 1339 1420 1413 XXIX.
1458 1343 1672 1416 statuerunt
1689 1359 1734 1433 pr

587 1459 681 1528 rea,
705 1460 769 1512 eos
789 1434 861 1510 else
877 1434 971 1508 Patri
997 1433 1260 1525 subordinatus,
1283 1459 1421 1531 eoque,
1447 1432 1611 1533 respetiu
1638 1431 1734 1528 digni

603 1552 643 1609 et
668 1529 837 1631 originis,
870 1528 1082 1604 inferiores:
1104 1529 1283 1627 ‘adeoque
1309 1530 1374 1606 hac
1406 1553 1506 1627 parte
1532 1529 1634 1605 inter
1667 1527 1734 1625 ips<

602 1632 732 1705 inultos
772 1625 974 1703 Catholicos
1008 1626 1110 1721 hujus
1140 1647 1177 1699 et
1210 1626 1373 1725 praeced.
1410 1627 1515 1711 seculi
1546 1624 1645 1700 haud
1679 1648 1734 1698 mu

600 1725 669 1801 suit
694 1721 913 1799 discriminis.
963 1720 1051 1795 lllud
1079 1720 1247 1819 singulare
1272 1722 1490 1813 hahuerunt,
1521 1720 1619 1818 quod
1643 1721 1726 1794 lo'ca

600 1819 697 1895 sonis
720 1817 853 1894 divinis
878 1820 1042 1916 propria,
1068 1838 1107 1891 et
1124 1840 1299 1928 congrua,
1322 1816 1555 1917 adsignarint,
1580 1814 1683 1889 Patri
1710 1814 1734 1889 si

601 1938 697 1993 marn
721 1936 761 1990 et
778 1912 986 1990 inaccessam
1009 1915 1147 2004 lucem,
1170 1915 1262 1987 Filio
1279 1912 1409 2002 soleni,
1435 1936 1473 1988 et
1488 1910 1642 2010 Spiritui
1660 1914 1698 1985 S.
1723 1936 1734 1984 a

586 2015 664 2089 nel
689 2013 836 2087 Lunam.
862 2011 921 2085 Au
970 2003 1009 2085 st.
1033 2028 1157 2085 contra
1172 2008 1284 2108 Faust,
1312 2011 1334 2085 l.
1360 2009 1458 2086 XXl.
1482 2012 1577 2107 quod
1602 2004 1734 2082 aPerfi

603 2109 732 2184 dentur
768 2105 918 2181 transum
933 2107 1005 2183 isle.
1057 2106 1142 2178 Nec
1173 2124 1291 2180 tamen
1315 2105 1432 2180 solem*
1451 2125 1512 2180 aut
1535 2106 1676 2178 Lunam
1702 2127 1734 2183 a<

602 2224 706 2293 runt,
733 2226 857 2276 verum
882 2199 1058 2298 Christum
1081 2220 1118 2274 et
1143 2200 1317 2295 Spiritum
1342 2199 1448 2277 iniis
1473 2200 1683 2275 residentes.

581 2343 584 2349 ·
649 2298 681 2398 §-
707 2298 833 2373 CXIX.
859 2321 893 2372 u.
919 2296 1126 2392 Praecipuus
1148 2296 1417 2372 Manichaeismi
1444 2319 1544 2370 error
1569 2294 1731 2371 versatus

600 2392 697 2470 circa
721 2392 899 2490 originem
917 2392 1039 2468 mundi
1064 2391 1268 2482 sublunaris,
1294 2411 1333 2466 et
1350 2391 1557 2467 materialis:
1582 2390 1686 2487 cujus
1711 2414 1734 2488 g

602 2493 713 2565 talem
738 2509 875 2565 tantum
897 2490 989 2563 dabo
1016 2487 1197 2576 notitiam,
1240 2511 1286 2561 ne
1311 2489 1489 2585 longiores
1525 2486 1664 2561 traham
1687 2510 1734 2559 ini

603 2605 773 2684 quantum
799 2586 907 2679 scopo
930 2583 1075 2659 sufficit:
1100 2604 1180 2655 cnm
1205 2604 1251 2657 eir
1273 2587 1454 2659 autoribus
1479 2580 1579 2679 supra
1603 2579 1728 2659 citatis

603 2679 750 2758 cialiora
773 2681 816 2756 ab
842 2680 967 2754 haruin
991 2702 1106 2754 rerum
1132 2676 1261 2776 cupido
1283 2676 1386 2756 facile
1418 2679 1545 2778 possint
1570 2677 1665 2778 peti.
1711 2680 1734 2753 1

601 2777 685 2853 duni
699 2776 965 2869 supralatiareni,
990 2775 1049 2850 seu
1075 2774 1291 2871 spirituum,
1316 2778 1417 2866 Deo,
1443 2795 1608 2872 tanquam
1626 2773 1734 2851 causat

603 2891 747 2961 ternae,
774 2873 999 2947 vindicarunt
1021 2871 1244 2962 insolidum,
1270 2871 1328 2945 sed
1345 2871 1438 2946 circa
1452 2869 1672 2969 sublunarem
1686 2872 1734 2946 loi

602 2972 827 3057 aberrarunt,
846 2993 890 3044 ne
908 2967 1042 3041 scilicet
1061 2967 1141 3039 Deo
1159 2967 1274 3054 b‘0n0,
1294 2968 1431 3056 lando,
1449 2986 1485 3039 et
1504 2967 1678 3063 sapienti,
1694 2969 1734 3042 ad

602 3070 689 3144 bere
713 3068 848 3142 necelle
883 3066 1034 3141 habeant
1066 3064 1330 3159 corruptionem
1362 3065 1526 3136 moralem
1562 3084 1600 3136 et
1615 3063 1734 3162 physic

602 3166 662 3239 vel
680 3163 876 3252 miseriam,
903 3163 1008 3235 etiam
1034 3156 1293 3249 confusionem,
1319 3184 1421 3255 quam
1445 3159 1483 3233 in
1510 3183 1557 3233 eo
1584 3163 1659 3236 effe
1676 3184 1734 3235 cer

600 3280 696 3335 runt.
749 3262 907 3333 Fuerunt
931 3258 1047 3354 itaque
1071 3278 1193 3327 eorum
1223 3256 1286 3328 hac
1311 3275 1409 3349 parte
1434 3253 1649 3352 hypotheses
1675 3257 1734 3352 seq

602 3376 669 3430 tes.
721 3379 751 3428 r.
778 3355 969 3428 Materiam
998 3353 1067 3426 effe
1085 3353 1166 3423 Deo
1190 3372 1431 3440 coaeternam,
1457 3377 1477 3424 a
1502 3351 1556 3440 se,
1582 3371 1622 3424 et
1648 3353 1731 3425 inde

600 3450 775 3536 dentem,
792 3450 851 3522 sed
877 3450 1086 3530 animatam,
1113 3467 1212 3519 motu
1228 3469 1265 3521 et
1285 3447 1379 3536 vita,
1403 3445 1461 3521 sed
1478 3445 1690 3536 irrationali,
1716 3473 1734 3544 p

600 3545 730 3619 diram:
755 3565 858 3635 quani
884 3550 1034 3615 tenebras
1058 3538 1230 3617 dixerunt.
1283 3566 1313 3617 a.
1340 3545 1393 3616 Ex
1419 3566 1460 3616 ea
1480 3546 1640 3640 angelum
1665 3545 1734 3616 mal

599 3640 662 3717 seu
687 3641 871 3722 daemona,
904 3637 974 3708 esse
1004 3657 1142 3724 ortum,
1181 3637 1389 3730 potestatem
1418 3641 1634 3713 tenebrarum
1657 3634 1734 3711 diei

599 3759 637 3813 et
663 3732 819 3829 perfeste
843 3734 988 3821 malurn,
1022 3756 1100 3805 cuni
1135 3753 1271 3828 praeter
1299 3735 1480 3808 materiam
1506 3735 1694 3808 animatam
1730 3759 1734 3808 i

597 3834 778 3936 possideat.
838 3856 870 3927 3.
906 3830 1005 3906 llinc
1040 3827 1219 3928 originem
1250 3826 1319 3902 eff.
1357 3832 1585 3924 repetendam
1627 3854 1734 3927 corpe

590 3929 810 4019 carnalium,
837 3929 1104 4024 organicorum.
1129 3946 1166 3999 et
1184 3924 1422 4000 animantium.
1468 3948 1504 4014 4.
1529 3927 1638 4007 Hanc
1664 3950 1734 4022 pro

596 4029 755 4113 tionem,
795 4045 840 4094 ex
873 4023 1018 4099 materia
1054 4022 1200 4111 fastam,
1248 4021 1494 4095 occasionalem
1525 4018 1595 4094 else
1630 4044 1734 4100 creat

595 4120 719 4201 mnndi
745 4116 902 4202 causam,
928 4143 947 4189 a
971 4119 1053 4189 Deo
1079 4119 1175 4189 bono
1201 4114 1399 4206 institutae,
1432 4118 1492 4213 qui
1516 4115 1728 4213 spirituum,

595 4215 791 4301 mentium,
831 4210 1012 4304 omnisque
1045 4209 1179 4283 ordinis
1211 4212 1360 4285 erboni
1398 4212 1436 4287 in
1460 4214 1592 4291 mundo
1626 4216 1730 4292 caiisa

588 4313 748 4420 ,Spiritus
771 4330 859 4387 ueto
884 4305 1121 4406 intelligentes
1143 4300 1213 4382 else
1238 4307 1478 4391 emanationes
1504 4311 1579 4394 Dei
1603 4313 1716 4410 boni,
