3609 5500
293 947 370 1042 344
677 932 824 1041 {istoria
847 935 980 1041 Eccles,
1004 934 1118 1042 estufi-
1239 955 1245 964 ¹

189 1169 193 1175 ·
295 1111 434 1216 exiliit,
475 1111 564 1192 sicut
588 1136 633 1191 ex
657 1117 828 1214 Johannis
859 1123 1078 1219 relegatione
1109 1119 1149 1193 in
1186 1107 1357 1192 Patmom'
1376 1127 1522 1212 quoque

293 1237 423 1315 patet,
463 1236 530 1287 nec
567 1234 684 1287 tamen
720 1236 862 1291 ornnem
896 1219 1102 1291 excluserim
1131 1213 1286 1289 caedem.
1341 1211 1519 1288 Narratur

295 1314 392 1386 enim
416 1311 507 1405 apud
539 1308 711 1407 Xiphilin.
746 1335 887 1409 praeter
915 1316 1156 1401 Clementem,
1196 1329 1234 1384 et
1263 1306 1522 1397 Glabrionem,

295 1411 378 1483 alios
395 1410 510 1480 inultos
526 1405 587 1501 effi
603 1406 747 1500 occisum
772 1434 866 1499 non,
884 1428 923 1482 ut
940 1411 1089 1505 opinor,
1107 1406 1275 1517 Judaeoo,
1294 1403 1354 1478 sed
1370 1397 1517 1478 eluisti·

297 1523 404 1593 anos,
422 1522 461 1576 ut
478 1503 668 1596 scriptores
684 1504 871 1579 Christiani
887 1503 1075 1593 testantur,
1092 1504 1136 1576 irs
1149 1499 1366 1588 accensrtos;
1389 1516 1429 1571 et
1444 1518 1514 1572 ma·

320 1601 348 1673 ir
373 1599 514 1672 odiosos
537 1596 768 1689 Domitiano,
807 1600 898 1698 apud
922 1625 1025 1698 quem
1052 1600 1091 1677 in
1116 1598 1268 1673 florente
1325 1593 1415 1668 tatia
1447 1590 1517 1668 fuit

289 1625 469 1865 iosephus
501 1693 814 1792 Historiographus
846 1698 1069 1794 Judaeorum.
1128 1692 1272 1788 incepit
1299 1618 1519 1764 bersecutio

328 1813 449 1877 omae,
483 1790 543 1862 ubi
567 1792 719 1863 maxime
744 1791 882 1888 viguit,
917 1792 1003 1866 licet
1029 1786 1234 1888 provincias
1287 1787 1365 1859 lane
1393 1787 1516 1859 err'clu·

292 1887 343 1960 sas
368 1884 501 1974 nolim,
526 1907 607 1958 cum
626 1885 807 1981 johannes
833 1888 943 1961 suerit
973 1886 1173 1961 inexilium
1188 1884 1238 1956 mi
1269 1907 1307 1956 us
1322 1903 1404 1955 anu.
1437 1896 1523 1978 isto,

291 1979 512 2068 Domitiani,
538 1981 591 2054 uti
615 1981 695 2056 Eus.
722 1981 772 2056 H.
797 1984 839 2055 Ε.
868 1986 935 2057 lsl:
966 1991 1019 2062 18.
1046 1981 1171 2069 tradit,
1196 1999 1234 2054 et
1259 2001 1305 2052 ex
1328 1972 1513 2073 scriptori·

291 2078 356 2151 buo
377 2072 548 2149 Romanis
573 2078 780 2165 confirmat3
822 2102 888 2151 nec
915 2077 1072 2152 dissentit
1096 2075 1193 2149 nael.
1218 2075 1242 2147 l.
1276 2096 1307 2147 c.
1343 2095 1428 2146 cum
1452 2069 1514 2144 sub

290 2173 388 2248 vitae
411 2173 486 2267 ejus
520 2170 628 2243 finem
653 2192 732 2245 eum
767 2173 978 2247 Christianos
1003 2172 1071 2246 esse
1099 2169 1291 2267 a.³gressum
1327 2168 1424 2242 haud
1449 2169 1518 2252 ob·‚

290 2269 391 2344 scure
416 2263 550 2341 innuat.
598 2269 652 2341 Ex
677 2289 746 2363 quo
771 2269 874 2342 facile
907 2268 1104 2363 colligitur,
1138 2263 1424 2363 persecutionem
1449 2262 1513 2338 vix

288 2387 418 2440 annum
441 2360 592 2438 durasse:
617 2364 780 2460 regnavit
805 2364 906 2438 euim·
925 2386 1059 2438 tantum
1088 2386 1129 2451 15
1155 2384 1265 2444 annos
1281 2360 1514 2434 Domitianus

201 2469 205 2475 '
290 2482 331 2536 ut
352 2459 464 2533 habet
480 2462 626 2533 sueton.
653 2459 690 2533 in
716 2458 815 2554 ipso,
848 2461 907 2533 sed
933 2462 1147 2555 completos,
1170 2478 1265 2530 cum.
1288 2474 1344 2528 tot
1364 2454 1451 2530 anni
1475 2472 1516 2530 et

290 2555 371 2628 dier
397 2560 532 2651 quinque
555 2553 619 2651 ipsr
643 2555 771 2628 dentur
793 2578 813 2626 a
840 2557 960 2634 Dione
990 2558 1010 2629 l.
1043 2577 1074 2628 c.
1110 2552 1344 2626 Brevissimam
1368 2576 1417 2649 qu
1466 2571 1512 2625 ue

289 2648 393 2724 fuisse
422 2649 649 2721 vexationem
676 2650 913 2725 Tertullianus
946 2670 984 2724 et
1007 2648 1211 2724 Lasiantius
1236 2646 1417 2732 iudicant:
1465 2646 1512 2722 ed

288 2768 373 2820 num
401 2743 564 2841 ipse‚·an
588 2744 733 2834 Nerva,
758 2745 832 2841 ejus
856 2747 1045 2832 successor,
1062 2745 1177 2821 ¹linem
1196 2740 1414 2840 inposuerit,
1439 2741 1512 2817 nri-t

288 2865 354 2916 nus
377 2861 514 2915 certum
541 2838 601 2914 est.
636 2844 782 2915 Nervae
802 2842 837 2914 id
861 2842 986 2915 tribuit
1009 2843 1084 2915 Dio
1110 2840 1236 2914 caffius
1262 2838 1354 2935 apud
1380 2836 1508 2934 Xiphi-

289 2938 419 3027 linum,
464 2957 503 3012 ut
528 2956 566 3010 et
589 2935 713 3011 Euseb.
747 2939 796 3009 H.
824 2940 889 3010 lll:
928 2962 985 3012 20.
1022 2936 1090 3033 qui.
1115 2954 1232 3009 tamen
1263 2959 1308 3011 ex
1333 2930 1511 3033 Hegesip·

148 3087 152 3093 -
287 3058 338 3134 po
355 3053 488 3126 narrat,
514 3033 761 3108 Domitianum
787 3033 827 3109 id
849 3033 989 3108 secisse:
1016 3034 1072 3106 cui
1099 3031 1288 3106 adsentitur
1308 3030 1510 3107 Tertulli.

288 3157 320 3207 c.
352 3131 398 3205 de
422 3130 498 3228 ipso
524 3130 665 3219 dicens,
689 3131 753 3228 sed
786 3155 849 3227 quo
872 3147 905 3204 er
929 3133 1016 3211 lromu
1034 3127 1143 3223 facile
1168 3144 1311 3222 coeptum
1336 3122 1509 3224 repressit,

285 3226 447 3321 restitutis
482 3231 600 3300 eriam·
625 3254 700 3326 quor
726 3231 936 3321 relegaverat.
989 3226 1087 3326 Quae
1123 3222 1289 3298 srsecum
1318 3220 1387 3295 srnt
1421 3244 1510 3317 con·

286 3323 455 3410 curanda,
470 3319 604 3410 statui,
639 3348 717 3399 cum
745 3323 906 3396 Dodwel.
932 3321 1019 3393 Diss.
1044 3319 1209 3413 Cypriam
1234 3321 1297 3393 Xl.
1322 3317 1366 3390 de
1388 3322 1511 3415 pauci·

286 3434 357 3490 tart
376 3434 584 3512 martyrum,
631 3416 757 3502 merit,
776 3416 1018 3488 Domitianum
1036 3415 1119 3486 illud
1136 3415 1174 3488 in
1190 3417 1308 3489 animo
1323 3411 1514 3509 habuiss'e,

285 3530 326 3585 et
349 3533 456 3609 agere
481 3511 584 3606 coepi
614 3537 655 3599 e,
679 3510 736 3583 sed
762 3529 878 3581 morte
902 3529 1132 3605 prae-rentum
1160 3534 1231 3584 non
1256 3505 1412 3605 potuisse
1428 3534 1511 3607 per·

286 3608 418 3693 ficere,
454 3605 546 3700 quod
572 3607 621 3680 ita
647 3629 690 3678 ue
713 3604 838 3677 Nerva
860 3603 1054 3701 praestitit,
1080 3604 1139 3701 qui
1165 3598 1203 3679 et'
1225 3612 1297 3680 ullu
1322 3606 1512 3683 Domitiani

283 3699 605 3802 rescidt'ffedicitur
655 3699 785 3774 'assant
815 3701 883 3797 l.c
942 3702 1075 3775 ‘Narrat
1110 3725 1250 3798 quoque
1281 3700 1513 3798 Hegesrppm

285 3798 377 3898 apud
395 3794 473 3870 Eus.
496 3797 519 3870 l.
544 3818 575 3871 c.
627 3796 891 3887 Domitianum,
906 3817 1003 3870 ·.·cum
1019 3798 1179 3871 examine
1196 3797 1355 3871 instituto
1379 3795 1510 3894 depre-

285 3889 485 3980 nendiffet,
508 3916 528 3963 a
552 3890 681 3966 familia
701 3892 939 3984 Domini‚.ad
964 3913 1207 3991 paupertatem
1231 3892 1390 3980 remila,
1417 3894 1510 3969 nihil

282 3991 352 4101 esse
377 3987 625 4081 metuendum,
665 3991 883 4084 contemsisse
905 4008 1087 4087 ·:cognatos
1105 3990 1177 4084 ejus
1186 4045 1197 4080 ,
1242 4008 1279 4062 et
1312 3990 1509 4084 repressisse

203 4244 207 4251 .
289 4084 568 4280 edgugbxcm
594 4180 648 4255 Ex
661 4183 836 4278 superiore
852 4132 1386 4269 totiurintervallitrasiatione,
1404 4196 1511 4277 quarn

282 4275 433 4361 absolvi,
464 4266 556 4346 haud
579 4280 723 4350 obscure
747 4280 934 4366 elucescit,
967 4295 1006 4351 ut
1030 4277 1073 4350 de
1099 4274 1274 4352 Ecclesiae
1299 4277 1512 4368 conditione

276 4369 409 4507 aliquid
426 4370 659 4471 subjungam,
678 4374 870 4505 Ecclesiam
879 4374 1018 4521 ¹ssorum,
1035 4370 1134 4457 suurn
1152 4375 1190 4448 in
1208 4393 1339 4469 genere
1364 4373 1518 4543 quibestle
