3609 5500
313 926 387 1002 spa
700 889 867 1005 'institia
887 900 1159 1007 Eculemlriss.

312 1103 420 1172 retur,
463 1098 495 1156 et
527 1086 571 1155 od
597 1081 774 1179 perfalsum
802 1085 1030 1180 perduceretur
1064 1084 1237 1184 disciplina
1263 1084 1308 1156 ab
1332 1081 1391 1157 iilo
1413 1082 1546 1156 ricarie·

247 1225 252 1235 ·
309 1180 466 1271 Domini,
492 1181 619 1275 Spiritu
635 1183 671 1255 S.
698 1181 847 1274 deinde,
872 1184 991 1257 verbis
1008 1185 1156 1257 Domum
1184 1180 1229 1253 de
1248 1178 1545 1253 Paraclctocita·‘

311 1278 379 1367 tis,
425 1278 474 1351 ita
499 1277 637 1372 pergit3
676 1299 757 1372 pune
789 1276 837 1375 esi
862 1302 936 1374 ergo
970 1281 1137 1351 Paracleti
1168 1275 1432 1373 administratio,
1470 1266 1528 1366 rifi

308 1371 406 1464 lrnec,
432 1377 514 1469 quod
535 1372 705 1468 disciplina
720 1377 900 1472 dirigitur,
933 1379 1013 1471 puod
1018 1375 1204 1470 scripturae
1220 1380 1429 1460 revelantur,
1452 1369 1538 1467 prod·

267 1471 270 1476 ’
305 1472 484 1543 intelleilur
510 1470 725 1563 reformatur,
767 1472 848 1566 puori
869 1474 914 1542 ud
935 1474 1068 1543 meliora
1090 1470 1282 1565 projicitur:
1313 1467 1402 1542 dein
1427 1465 1523 1555 paulo

304 1564 405 1662 post,
432 1564 579 1661 Joflitiu
598 1568 701 1659 primo
718 1563 795 1660 fuir
819 1569 855 1637 in
878 1568 1068 1641 rudimentis
1093 1586 1212 1639 notura
1232 1564 1341 1636 Deum
1364 1577 1521 1650 metuens,

302 1664 418 1737 delrino
438 1682 496 1755 per
522 1665 622 1756 legem
648 1678 680 1733 et
705 1663 882 1761 Prophetas
915 1665 949 1734 in
975 1660 1174 1757 infantiam,
1210 1661 1326 1734 deliine
1347 1677 1407 1755 per
1428 1680 1518 1732 tuan·

299 1760 422 1853 galium
448 1753 659 1853 efferbuitin
678 1762 907 1853 juventutem,
938 1781 1020 1830 nunc
1054 1775 1113 1852 per
1136 1752 1349 1832 Paracletum
1374 1756 1515 1851 comptui-

303 1872 358 1928 tur
393 1859 426 1927 in
464 1857 702 1927 maturitatem.
758 1857 789 1929 d.
823 1853 1046 1928 Addiderunt
1080 1852 1234 1949 denique
1276 1850 1332 1926 itis
1363 1850 1510 1925 omnibu

299 1950 432 2024 donum
453 1950 700 2043 Prophetiam,
719 1970 758 2023 et
774 1953 1009 2037 Montanum,
1033 1947 1287 2038 Maximillam,
1311 1946 1510 2035 Priscillam,

303 2046 411 2135 alios,
436 2043 554 2118 futura
568 2044 777 2141 praecinere
792 2043 1037 2119 crediderunt:
1064 2066 1132 2118 nec
1149 2043 1287 2118 mirum.
1320 2041 1410 2119 Cum
1425 2041 1509 2116 enirn

299 2141 578 2214 extraordinaria
597 2138 750 2233 Spiritus
775 2140 886 2227 dona,
929 2139 1014 2214 licet
1038 2138 1190 2229 rariora,
1228 2136 1385 2213 nondum
1418 2138 1507 2235 plane

296 2232 482 2325 cessarint,
523 2252 561 2308 ut
587 2233 815 2325 credebatur,
847 2256 959 2329 eaque
988 2234 1183 2310 adnotant
1210 2232 1430 2331 disciplinam
1452 2231 1506 2305 sta

297 2328 487 2410 biliendam
513 2329 636 2403 donam
662 2328 815 2421 soleant,
856 2332 1051 2404 Montanus
1086 2330 1169 2405 illud
1193 2326 1430 2427 prophetandi
1454 2324 1506 2402 subi

298 2428 405 2505 facile
431 2425 612 2502 vindicare
631 2445 794 2521 poterat,
829 2424 1132 2523 srveepilepticis
1165 2423 1342 2500 obnoxius
1373 2425 1504 2500 convul-

295 2524 471 2609 fionibns‚
498 2522 568 2596 five
599 2520 742 2594 somniis
766 2540 803 2595 et
830 2519 1084 2617 imaginatione
1112 2521 1267 2612 delusus,
1291 2520 1365 2595 save
1389 2517 1502 2619 aliquid

246 2682 249 2686 ,
293 2618 404 2693 etiam
439 2619 513 2713 ejus
547 2616 631 2689 doni
667 2638 754 2689 vere
834 2616 1000 2711 rticipare
1032 2614 1125 2691 visus
1155 2616 1276 2692 fuerit.
1328 2617 1397 2692 Sed
1430 2613 1501 2692 illud

295 2710 456 2789 constare
491 2710 653 2800 videtur,
695 2733 787 2807 prop
815 2710 904 2787 etias
934 2733 1058 2786 eorum
1086 2735 1159 2787 non
1189 2713 1309 2810 pulsum
1332 2736 1433 2789 verus
1453 2714 1501 2788 de

293 2807 503 2909 prehensas,
544 2806 798 2903 utplurimum
829 2807 947 2884 fimas:
990 2808 1043 2882 uti
1076 2832 1122 2883 ex
1153 2808 1306 2908 antiquis
1340 2806 1502 2887 autoribus

294 2905 387 3005 apud
416 2905 494 2979 Eos.
519 2904 540 2977 l.
566 2927 598 2978 c.
625 2902 803 2980 elucescit.

347 3001 380 3103 ᾗ.
407 3001 610 3077 CXCVIII.
653 2999 896 3075 Montanismo
932 2999 968 3075 in
1000 3025 1083 3077 vera
1118 3003 1176 3078 sna
1208 3001 1286 3077 luce
1320 3004 1501 3090 collocato,

292 3102 378 3193 alia,
406 3122 493 3197 quae
517 3100 560 3172 ab
580 3095 659 3193 ipsis
675 3098 780 3172 etiam
800 3096 980 3173 veteribus
1003 3098 1247 3173 adtribuuntur
1263 3096 1502 3187 Montanistis,

291 3224 350 3274 ex.
378 3222 430 3294 gr.
457 3193 550 3292 quod
574 3193 718 3268 infantis
752 3195 956 3289 sanguinem
980 3191 1071 3268 soliti
1098 3195 1230 3268 suerint
1255 3192 1405 3269 miscere
1430 3193 1501 3269 suri·

290 3317 377 3380 nae,
401 3292 553 3380 indeque
572 3311 699 3383 panem
724 3290 902 3363 conficere
930 3289 1218 3380 eucharisticum,
1243 3310 1404 3365 mortuos
1429 3293 1502 3387 bap·

287 3388 418 3474 tizare,
460 3387 613 3478 aliaque,
658 3402 819 3476 tanquam
856 3386 914 3455 vel
941 3383 1039 3474 ficia,
1083 3388 1140 3461 vel
1163 3388 1316 3474 incerta,
1368 3389 1414 3461 ab
1438 3384 1501 3486 ipso

287 3480 516 3574 Hieronymo
551 3475 700 3570 rejecta,
734 3495 771 3547 et
795 3493 919 3551 autore
943 3479 1211 3573 Praedestinati,
1244 3483 1367 3556 lubens
1384 3483 1504 3574 mitto,

283 3600 327 3652 ac
353 3572 396 3647 ad
419 3591 560 3645 autores
586 3569 660 3663 ejus
686 3568 892 3666 praecipuos
924 3573 1164 3651 monstrandos
1194 3602 1330 3674 perga,
1363 3582 1502 3655 Monta·

260 3740 263 3745 .
283 3696 369 3749 num
386 3687 489 3768 puta,
514 3685 551 3739 et
568 3663 650 3739 duas
668 3663 838 3738 foeminas
854 3667 1039 3743 Priscillam
1066 3691 1103 3743 et
1119 3674 1365 3750 Maximillam.
1411 3679 1505 3751 Mon·

283 3788 382 3845 tonus
414 3788 458 3838 ex
487 3762 647 3848 Ardaba,
674 3760 811 3858 Mysiae
836 3761 941 3854 vic0,
977 3765 1145 3840 oriundus
1167 3769 1281 3845 sellae
1299 3793 1434 3848 nomen
1451 3773 1506 3847 de·

279 3865 370 3941 dit.¹
395 3865 483 3934 Cum
510 3884 597 3934 vero
625 3859 741 3956 Mysia
767 3857 853 3932 elset
879 3861 1052 3960 Phrygiae
1080 3862 1222 3958 vicina,
1260 3867 1505 3944 Montanistae

277 3958 443 4055 adpellati
471 3957 546 4030 sunt
572 3962 596 4030 ie
620 3988 704 4031 reru
729 3954 856 4053 φρύγες
883 3959 1126 4054 cataphrygem
1166 3986 1185 4033 a
1220 3964 1361 4057 Pcpuza
1394 3989 1503 4057 vero,

280 4054 434 4154 ejusdem
468 4053 675 4146 provinciae
708 4055 862 4146 oppidu,
894 4054 955 4128 ubi
989 4057 1214 4150 praecipuam
1250 4058 1368 4134 sedem
1395 4062 1505 4136 Mon·

280 4174 401 4237 tanus,
435 4169 515 4220 cum
543 4147 711 4220 foeminis
735 4147 822 4238 illis,
852 4149 953 4238 fixit,
996 4152 1255 4244 Papanionorum
1290 4178 1426 4235 nomen
1452 4157 1512 4237 vel

276 4250 452 4333 tulerunt,
479 4244 535 4317 vel
557 4241 639 4331 fibi,
666 4263 826 4338 tanquam
845 4267 911 4339 pro
938 4246 1049 4336 rium,
1075 4248 1124 4322 illi
1150 4250 1225 4346 ejus
1242 4249 1399 4328 adseclae
1425 4252 1506 4329 vin·

277 4347 461 4435 dicarunt,
488 4340 547 4438 qui
569 4337 654 4419 illud
682 4339 855 4439 oppidum
871 4269 1134 4442 luitbitamnt,
1158 4366 1196 4423 et
1216 4369 1509 4462 propterea-ma-

830 4518 834 4523 ,
1414 4465 1521 4541 porea
