3609 5500
101 869 106 896 l

390 973 463 1048 ιρι
783 942 1222 1050 unisonantiam.

288 1131 294 1141 “
395 1122 624 1204 antevenisse
655 1124 872 1224 Inperatorii
902 1126 1068 1202 etiaim.
1119 1126 1202 1204 Eos.
1232 1123 1379 1225 quidem
1412 1126 1452 1203 in
1486 1124 1611 1203 Chuni

397 1220 681 1322 persecutionem
716 1223 846 1320 adligat
877 1246 971 1297 anno
997 1223 1115 1299 Marci
1139 1224 1299 1321 septimo,
1339 1225 1517 1313 sednon,
1549 1218 1609 1295 acsi

400 1318 578 1394 Gallicana
603 1337 687 1390 tunc
721 1318 919 1415 inceperit,
960 1343 1083 1395 verum
1109 1321 1203 1418 quod
1226 1320 1434 1395 vexationes
1458 1315 1609 1393 Christia-

399 1436 528 1494 norum
554 1432 639 1487 tunc
663 1412 806 1488 initium
831 1416 1029 1490 habuerint.
1080 1413 1224 1512 Scripsit
1248 1417 1345 1489 enini
1365 1413 1502 1490 Melito
1518 1412 1606 1487 sard.

397 1509 599 1609 apologiam
619 1530 701 1583 ante
726 1532 854 1583 annum
880 1510 953 1604 ejus
982 1528 1116 1602 i5tum,
1150 1530 1189 1586 ot
1210 1507 1308 1586 reete
1330 1509 1484 1585 Pearsou
1508 1506 1607 1585 Viud.

399 1608 417 1682 1
444 1624 515 1682 nat.
546 1631 580 1703 p.
606 1607 651 1678 11.
684 1627 716 1676 c.
747 1628 802 1700 13.
835 1626 873 1677 et
897 1606 1142 1703 Athenagoras
1175 1606 1392 1703 legationem
1424 1624 1507 1680 ante
1538 1626 1606 1679 ano.

398 1727 476 1802 ejus
494 1724 564 1796 17..
589 1721 628 1774 ut
644 1700 704 1773 suo
721 1701 800 1773 loco
821 1698 921 1796 supra
938 1702 1152 1799 disputatum
1170 1703 1232 1777 est.
1282 1703 1452 1799 Denique
1469 1724 1504 1793 4.
1520 1698 1604 1775 edic·

399 1818 475 1875 tuni
493 1795 608 1871 Marci
634 1794 677 1869 ad
694 1818 852 1869 cointium
868 1794 991 1888 Asiae,
1014 1797 1052 1870 in
1073 1797 1233 1872 savorem
1250 1796 1547 1887 Christianorum,
1567 1797 1606 1868 de
1651 1792 1657 1805 ⁴

397 1892 518 1971 animo
548 1890 623 1988 ejus
649 1916 669 1965 a
694 1893 939 1987 persecutione
974 1892 1090 1967 alieno
1128 1892 1218 1967 clare
1250 1893 1333 1968 satis
1368 1891 1533 1970 testatur:
1568 1911 1605 1965 ex

426 2015 472 2065 uo
496 2008 536 2062 et
558 1986 641 2062 illud
666 1988 833 2085 colligere
865 1988 972 2072 licet,
1012 1988 1226 2065 contrarium
1261 1988 1473 2085 rescriptum
1497 2006 1608 2068 cotim

400 2016 621 2162 {hristianos
646 2084 862 2173 Gallicanos,
902 2082 1024 2180 postea
1051 2083 1283 2181 publicatum,
1323 2084 1530 2182 singularem
1549 2083 1606 2157 ha·

397 2178 527 2268 buisse,
563 2177 655 2252 unde
680 2200 797 2252 ortum
822 2178 911 2269 soit,
943 2180 1097 2270 causam,
1131 2181 1235 2255 etad
1262 2181 1463 2256 Gallicanos
1483 2198 1607 2255 tanton

397 2271 624 2378 pertinuisse:
660 2272 751 2371 quod
779 2272 891 2371 ipsum
916 2274 1144 2372 rescriptum,
1174 2275 1268 2352 haud
1291 2277 1428 2375 procul.
1460 2295 1608 2351 amorre

398 2370 634 2473 publicatum,
667 2368 869 2445 Christianis
895 2393 1015 2466 parum
1042 2371 1184 2447 nocuit:
1209 2373 1269 2447 sub
1297 2370 1499 2448 Commodo
1520 2370 1607 2445 enini

399 2494 457 2547 res
495 2466 773 2544 Christianorum
797 2467 834 2541 in
862 2466 1096 2565 tranquilliore
1120 2465 1263 2544 suerunt
1289 2466 1399 2559 statii,
1433 2490 1525 2565 pace
1545 2465 1606 2542 sni·

399 2586 486 2642 ente
510 2563 663 2639 Ecclesia
679 2587 750 2730 pei
774 2560 1103 2658 universumorbtm,
1127 2561 1205 2642 Eus.
1230 2563 1281 2638 H.
1306 2563 1357 2641 V:
1385 2586 1446 2641 21.

405 2699 408 2704 ·
445 2659 477 2758 l.
504 2659 649 2732 CCXV.
707 2657 803 2730 tudio
820 2657 1054 2742 narrationem
1072 2656 1190 2750 omisi,
1216 2658 1301 2733 licet
1325 2658 1369 2733 ad
1386 2657 1524 2734 causato
1540 2651 1607 2733 uos·

397 2776 489 2832 tram
513 2753 656 2825 multum
675 2751 791 2852 facere
808 2748 942 2849 pollet,
967 2755 1011 2829 de
1028 2752 1412 2854 legionefulmi'iiatri'ce',
1437 2778 1484 2830 eir
1502 2752 1605 2831 Chris·

397 2850 505 2926 tiaiiis
529 2843 731 2935 constante,
770 2844 805 2921 in
832 2849 991 2923 exercitu
1018 2851 1135 2923 Marci
1169 2850 1207 2926 in
1242 2850 1332 2926 bello
1364 2874 1446 2925 cum
1471 2852 1607 2926 Marco·

399 2941 556 3032 mannis,
596 2939 693 3035 cujus
725 2941 886 3038 precibus
916 2969 1002 3040 aqua
1032 2941 1155 3043 'luisset
1186 2971 1207 3020 a
1233 2949 1314 3021 Deo
1340 2945 1540 3043 inpetrata,
1574 2963 1608 3017 et

399 3039 579 3134 exercitus
601 3039 643 3110 ab
669 3037 816 3116 interitu
843 3040 1025 3113 liberatus:
1059 3040 1151 3139 quod
1185 3041 1260 3138 ipse
1284 3045 1430 3119 Marcus
1455 3039 1607 3140 agnovis·

351 3206 358 3213 .
399 3139 465 3215 set.
506 3132 718 3212 'Veritatem
746 3134 838 3210 enini
866 3137 940 3232 ejus
964 3134 1135 3233 praestare
1161 3131 1233 3222 non
1257 3134 1382 3231 ausim,
1398 3161 1492 3233 ‚cum
1515 3135 1611 3210 nimii

398 3255 526 3335 graves
550 3227 863 3305 obstentrationes
888 3255 943 3304 eii.
978 3256 1029 3328 gr.
1059 3232 1444 3332 1.quod,Cliristiani‚
1490 3232 1553 3307 etsi
1576 3230 1611 3306 iu

398 3325 623 3429 quaestione,
649 3325 799 3424 liceatne
827 3325 1023 3400 Clirilliano
1048 3329 1202 3400 bellare?
1244 3328 1306 3402 sibi
1330 3352 1401 3406 non
1431 3326 1611 3418 constent,

397 3446 494 3500 nunc
521 3422 739 3509 damnantes,
772 3445 864 3495 nunc
892 3421 1147 3515 concedentes,
1181 3423 1224 3496 de
1247 3425 1412 3522 quo‚legi
1428 3420 1611 3499 'merentur

398 3516 564 3597 Petavius
581 3514 667 3590 Diis.
693 3516 788 3589 Eecl.
816 3518 837 3590 l.
857 3519 901 3590 li.
929 3540 960 3589 c.
981 3539 1012 3590 2.
1061 3516 1243 3592 Wetsten.
1256 3520 1299 3603 ad
1317 3521 1465 3616 Origen.
1493 3539 1613 3595 contra

397 3613 605 3712 Marcion,
629 3610 839 3711 et-Moylius
864 3636 906 3684 ac
928 3609 1075 3708 Kingius
1102 3613 1298 3712 inDisput.
1322 3616 1366 3687 de
1394 3617 1553 3690 miraculo
1569 3617 1609 3688 le·

394 3717 501 3817 gionis
516 3707 782 3805 fulini‘notri'cis,
817 3706 971 3781 nealios
994 3708 1124 3796 citem,
1158 3729 1254 3783 tanta
1279 3709 1405 3808 copia,
1437 3730 1480 3801 ¹ut
1505 3713 1612 3813 legio·

398 3835 480 3889 nem
507 3803 743 3904 constituant,
784 3804 918 3890 censeri
952 3805 1046 3877 uallo
1078 3804 1187 3882 modo
1219 3806 1346 3901 possint
1379 3804 1416 3879 in
1450 3804 1613 3883 exercitu

397 3902 515 3986 Marci
544 3900 667 3990 soille,
696 3925 727 3977 2.
754 3899 867 3998 Legio
894 3898 1108 3977 fulminatrix
1136 3901 1242 3975 suerit
1264 3902 1436 3996 Romanis
1456 3903 1533 3998 jain
1558 3928 1614 3979 aii·

289 4010 304 4085 .’
395 4025 435 4080 te
458 4022 529 4075 non
554 4017 687 4069 tantum
708 4015 810 4085 nota,
829 3997 991 4093 adeoque
1007 3999 1049 4072 ab
1076 3998 1146 4071 lioc
1171 3998 1248 4070 casu
1271 4020 1341 4076 non
1359 3997 1611 4092 denominata,

395 4100 454 4178 sed
479 4113 515 4168 et
539 4093 711 4180 Asiatica,
745 4114 811 4184 qua
836 4090 906 4164 hoc
935 4111 1193 4189 temporenon
1220 4091 1287 4166 suit
1314 4095 1389 4166 osus
1413 4095 1611 4189 Inperator.

399 4225 432 4295 3,
456 4194 601 4266 Marcus
617 4188 689 4283 ipse
708 4186 749 4269 ad
768 4188 917 4280 magicas
938 4208 1047 4276 artes,
1066 4207 1103 4261 et
1120 4187 1401 4286 superstitionem
1412 4244 1429 4275 ,.
1441 4188 1515 4264 sese
1528 4209 1613 4266 tuuc

392 4285 604 4373 contulerit,
630 4300 667 4355 et
691 4280 773 4354 inde
791 4282 978 4376 repetierit
1006 4282 1169 4374 salutem,
1196 4282 1290 4364 simul
1313 4284 1507 4375 derivarit,
1531 4308 1613 4362 curn

390 4381 574 4466 Romanis.
623 4401 658 4469 4.
694 4375 873 4468 Accedit,
911 4379 1156 4477 inperatorem
1189 4380 1304 4459 minus
1332 4380 1532 4552 mmffiffi
1564 4381 1612 4454 de

1404 4477 1489 4554 Cr‘
1522 4472 1611 4551 ‘ania
1656 4492 1657 4497 ‘
