3609 5500
811 910 920 991 Serui.
944 912 1001 990 11:
1065 989 1068 994 ,
1187 955 1245 1010 3,
1449 931 1520 1006 441

293 1092 479 1279 quoldum
500 1084 552 1165 est
578 1105 702 1167 eontm
724 1088 838 1166 thesin
862 1090 1035 1180 nostram,
1065 1106 1210 1257 praeter
1231 1088 1373 1167 unicum
1396 1092 1514 1167 locum

325 1188 398 1264 ust
419 1190 528 1262 Mart.
564 1189 656 1284 apol.
689 1190 710 1263 l.
736 1190 766 1263 1.
797 1186 888 1285 56.
949 1211 989 1261 ro
1019 1207 1115 1260 cutu
1141 1186 1378 1283 Angelorum,
1419 1187 1518 1281 cujus

295 1285 403 1358 ratio
423 1283 580 1356 habenda
612 1281 673 1356 est.
726 1285 847 1358 Verba
873 1213 959 1377 Juii.
992 1284 1080 1355 haec
1115 1281 1214 1370 sunt,
1259 1285 1389 1357 colimus
1413 1283 1521 1354 Deum

292 1371 461 1467 Patrem,
485 1394 542 1468 et,
569 1382 622 1474 qui
646 1382 689 1450 ab
717 1402 751 1450 eo
774 1380 883 1467 venit,
907 1377 1044 1467 Filium,
1068 1380 1121 1471 qui
1145 1398 1201 1449 nos
1223 1378 1303 1452 laec
1326 1383 1452 1465 docuit3
1487 1393 1521 1448 et

292 1470 463 1560 aliorum,
497 1480 551 1568 qui
575 1471 860 1570 consequuntur,
889 1488 921 1544 et
948 1478 977 1545 ei
1001 1473 1120 1558 fimiles
1136 1472 1228 1565 fulli
1242 1472 1343 1569 sunl,
1378 1476 1520 1566 Angelo·
1564 1483 1573 1508 '

289 1585 383 1646 rum
410 1569 514 1662 ςςιτὺ
538 1572 737 1651 exercitum,
777 1585 808 1638 et
823 1566 982 1662 spiritum
1012 1570 1241 1664 propheticum.
1294 1564 1518 1663 Responderi

289 1663 449 1754 quidem
464 1667 571 1752 solet,
597 1665 648 1738 uti
668 1687 687 1736 a
704 1662 859 1751 Grabio,
880 1662 937 1735 An
965 1664 1037 1736 elos
1057 1663 1117 1735 hic
1132 1685 1337 1752 occurrere,
1361 1684 1519 1737 nontan·

286 1772 433 1919 guam,
459 1783 538 1834 cum
557 1761 637 1832 Deo
655 1777 692 1830 et
710 1755 868 1842 Christe,
896 1688 1080 1846 enimdeo,
1104 1755 1163 1830 sed
1187 1781 1208 1829 a
1225 1759 1362 1832 Christo
1382 1779 1520 1855 quoque

319 1855 507 1946 tacendos,
533 1876 571 1927 ut
587 1854 701 1928 sensus
718 1850 779 1940 stt,
805 1851 932 1926 Filium
949 1850 1186 1941 ethemima,
1214 1874 1250 1925 et
1271 1856 1449 1952 Angelos,
1477 1877 1519 1927 ea

288 1938 486 2041 docuiffe,
512 1951 570 2023 sed
595 1950 709 2022 minus
732 1966 836 2041 apte,
862 1968 899 2020 et
925 1968 1107 2035 contorte,
1134 1950 1186 2019 uti
1212 1972 1363 2045 nuperus
1388 1947 1519 2046 Justini

287 2041 450 2137 editor,
483 2044 684 2118 Monachus
709 2043 743 2116 S.
770 2041 912 2132 Mauri,
946 2043 1040 2117 reete
1068 2042 1319 2117 demonstravit
1343 2045 1380 2118 in
1405 2043 1518 2118 Praef.

285 2150 340 2225 p.
375 2143 437 2218 111.
462 2139 520 2237 qui
536 2142 681 2213 verbum
704 2141 830 2233 etssopu
847 2139 890 2211 ad
910 2138 1126 2234 Angelorum
1154 2142 1305 2230 cultum,
1330 2161 1366 2214 et
1383 2172 1525 2239 agenor.

284 2229 351 2304 ad
379 2237 492 2319 Deum
518 2233 696 2308 'stiunum
722 2239 846 2307 refert.
898 2233 966 2304 Sed
990 2256 1059 2305 nec
1087 2234 1168 2307 illud
1196 2237 1318 2309 melius
1340 2236 1411 2326 est,
1455 2259 1523 2311 nec

307 2417 314 2426 ι
451 2354 529 2404 rum
546 2331 641 2403 inter
659 2330 814 2418 Patrem,
840 2326 988 2418 Filium,
1015 2352 1056 2399 ac
1070 2328 1240 2424 Spiritum
1260 2333 1294 2403 S.
1322 2332 1406 2404 ullus
1424 2333 1523 2405 locut

287 2419 379 2502 est.
420 2423 520 2501 Mihi
543 2425 686 2500 dubium
709 2422 868 2511 nonest,
895 2422 979 2518 quin
1002 2425 1098 2495 locus
1122 2423 1159 2496 in
1184 2424 1313 2496 mendo
1331 2428 1457 2516 cubet,
1483 2444 1523 2499 et

282 2523 509 2693 fflgaelr
542 2519 611 2617 legi
643 2520 766 2592 debeat
805 2518 951 2620 ςςατηγδν
985 2522 1148 2591 exercitus
1182 2524 1320 2608 ducem,
1362 2522 1451 2594 adeo
1483 2540 1523 2596 ut

388 2617 396 2634 ’
430 2644 466 2694 ua
488 2617 560 2689 hoc
585 2618 666 2687 loco
688 2631 724 2687 et
749 2616 934 2689 hommum
958 2613 1136 2704 Doctum·
1158 2615 1440 2711 etAngelorum
1464 2617 1520 2693 su·

285 2715 453 2865 fremus
482 2713 587 2800 Dux,
618 2711 831 2806 adpelletur,
877 2710 932 2785 uti
964 2712 1054 2806 apud
1081 2711 1178 2784 LXX
1204 2729 1241 2784 et
1267 2713 1383 2785 Patres
1408 2714 1522 2812 saepe.

352 2809 392 2885 se
408 2807 532 2909 Justin.
557 2806 649 2880 infra
672 2805 703 2904 5.
730 2812 787 2880 61.
813 2805 867 2879 ed.
889 2830 973 2879 nov,
1008 2806 1262 2902 eumadpellat
1287 2811 1525 2907 ἁρχιςςάτημη

346 2924 397 2980 uo
419 2903 533 2979 omnis
564 2900 744 2976 evanescit
772 2900 975 2988 difficultas,
1017 2919 1054 2971 et
1080 2924 1183 2974 verus
1208 2903 1292 2998 Just.
1319 2920 1418 2978 datur
1443 2915 1521 2980 sen-

287 2978 380 3075 su&
424 2999 512 3076 vid.
537 2994 643 3070 etiam
668 3019 745 3092 cap.
775 3020 830 3091 13.
856 2995 913 3068 ubi
927 3012 1067 3090 praeter
1094 2996 1211 3069 Deum
1239 2997 1307 3068 coli
1333 2999 1519 3072 aChristi·

287 3093 389 3169 ani,
410 3093 499 3171 dicit
522 3094 640 3166 Allium
656 3092 797 3186 secundo
820 3094 904 3178 loco,
939 3107 971 3159 et
996 3089 1151 3179 Spiritum
1174 3091 1397 3185 propheticum
1421 3097 1519 3168 tertio

290 3170 399 3281 Ῑθεο,
418 3192 510 3265 nulla
538 3188 754 3282 Angelorum
778 3185 868 3259 facia
892 3182 1085 3258 mentione.

364 3282 394 3381 5.
411 3285 618 3360 LXXXVI.
653 3283 739 3355 lllud
765 3282 886 3379 negari
910 3277 1053 3375 nequit,
1085 3280 1249 3353 nonnulla
1269 3279 1341 3375 jam
1367 3283 1436 3358 hoc
1461 3285 1518 3362 in·

296 3384 363 3448 ce
387 3381 444 3457 iffe
473 3381 512 3454 in
537 3382 595 3454 usu
623 3376 693 3450 elle
717 3376 853 3466 seculo,
892 3377 949 3452 vel
973 3373 1303 3473 initiosequentis,
1343 3403 1431 3476 quae
1453 3407 1520 3480 pet·

305 3486 341 3537 Ε
373 3498 535 3566 tnnocua‚
562 3494 599 3547 et
620 3475 750 3547 bonum
774 3475 811 3546 in
835 3473 942 3545 finem
969 3471 1150 3562 instituta,
1174 3495 1216 3545 ac
1240 3471 1381 3569 pietatis
1407 3478 1518 3555 docu-

294 3572 447 3666 menta,
487 3575 583 3647 viam
609 3591 628 3640 e
654 3570 760 3666 longo
785 3568 827 3642 ad
854 3566 1136 3664 superstitionem
1170 3567 1235 3641 hac
1258 3590 1359 3665 parte
1385 3571 1518 3649 strave-

294 3667 405 3743 runt.
451 3668 534 3766 Quo
563 3662 678 3739 refero
707 3690 737 3738 1.
762 3664 967 3738 Sandtorum
993 3661 1101 3735 nimia
1126 3664 1242 3760 elogia
1268 3683 1303 3737 et
1327 3665 1525 3762 epitheta,-

295 3756 572 3860 asimplicitate
604 3779 640 3831 et
676 3759 828 3854 puritate
856 3756 1109 3831 Christianismi
1143 3759 1247 3832 nimis
1269 3760 1403 3849 aliena,
1445 3786 1513 3840 nec
1608 3799 1610 3804 ¹

295 3852 384 3927 ¹¹01}
414 3859 608 3933 rhetoricas
639 3855 681 3929 ad
715 3880 776 3929 eos
805 3853 1050 3951 apostrophas‚
1094 3876 1180 3948 quae
1211 3855 1431 3948 hominibus,
1469 3858 1514 3937 ad

307 3953 584 4037 fiperstitionem
612 3951 750 4046 pronis,
776 3951 889 4023 ansam
913 3949 1317 4042 errandipraebuerunt.
1369 3955 1512 4029 lrenae·

297 4042 390 4123 ²1⁸1.
414 4053 463 4127 V.
492 4073 522 4124 c.
552 4071 606 4136 19.
633 4070 714 4118 curn
737 4048 831 4135 Eva,
856 4068 912 4119 ex.
938 4068 989 4140 gr.
1016 4066 1196 4138 comparat
1221 4047 1394 4138 Mariam,
1419 4074 1513 4124 eam·

300 4136 377 4216 que
397 4169 469 4220 non
493 4162 627 4218 tantum
644 4143 741 4214 Evae
766 4141 914 4238 adpellat
938 4141 1148 4228 advocatam,
1175 4143 1232 4217 sed
1256 4163 1293 4216 et
1316 4168 1426 4240 genus
1450 4146 1514 4219 hu·

301 4231 443 4339 manum
478 4264 543 4336 per
575 4261 651 4310 eam
685 4236 805 4311 salvari
837 4235 944 4324 dicit,
985 4235 1275 4332 quemadmodum
1333 4261 1371 4311 er
1402 4241 1515 4314 Evam

313 4412 323 4423 ,
366 4336 505 4409 tmorti
537 4331 724 4418 addiilurn.
774 4330 880 4409 Licet
910 4331 1002 4404 enim
1025 4332 1185 4412 advocata
1215 4262 1420 4432 simpiciter
1435 4358 1522 4407 aon·

357 4419 440 4508 Tum.
465 4432 540 4507 ffl.
864 4425 964 4509 Kkk
1270 4432 1272 4437 ’
1322 4425 1522 4526 solatricem
