3609 5500
275 921 347 1006 540
359 921 370 976 ἱ
679 902 831 1005 Historia
851 901 986 1007 Eccles.
1006 900 1132 1007 slrrr'll.

280 1086 470 1180 leserunt?
502 1082 772 1176 subsistentiam,
798 1085 835 1160 ni
852 1086 953 1162 fallor
962 1108 980 1173 .·
1008 1085 1190 1178 divinarit,
1222 1092 1312 1186 qnae
1328 1109 1373 1166 ex
1392 1084 1524 1186 sumo·

282 1207 343 1273 aa,
370 1195 441 1255 non
467 1182 509 1255 ad
527 1184 633 1271 latus,
660 1204 698 1257 ut
714 1184 869 1279 reliquae
885 1207 1037 1274 aeones,
1066 1185 1126 1257 seu
1149 1184 1208 1258 alii
1238 1184 1417 1281 Spiritus,
1451 1184 1512 1257 sed

284 1281 380 1355 reeta
407 1279 514 1368 serie,
541 1282 729 1373 processit,
755 1281 789 1352 ei
806 1284 968 1375 proxime
985 1277 1263 1375 conjuraret,
1289 1301 1326 1354 et
1345 1300 1516 1354 motuum

283 1380 478 1465 bonorum,
520 1374 828 1470 adfeslionumque
853 1376 1095 1473 spiritualium
1132 1376 1233 1449 causa
1266 1374 1303 1448 in
1333 1378 1516 1451 OEcono·

283 1475 356 1549 mia
380 1472 508 1544 divina.
562 1472 660 1566 Quae
685 1471 802 1544 secum
829 1475 954 1546 collata
980 1473 1024 1545 ad
1050 1469 1192 1544 tertiam
1217 1471 1414 1549 Trinitatis
1434 1494 1516 1569 per·

283 1570 426 1656 sonam,
459 1585 652 1639 tenuerunt
680 1569 776 1640 euim
795 1566 958 1641 Gnostici
983 1567 1055 1640 hoc
1077 1564 1232 1664 dogma,
1265 1589 1331 1643 nos
1357 1568 1516 1658 ducunt,

281 1661 441 1758 sdeoque
469 1663 522 1733 ad·
537 1661 709 1758 Spiritum
734 1666 769 1737 8.
799 1661 992 1737 Catholicis
1017 1659 1163 1739 dicium.
1215 1664 1303 1737 Cum
1332 1687 1426 1737 vero
1450 1664 1514 1737 Pa·

283 1781 340 1836 ter
364 1758 477 1854 prima
503 1757 720 1854 significetur
738 1759 991 1853 quaternione,
1024 1756 1114 1832 nihil
1144 1760 1290 1856 propius
1306 1758 1383 1850 est,
1410 1782 1513 1856 quant

284 1857 434 1951 reliquas
460 1853 561 1942 duas,
593 1855 752 1943 aPatre,
790 1850 980 1928 secundum
1006 1852 1217 1945 Gnosticos,
1250 1855 1360 1951 longe
1384 1853 1514 1931 distan-

285 1972 360 2041 tes,
390 1950 513 2023 Filium
532 1969 570 2023 et
589 1950 759 2042 Spiritum
776 1952 836 2038 8.,
865 1950 1052 2047 personas,
1079 1950 1277 2046 posteriore
1329 1950 1513 2025 uaternio·

288 2071 335 2125 ne
361 2046 470 2118 soille·
493 2046 707 2141 desrgnatas,
750 2042 910 2120 statuere.
962 2046 1108 2119 Nomen
1143 2068 1283 2142 quoque
1301 1974 1453 2120 lomina
1480 2062 1511 2121 et

284 2138 474 2231 Ecclestoe,
515 2139 571 2212 scu
595 2139 799 2228 hominum,
831 2141 891 2234 qui
912 2141 1100 2215 Ecclesiam
1120 2141 1362 2230 constituunt,
1387 2167 1411 2218 a
1431 2144 1456 2217 8
1482 2142 1512 2217 i·

285 2236 358 2311 ritu
382 2239 417 2308 8.
445 2254 516 2305 non
543 2233 734 2335 abhorret,
756 2258 835 2307 cum
864 2237 989 2310 iteam
1013 2236 1168 2328 animet,
1195 2256 1233 2310 et
1251 2236 1299 2311 fic
1326 2237 1427 2316 intus
1495 2256 1512 2311 t

281 2355 326 2409 sc
349 2334 548 2428 gubernet3
572 2329 631 2403 sed
657 2331 802 2405 nomina
827 2355 997 2421 aeonum,
1023 2330 1106 2407 inde
1130 2333 1308 2429 originem
1335 2357 1376 2407 re
1406 2341 1513 2415 eten-

282 2430 374 2505 tr'um
405 2453 424 2502 a
457 2428 585 2515 latere,
621 2449 684 2500 nos
709 2452 753 2501 eo
771 2426 955 2500 manifeste
979 2427 1132 2518 ducunt,
1167 2451 1255 2503 cuna
1271 2430 1316 2501 ab
1341 2429 1412 2504 ilus
1431 2431 1513 2527 Spi-

283 2525 372 2599 ritus
398 2522 655 2598 adfeetionibus
688 2545 725 2596 et
751 2522 1015 2618 operationibus
1051 2520 1211 2599 desumta
1241 2523 1319 2598 lint.
1371 2526 1511 2622 Adpcl·

282 2622 400 2696 santur
424 2617 541 2706 enim,
574 2640 721 2689 numero
747 2622 925 2707 duodecim,
959 2618 1154 2715 paracletus
1181 2639 1220 2693 et
1244 2617 1364 2716 pistis,
1398 2621 1509 2718 patri·

281 2731 345 2791 eos
362 2730 399 2786 et
417 2709 524 2807 elpis,
556 2712 722 2786 metricos
740 2728 777 2789 et
801 2736 953 2812 agapae,
994 2736 1157 2789 aenoset
1182 2714 1331 2811 synesis,
1356 2715 1510 2794 Ecclesi-

285 2808 472 2887 asticus'er
499 2808 729 2899 macariotes,
765 2811 915 2883 theletos
949 2830 988 2883 et
1011 2810 1142 2906 sophia
1191 2812 1509 2888 Ceterum'Plrilo·

285 2905 398 3004 tophi·
415 2902 537 3000 Judaei
564 2927 629 2999 per
646 2906 817 2999 Spiritum
841 2908 875 2980 8.
900 2906 1153 2981 intellexerunt
1175 2909 1363 2983 materiam
1386 2907 1509 3007 supre-

285 3029 378 3082 mam
405 3001 572 3087 lucidam,
612 3002 702 3075 unde
729 3002 865 3077 animae
899 3019 937 3074 et
963 3001 1103 3099 spiritus
1129 3004 1219 3079 sunt.
1271 3004 1361 3080 Vid.
1384 3009 1511 3100 vBean-

287 3104 378 3181 sobr.
410 3097 490 3173 hist.
525 3100 626 3174 Man.
663 3120 687 3174 t.
715 3103 758 3173 ll.
793 3098 853 3195 qui
882 3096 989 3171 etiam
1021 3100 1206 3194 exposuit,
1248 3098 1333 3196 quid
1372 3103 1512 3198 primus

286 3201 417 3283 homo,
442 3219 462 3267 a
490 3197 662 3287 corporali
689 3195 889 3282 distinstus,
922 3193 1111 3268 secundum
1137 3195 1375 3271 Manichaeos
1399 3199 1445 3274 srt
1472 3221 1510 3276 et

287 3293 489 3368 Gnosticos.
539 3293 702 3361 Ceterum
726 3312 871 3376 aeonas,
906 3311 951 3360 ex
989 3290 1191 3366 secundaria
1233 3292 1290 3365 illa
1327 3295 1511 3390 quaterni·

287 3404 358 3462 orie
393 3404 503 3468 ortas,
542 3406 608 3481 pro
644 3385 825 3479 spiritibus
861 3382 1157 3478 substantialibus,
1200 3413 1245 3462 ex
1272 3388 1407 3465 duabus
1441 3393 1507 3468 illis

312 3480 445 3555 erfonis
465 3478 654 3551 Trinitatis
673 3478 934 3568 emanantibus,
960 3499 998 3553 et
1015 3479 1081 3554 illis
1107 3484 1409 3576 inservientibus,
1436 3489 1507 3564 else

283 3497 478 3660 {abendam
523 3594 567 3645 ex
602 3596 647 3645 eo
683 3572 931 3663 confirmatur,
973 3600 1053 3649 cum
1087 3581 1179 3673 quod
1212 3580 1431 3679 Archangeli
1468 3604 1508 3657 et

284 3667 480 3771 slngcliin
516 3667 584 3741 hoc
613 3671 805 3764 pleromate
829 3671 943 3742 locum
974 3672 1149 3764 habeant,
1188 3677 1321 3772 quippe
1351 3680 1394 3751 ad
1423 3703 1511 3775 quot

282 3763 456 3849 efformati
491 3763 568 3836 sont
602 3766 806 3853 inferiores,
850 3784 888 3839 ut
917 3791 961 3840 ex
990 3767 1174 3843 Theodoti
1205 3773 1385 3866 excerptis
1418 3775 1442 3846 l.
1471 3800 1504 3852 c.

280 3886 404 3969 patet,
449 3880 519 3932 tum
549 3861 716 3956 supremis
744 3864 839 3939 hisce
862 3864 1031 3935 aeonibus
1052 3886 1136 3938 mox
1160 3867 1321 3963 subjungi
1346 3869 1504 3963 soleant,

278 3968 438 4044 virtuter,
460 3961 643 4051 principes,
675 3964 813 4055 Angeli,
848 3963 901 4054 qui
921 3962 1022 4052 primi
1047 3959 1235 4054 dicuntur,
1270 3982 1309 4036 ut
1338 3987 1386 4038 ex
1408 3968 1501 4041 Iren.

282 4065 396 4146 1:³24.
423 4070 532 4145 praet.
830 4112 833 4117 .
987 4107 992 4117 .
1064 4116 1068 4123 ,
1118 4124 1120 4128 Α

279 4208 288 4235 .
327 4152 359 4252 §.
387 4148 585 4220 CLXXIV.
623 4146 785 4244 Superest
812 4151 918 4248 Jesus
948 4148 1117 4242 salvator,
1142 4172 1180 4226 et
1207 4154 1385 4248 Christus,
1420 4184 1506 4237 eum

277 4253 406 4348 Spiritu
428 4243 463 4317 S.
497 4243 731 4339 explicandus.
789 4243 1019 4335 Valentinus,
1063 4249 1252 4324 secundum
1290 4255 1384 4329 Iren.
1409 4257 1441 4329 I:
1469 4282 1505 4334 2.

273 4345 436 4481 ¹christan
467 4363 493 4426 a¹
506 4362 712 4438 monogene
736 4341 856 4420 statuit
878 4341 1080 4439 prolatum,
1112 4346 1157 4424 ad
1194 4346 1345 4449 reliquas
1340 4372 1511 4517 llfirempham

409 4472 456 4507 ···
783 4490 801 4507 ·-
1295 4466 1339 4520 co
1445 4468 1515 4524 an·
