3609 5500
377 752 452 835 tn
656 691 660 697 ⁵
772 745 930 853 infern
945 746 1082 850 renen
1105 698 1285 852 orn

381 939 495 997 tutem
518 918 611 999 illam
635 923 793 1001 divinam
812 926 941 1003 Christi
968 930 1039 1005 sese
1063 951 1143 1003 curn
1168 946 1258 1025 pane
1284 920 1400 999 unire.
1452 918 1521 1017 Qut
1537 934 1585 989 ttr

383 1019 464 1094 dem
492 1021 629 1094 ratione
657 1023 744 1097 ibid.
770 1025 925 1121 loquitur
948 1049 1050 1099 autor
1073 1025 1118 1099 de
1143 1022 1359 1121 baptismate,
1387 1040 1490 1115 quem
1512 1040 1585 1121 eger·

381 1116 551 1212 nepetino
583 1123 727 1215 accipere
760 1118 850 1194 dicit
871 1120 1185 1217 santificationem.
1236 1121 1296 1192 Sic
1323 1134 1362 1188 et
1387 1116 1524 1186 Marcus
1543 1112 1590 1181 alr·

384 1238 462 1310 quus
489 1213 678 1288 Gnosticur
702 1214 794 1288 dixit
812 1218 902 1309 apud
928 1220 1075 1313 Origen.
1102 1234 1228 1289 contra
1244 1211 1448 1297 Marcion,
1471 1206 1542 1281 sesi.
1564 1205 1589 1278 Ι.

382 1309 623 1385 redemtorem
650 1309 913 1384 communic-ure
939 1314 1098 1408 Spiritum
1110 1332 1169 1405 per
1191 1305 1439 1401 eucharistiam,
1464 1308 1590 1397 inquunt

384 1410 485 1481 nteit.
539 1406 801 1497 Tertullianus,
827 1406 870 1480 ad
886 1429 992 1501 quem
1044 1430 1148 1504 ergo,
1173 1406 1236 1480 erfi
1260 1404 1428 1498 nusquam
1451 1394 1592 1471 disnnde

383 1501 596 1614 explicuerit
616 1521 771 1669 mantem
787 1502 832 1575 de
857 1430 1085 1611 euthariliia,
1113 1502 1200 1610 fecit
1217 1521 1334 1579 temen
1351 1488 1593 1667 idleluddrespefilau

384 1602 420 1765 ii
453 1595 1469 1801 iiiiiuc'onldiudddddiriugiitjaecuidnddridesddeet’sadddmedti
1485 1610 1594 1791 eeddttn

386 1786 500 1863 fuent
522 1808 626 1863 ratro.
678 1789 835 1862 Celebris
863 1790 903 1863 in
926 1791 1052 1886 primis
1077 1790 1176 1863 locus
1199 1786 1251 1862 est
1274 1808 1313 1859 tn
1335 1786 1396 1858 lrb.
1421 1783 1465 1855 de
1487 1770 1594 1871 detris-

312 1955 317 1964 ,
385 1905 437 1955 nro
464 1906 540 1979 cap.
563 1905 599 1973 4.
625 1884 685 1957 nbi
715 1908 746 1957 r.
774 1884 991 1979 baptismum.
1009 1902 1191 1981 comparat
1223 1904 1306 1955 cum
1337 1882 1431 1973 aquis
1465 1872 1594 1981 Genl-

383 1977 489 2073 super
506 1976 631 2071 quibus
648 1978 698 2053 ita
723 1980 758 2050 se
786 1980 940 2073 agitavit
965 1982 987 2053 s
1006 1983 1128 2069 iritus,
1153 1997 1192 2053 ut
1217 1977 1290 2051 sese
1313 1999 1394 2049 cum
1420 1971 1464 2045 iis
1487 1988 1594 2076 umut-

385 2072 455 2162 rit,
497 2090 535 2145 et
560 2073 635 2145 vim
661 2071 878 2147 siritualem
910 2074 954 2149 iis
976 2076 1156 2151 indiderit.
1210 2096 1243 2147 n.
1275 2072 1451 2169 Regulam
1484 2082 1593 2161 pontt.

369 2190 476 2267 quae
499 2168 594 2241 hanc
623 2167 661 2243 di
677 2190 754 2243 erte
776 2170 1052 2268 comprehendit
1084 2169 1316 2266 opinionem:
1359 2167 1504 2261 quoniam
1524 2159 1595 2252 sul·
1665 2223 1667 2227 ,

381 2269 473 2361 jede
489 2288 570 2357 quae
590 2290 629 2338 tte
644 2270 805 2356 materia,
820 2271 915 2362 ejus,
931 2292 1011 2361 quat
1029 2265 1163 2365 desuper
1178 2268 1333 2353 inminet,
1349 2263 1596 2354 qualitatem

380 2366 456 2454 piat
482 2290 599 2453 tereste
625 2360 692 2455 est,
723 2366 863 2436 maxime
894 2384 930 2434 to
968 2366 1069 2435 erulis
1083 2362 1312 2456 spiritualer,
1344 2372 1377 2428 et
1400 2352 1528 2444 infidtre
1539 2347 1594 2443 ft·

385 2456 499 2539 rilem,
525 2452 798 2548 persubstantine
811 2456 900 2549 suae
944 2461 1155 2531 uirilitatem.
1204 2452 1370 2549 Denique
1387 2468 1539 2523 mentem
1558 2442 1595 2539 de

387 2549 562 2641 baptismo
586 2547 678 2621 clare
701 2548 741 2621 in
758 2549 846 2622 haec
876 2562 986 2626 verba
1010 2554 1191 2647 explanat:
1218 2554 1230 2622 i
1253 2554 1319 2622 itur
1336 2538 1595 2639 omnetaquutdt

381 2641 523 2738 pristina
545 2645 679 2737 originis
698 2649 932 2739 praerogativa
946 2645 1194 2744 sacramentum
1209 2575 1489 2743 fimitificatienis
1507 2632 1597 2731 tetst-

384 2756 545 2836 qrtuntur,
571 2742 720 2814 invocate
744 2741 836 2814 Deo:
863 2738 949 2839 (qua
971 2744 1095 2817 eadem
1117 2743 1300 2816 locutione
1319 2742 1474 2818 Veteres
1487 2734 1529 2808 de
1544 2753 1597 2824 eu·

388 2834 552 2910 charistia
575 2835 630 2908 uti
658 2832 788 2931 solent)
811 2836 995 2930 supervenit
1017 2844 1103 2913 enirn
1118 2836 1238 2934 statim
1254 2836 1398 2934 spiritur
1420 2835 1459 2908 de
1487 2829 1591 2914 coetis,

385 2949 420 3006 et
445 2935 540 3027 aquit
555 2929 724 3028 superest,
757 2932 976 3029 senilifirarts
1000 2958 1056 3008 eas
1079 2937 1117 3006 de
1132 2932 1327 3030 semetipso,
1355 2949 1390 3004 et
1413 2934 1466 3004 itu
1482 2924 1591 3031 fatili-

379 3032 509 3200 imae
532 3033 599 3101 rim
612 3029 847 3122 sensificandi
877 3034 1071 3106 combibunt.
1124 3030 1288 3127 Denique
1321 3027 1367 3100 de
1399 3018 1596 3100 eudtuillu

398 3145 531 3217 oquene
553 3127 700 3196 eandem
723 3122 954 3215 opinionem,
980 3127 1037 3199 sed
1064 3125 1235 3199 indiredle
1258 3143 1297 3196 et
1324 3119 1520 3206 obscurius,
1541 3135 1596 3206 en·

386 3215 527 3314 prellit:
562 3215 608 3286 sic
630 3217 676 3288 de
700 3215 817 3311 resurr.
842 3243 934 3291 tarn.
959 3240 991 3290 c.
1021 3242 1079 3314 37.
1106 3246 1236 3294 carnem
1262 3217 1392 3292 Christi
1412 3237 1522 3312 putten
1542 3205 1594 3299 ad·

253 3329 256 3334 ·
385 3311 493 3408 pellat
507 3305 735 3404 spiritualem,
758 3333 796 3382 et
811 3312 855 3384 de
870 3312 995 3408 spiritu
1017 3317 1092 3410 ejus
1115 3318 1305 3412 vivificante
1331 3314 1591 3408 explicantem

386 3426 518 3480 tarnem
541 3401 635 3511 nihil
657 3406 818 3499 prodesse
842 3408 953 3496 dicit,
985 3408 1040 3490 sed
1057 3410 1216 3506 spiritum
1242 3409 1429 3508 prodesse,
1461 3398 1592 3496 titificsss

386 3500 505 3587 enim,
538 3521 576 3570 tn
602 3517 675 3583 urt,
708 3499 768 3596 qui
793 3501 934 3596 spiritus
950 3501 1059 3596 serore
1083 3505 1145 3580 est„
1168 3508 1254 3580 ·Sie
1276 3523 1316 3578 et
1332 3503 1380 3578 in.
1407 3529 1440 3580 o
1467 3511 1499 3582 8·
1522 3514 1596 3570 0²¹0

383 3617 511 3690 corpore
527 3611 559 3666 et
566 3520 729 3689 donguine
746 3597 865 3692 coristi
879 3597 1041 3691 vescitur,
1059 3617 1096 3671 ut
1112 3619 1146 3674 et
1159 3608 1271 3674 amm
1287 3605 1324 3673 dt
1336 3600 1407 3673 Deo
1421 3597 1597 3699 sagittus?-

385 3695 487 3859 Dffus
502 3713 610 3784 ergo,
634 3691 692 3764 seu
707 3691 828 3768 divina
843 3713 985 3784 natura,
1005 3694 1127 3785 erute,
1150 3697 1341 3774 secundum
1358 3698 1488 3785 Tere,
1509 3703 1598 3764 unm

383 3810 408 3862 e
462 3808 542 3857 cum
565 3807 666 3874 pnne.
1007 3837 1014 3842 -
1461 3865 1469 3870 .

433 3877 466 3976 s.
491 3879 620 3952 cxxi.
650 3882 799 3955 AEterum
820 3901 946 3978 eaput,
971 3884 1013 3958 ad
1039 3884 1338 3962 sacramenromm
1356 3884 1538 3984 pertinens
1552 3875 1596 3968 in·

383 3975 581 4060 telettum,
605 3997 730 4048 verum
752 4001 874 4050 eorum
898 3980 1167 4076 compleffltur,
1193 4007 1239 4056 ex
1262 4003 1386 4056 mente
1411 3985 1597 4057 Veterum,

380 4067 632 4178 conspeitum,
674 4093 748 4145 non
778 4071 815 4145 in
841 4097 887 4146 eo
920 4073 1042 4162 litum,
1081 4079 1243 4173 respectu
1277 4076 1527 4160 eucharistiae,
1561 4081 1597 4138 ut

379 4167 465 4244 iude
489 4166 627 4258 ordtnr,
669 4167 765 4265 quod
793 4168 837 4246 fit
869 4193 996 4250 verunt
1017 4172 1232 4255 sacrificium
1254 4171 1480 4352 hilnsticurss,
1513 4157 1595 4261 quui

379 4288 395 4346 t
1354 4341 1364 4356 ,
1401 4345 1406 4351 ,
1468 4275 1599 4348 ouum*
