3609 5500
925 427 927 440 l

267 426 1642 702 n

686 910 702 978 -’
803 910 988 1013 secatis.
1084 910 1113 919 ”
1432 933 1514 1027 nr

279 1104 409 1196 edistis
439 1101 582 1205 uastos,
609 1115 722 1209 palam
745 1117 957 1208 latrocinari,
982 1111 1105 1189 nostes
1130 1129 1234 1212 atque
1260 1109 1336 1190 dies
1358 1111 1506 1215 spolian-

280 1203 338 1290 ies
362 1210 548 1299 innoxios,
577 1232 741 1310 oratque,
773 1236 818 1286 ne
847 1216 1009 1288 deserant
1032 1214 1258 1308 superatores
1281 1210 1316 1285 se
1338 1211 1376 1288 in
1391 1210 1507 1310 liujus&

279 1309 513 1401 maspetum
539 1307 718 1385 latrocinio.

290 1437 298 1454 ·
354 1404 550 1480 mcxlv.
588 1405 694 1480 Licet
720 1406 837 1502 itaque
865 1428 936 1478 non
964 1408 1110 1503 negem,
1144 1402 1426 1502 persecutionem
1449 1401 1506 1504 ri·¹

279 1497 393 1604 'garsie
417 1500 477 1574 sub
504 1500 633 1574 Marco
655 1525 720 1599 per
745 1502 889 1587 Gallias,
917 1502 1124 1590 Graeciam,
1152 1522 1189 1575 et
1215 1504 1348 1589 Aliam,
1377 1498 1506 1574 varios«

308 1619 374 1688 uc,
399 1595 594 1698 praecipue
621 1599 659 1671 in
676 1599 820 1689 Galliis,
848 1595 956 1672 fabios
981 1598 1050 1672 elle
1075 1602 1278 1697 Martyres,
1304 1598 1398 1671 inter
1419 1613 1507 1695 quor

281 1623 433 1772 suerunt
451 1693 678 1789 Polycarpus,
697 1693 852 1791 Jnstinus
867 1695 1030 1792 Martyr,
1054 1695 1134 1784 alii,
1151 1694 1324 1790 publicam
1343 1687 1412 1767 effe
1425 1712 1506 1788 per·

283 1787 506 1868 secutionem
530 1788 711 1882 grassatam
738 1791 939 1887 neutiquam
967 1789 1254 1864 existimaverim.
1306 1788 1512 1887 Scriptores

285 1885 386 1961 enim
417 1904 448 1955 r:
472 1885 631 1979 aequales
656 1885 780 1959 nullius
797 1909 868 1959 non
892 1903 1026 1959 tantum
1051 1890 1141 1959 edillr'
1163 1883 1419 1974 meminerunt,
1448 1878 1508 1957 sed

286 1999 328 2056 et
351 1977 481 2053 nullum
514 1976 636 2070 fuisse,
678 1980 807 2056 diserte
839 1979 952 2055 testati
986 1980 1088 2057 sunt,
1122 1980 1227 2082 Quod
1253 1983 1384 2055 Melino
1410 1978 1507 2075 Sard,

285 2071 310 2154 l.
337 2099 395 2178 c.,
419 2071 482 2146 etli
498 2074 697 2149 dubitanter
720 2080 875 2168 locutus,
901 2075 994 2151 haud
1011 2081 1155 2152 obscure
1173 2077 1359 2176 fignificat:
1375 2074 1410 2170 fi
1428 2077 1511 2175 laer

286 2179 346 2250 luo
360 2166 452 2269 juffit
470 2170 580 2267 finnt,
606 2172 742 2269 inquit,
766 2178 847 2246 resle
871 2190 966 2270 arque
989 2177 1095 2249 ordine
1108 2173 1211 2264 furia
1226 2174 1350 2274 sunt03
1375 2167 1410 2268 st
1433 2191 1508 2270 rere

287 2277 373 2359 lton,
385 2268 522 2375 perimus
539 2290 577 2340 ne
594 2292 652 2342 nos
668 2275 784 2343 vexari
793 2267 897 2362 finos.
947 2271 1101 2360 Melito,
1121 2269 1183 2345 nist
1198 2264 1510 2369 praesupposuisl‘er

287 2361 460 2460 eiusmodi
485 2363 600 2438 edissa
624 2366 671 2438 ab·
691 2367 900 2462 inperatore
926 2389 998 2439 non
1023 2365 1211 2456 emanasse,
1237 2372 1320 2440 reslt
1344 2387 1384 2439 ac
1400 2365 1509 2459 ordint

288 2459 373 2538 'fleri
400 2478 473 2531 non
498 2451 657 2552 dixisset,
692 2485 762 2558 quo
787 2462 896 2535 tacite
922 2459 1129 2536 insinuatum
1159 2459 1277 2559 iraque
1302 2458 1438 2552 voluit,
1463 2459 1512 2532 ab

285 2558 492 2654 luperatore
518 2575 589 2627 non
612 2555 764 2653 potuisse
787 2555 989 2655 proficisci,
1025 2579 1107 2631 curn
1127 2558 1169 2631 ab
1193 2556 1269 2666 ipso
1286 2556 1334 2632 nil
1359 2554 1422 2630 nisr
1437 2552 1512 2653 jus-5

287 2657 367 2729 tnrn
386 2647 619 2747 asperserun—
668 2653 845 2752 Athenag.
870 2677 1007 2751 qnoque
1023 2655 1064 2728 ln
1093 2657 1285 2729 eratortbus
1302 2651 1389 2730 nihil
1414 2651 1510 2748 aliud

285 2745 517 2849 inputatae
540 2748 634 2844 q'uod
663 2747 867 2823 Christianis
889 2772 963 2822 non
987 2677 1223 2848 proibiciant,
1249 2751 1450 2826 libertatem
1468 2752 1512 2847 er]

283 2841 512 2922 securitatem
530 2864 602 2918 non
620 2863 811 2943 procurent
834 2842 1048 2936 efficaciter,
1076 2846 1133 2921 sed
1152 2865 1213 2919 eos
1232 2845 1384 2928 sinerent
1400 2852 1512 2920 venai¹

283 2938 330 3021 ri.
384 2941 541 3015 Tantum
565 2941 608 3015 ad
634 2942 751 3015 Gallos
779 2940 994 3052 inperatoris
1020 2959 1237 3015 memoratur
1259 2941 1401 3036 aliquod
1426 2936 1506 3012 mis·

285 3038 365 3114 sum
390 3034 615 3132 rescriptum,
649 3060 720 3134 quo
747 3035 962 3112 Christianos
984 3036 1165 3130 permittit
1189 3033 1324 3125 occidi,
1360 3032 1418 3106 sed
1442 3034 1512 3140 pes

286 3130 413 3208 culiari
437 3131 481 3206 de
505 3134 665 3222 ratione,
704 3156 807 3228 quam
833 3131 943 3206 modo
967 3152 1011 3203 err
1040 3129 1134 3221 osui,
1167 3146 1205 3202 et
1232 3149 1306 3203 arte
1329 3142 1511 3202 extortum

285 3225 496 3326 inperatori.
555 3226 719 3302 Edisturn
753 3226 870 3326 itaque
900 3249 973 3300 non
1007 3152 1076 3300 snit
1110 3242 1235 3299 contra
1271 3222 1510 3325 Christianos,=

313 3348 356 3399 ua
383 3322 486 3415 tales,
511 3322 569 3397 sed
595 3346 659 3421 qua
685 3325 887 3415 sceleratos,
912 3322 1027 3420 quales
1052 3322 1090 3396 in
1107 3319 1229 3397 Galliis
1253 3320 1322 3396 effe
1340 3344 1386 3396 err
1403 3322 1510 3417 Prae?

285 3348 397 3503 ddum
413 3416 553 3518 scriptis
578 3419 755 3496 credebat.
809 3443 842 3495 a.
866 3418 1070 3493 Persecurio
1085 3442 1157 3494 non
1176 3416 1391 3514 inperatoris
1406 3416 1509 3493 edic?

277 3530 348 3615 to,
372 3514 432 3592 sed
449 3512 702 3590 incurfionibus
726 3516 973 3613 popularibus,
999 3514 1173 3627 originem
1190 3514 1282 3588 suam
1308 3514 1435 3591 debet:
1461 3534 1507 3591 ut
1602 3566 1616 3579 -·

284 3610 419 3689 diserte
440 3612 518 3686 Eus.
545 3612 594 3685 H.
621 3612 668 3687 V.
696 3611 733 3685 in
766 3609 973 3709 prooemio,
1015 3615 1074 3686 ubr
1107 3635 1184 3686 eam
1209 3615 1243 3700 ἐξ
1266 3612 1428 3689 ἐπιθέσεώς
1450 3609 1509 3687 etii

270 3708 373 3785 siaul
393 3708 495 3788 elatu
517 3706 615 3804 siper
639 3706 708 3782 esse
730 3720 844 3782 ortam
862 3706 982 3783 tr'adit.
1035 3706 1140 3808 Quod
1157 3710 1342 3804 Inperator
1356 3707 1394 3780 in
1408 3706 1519 3780 edic·-

287 3820 335 3881 to
354 3807 443 3902 apud
467 3806 545 3880 Eus.
573 3806 680 3880 etiarn
707 3802 797 3878 clare
824 3804 1017 3902 fignificat,
1045 3802 1185 3897 gentiles
1207 3817 1320 3875 contra
1349 3798 1514 3897 caristia--

286 3911 351 3978 ator
371 3907 560 3977 tumultuari
581 3900 711 3976 dicens.
765 3897 942 3988 Accedit,
987 3921 1019 3994 3.
1051 3894 1259 3994 rescriptum
1291 3896 1517 3994 inperatoris,

286 4020 364 4074 rron
388 3995 452 4074 nili
475 4000 536 4074 snb
561 3996 669 4071 finem
696 3993 792 4070 vitae
819 3990 1010 4087 emanasse,
1035 4012 1114 4068 cum
1133 3992 1333 4090 persecutio
1357 3992 1505 4068 Gallica-

285 4116 354 4187 na,
379 4094 418 4170 in
433 4116 513 4171 ann.
534 4096 609 4193 ejus
629 4116 778 4187 rymum,
802 4115 872 4167 aer.
897 4090 948 4167 V.
976 4114 1019 4187 17
1049 4144 1078 4181 .,
1103 4086 1287 4173 inciderit,
1306 4106 1345 4162 ut
1361 4106 1405 4161 ex
1423 4084 1503 4166 nus.

269 4188 310 4268 112
345 4212 377 4267 c.
413 4190 568 4281 constat,
610 4189 708 4263 cu‘us
739 4188 809 4263 loci
840 4187 949 4262 fidem
979 4115 1076 4262 reste
1109 4207 1234 4260 contra
1260 4183 1433 4291 Dodtrell.
1465 4182 1515 4261 et'
1595 4282 1597 4286 Ι

282 4284 373 4365 alios
398 4284 557 4361 defendit
582 4286 666 4384 Pagr
689 4282 731 4356 ad
750 4287 874 4360 Baron.
925 4282 982 4357 Ex
1013 4304 1083 4380 quo
1108 4280 1205 4356 srmul
1230 4277 1416 4367 elucescit,
1451 4300 1505 4352 re.

280 4380 398 4518 liquat
419 4381 683 4497 persecutiones
709 4376 747 4459 iu
773 4374 926 4555 (ἒξεεεέα
949 4396 987 4454 et
1005 4379 1107 4476 Asta,
1133 4376 1265 4484 quippe
1289 4372 1522 4466 anteriores,·
1592 4437 1594 4441 ,

1580 4568 1642 4828 l

1405 4487 1509 4582 aare·
