3609 5500
668 705 675 713 ’
741 702 847 783 Serui.
872 703 904 781 Ι.
1001 695 1022 706 ..
1382 698 1436 809 §l

200 904 324 984 magna
346 880 457 981 copia
484 884 626 978 adlatis,
650 885 871 977 involutum,
895 908 938 959 ac
960 882 1079 959 linteis
1102 884 1331 983 obvindlum,
1355 910 1423 987 pro

200 1007 296 1056 more
320 980 511 1056 funerandi
535 986 628 1080 apud
652 983 823 1080 Judteos',
867 982 1057 1079 repositum
1081 982 1119 1056 in
1152 1008 1248 1059 novo
1273 986 1421 1085 Jdsephi

201 1078 420 1153 Arimathaei
437 1100 715 1171 monumento„-
741 1104 763 1153 e
784 1097 886 1178 petra
908 1080 1048 1168 exciso,
1082 1078 1121 1152 in
1145 1078 1273 1170 horto,
1306 1106 1421 1179 prope

204 1178 314 1248 locum
340 1174 598 1250 crucifixionis.
645 1178 689 1249 In
721 1198 793 1275 quo
820 1174 999 1270 stng'ularis
1029 1174 1100 1248 sese
1136 1175 1421 1273 conspiciendam

203 1270 365 1367 praebuit
414 1270 640 1362 rovidentia,
670 1294 771 1361 cum,
814 1267 989 1344 Christum
1008 1271 1080 1367 jam
1106 1290 1190 1344 tunc
1211 1295 1231 1345 a
1254 1292 1421 1367 peceato·

202 1369 294 1439 ribus
315 1365 372 1439 fui
400 1391 423 1439 e
447 1368 663 1465 separatum,
704 1388 742 1440 et
765 1366 856 1463 quast
889 1388 955 1461 per
986 1365 1300 1463 anticipationem,
1345 1389 1419 1443 tan·

204 1485 307 1559 quam
332 1486 446 1558 opere
464 1462 621 1537 feliciter
642 1462 807 1560 peraiio,
828 1460 1056 1559 justificatum
1082 1486 1101 1535 a
1123 1465 1226 1553 Deo,
1251 1463 1348 1538 fimul
1364 1464 1418 1539 in·
1465 1462 1470 1479 ³
1536 1480 1540 1493 ·

203 1577 410 1653 corruptum
433 1560 631 1633 mansurum
655 1558 728 1655 ejus
758 1582 907 1655 corpus,
932 1576 970 1630 et
993 1557 1094 1631 brevi
1125 1557 1419 1651 resuscitandum,

207 1654 393 1729 elucescat:
426 1672 613 1750 praeterea
642 1653 799 1730 notabile
823 1650 1054 1744 vaticinium,
1089 1654 1157 1751 Jes.
1182 1654 1278 1731 LIII:
1304 1680 1340 1751 9.
1366 1658 1419 1732 in·

212 1752 425 1847 plementutn
449 1748 494 1823 srt
510 1748 756 1841 consecutum,
781 1748 837 1823 his
858 1749 997 1839 verbis,
1024 1749 1075 1823 uti
1094 1748 1248 1824 ordinari
1266 1776 1307 1826 ac
1322 1751 1418 1827 verti

208 1847 351 1921 debent:
385 1850 609 1937 attendetur,
642 1843 748 1942 (quae
771 1844 914 1943 propria
942 1844 993 1919 est
1025 1848 1127 1921 verbi
1157 1845 1223 1949 llll
1248 1846 1420 1945 potestas)

211 1944 262 2017 tel
283 1941 536 2038 suspendetur,
575 1966 647 2015 cum
667 1944 807 2037 inprobis
838 1948 872 2015 in
903 1961 1004 2018 morte
1019 1942 1109 2041 [ηας
1138 1946 1204 2038 sed
1227 1968 1299 2019 cum
1321 1948 1423 2018 diuise
1578 1953 1580 1959 ’

213 2039 271 2112 erit
283 2036 497 2135 sepulchrum
519 2036 612 2133 eiua·
690 2037 759 2110 uod
775 2034 892 2112 obiter
907 2038 1040 2113 notall'e
1056 2035 1251 2115 suffecerit(
1295 2038 1423 2115 Eidem

211 2138 307 2211 etiam
329 2133 526 2208 dirediioni
560 2132 672 2216 adseri
697 2132 827 2207 endum
860 2130 930 2224 est,
972 2134 1075 2230 quod¹
1098 2134 1321 2231 sepulchrum
1345 2134 1422 2208 fue·

211 2230 280 2304 n‘t‘
334 2250 422 2305 ente
442 2228 562 2327 lapide
589 2229 739 2303 clausum
756 2252 830 2304 non
854 2246 1015 2321 tantum,
1039 2228 1098 2303 sed
1123 2250 1180 2320 et,
1204 2231 1247 2306 ad
1263 2229 1421 2328 petitio·

209 2350 284 2402 nem
329 2326 546 2415 udaeorum,
579 2324 724 2422 publico
744 2321 920 2399 munitum
945 2324 1076 2422 figulo,
1111 2348 1153 2399 ae
1177 2327 1331 2417 militum
1345 2326 1423 2400 Ro·

211 2447 386 2498 manorum
413 2419 588 2517 praesidio
610 2419 843 2511 custoditum,
867 2443 914 2493 ne
935 2443 1063 2518 corpus
1085 2418 1168 2497 inde
1190 2422 1286 2498 surto
1310 2422 1423 2497 aufer-

208 2540 320 2609 retur,
357 2520 419 2597 uti
442 2518 646 2591 metuebant
670 2515 817 2618 Judaei:
857 2538 903 2590 eo
924 2518 1030 2613 enim
1052 2517 1130 2617 ipso
1150 2520 1282 2593 veritas
1309 2517 1421 2593 resur·

210 2614 374 2690 reiiionis
390 2638 449 2688 ma
473 2613 504 2685 ir
525 2610 688 2688 illustrata
703 2612 796 2703 fuit,
815 2611 1175 2722 postquam,'corpur
1192 2616 1267 2713 ejus
1280 2614 1331 2690 ibi
1348 2635 1424 2689 non

208 2732 261 2785 am
285 2712 350 2786 lius
371 2710 425 2785 sui
453 2733 494 2796 e,
520 2706 663 2805 publice
683 2708 854 2785 coustittt.
1257 2740 1259 2743 ’
1430 2755 1433 2761 2

279 2864 290 2882 .
311 2806 555 2882 LXXXVIII.
587 2803 696 2879 Tertio
711 2805 855 2896 mortis,
879 2804 952 2881 five
973 2807 1189 2904 judicialiter
1212 2803 1423 2900 pronuncia·

208 2901 482 3072 melini
496 2899 954 3091 distulistis
970 2905 1117 3069 silit
1132 2897 1426 3068 ‘insilii

207 3119 255 3169 ex
275 3021 480 3192 Eetiangeliii
504 3092 622 3168 secum
654 3089 791 3164 collatis
815 3087 959 3183 ordine,
991 3050 1181 3168 secundum
1204 3112 1319 3164 meam
1345 3089 1440 3187 opi·-

209 3192 374 3281 nionem,
412 3211 593 3278 enarrem,
625 3185 760 3262 summo
783 3209 907 3278 mane,
942 3207 981 3262 et
1003 3189 1113 3285 prima
1137 3186 1277 3262 diluculi
1303 3205 1425 3284 parte,

209 3287 362 3363 tenebris
394 3285 551 3360 nondum
577 3280 744 3379 depulsis,
781 3282 840 3357 sed
865 3285 943 3358 luce
967 3285 1075 3380 primi
1108 3284 1322 3381 septimanae
1349 3283 1423 3358 diei

210 3383 332 3458 leviter
359 3399 401 3456 et
427 3381 550 3455 sensim
574 3378 782 3476 adparente,
806 3381 993 3454 nonnullae
1017 3378 1200 3470 mulieres,
1225 3379 1322 3453 inter
1338 3402 1431 3478 quar·

208 3480 325 3554 Maria
347 3478 586 3575 Magdalena,
609 3473 731 3550 Maria
752 3491 866 3548 mater
892 3475 1039 3571 Jacobi,
1063 3494 1102 3550 et
1125 3477 1282 3564 salome,
1308 3473 1421 3572 sepul·

207 3577 331 3650 chrum
361 3599 448 3652 cum
482 3571 713 3663 aromatibus,
753 3570 795 3644 ad
830 3591 958 3667 corpus
991 3573 1134 3647 ulterius
1164 3569 1424 3661 condiendum,

208 3690 389 3768 petentur,
415 3693 499 3745 curn
517 3666 601 3746 illud
626 3666 697 3740 else
712 3683 893 3762 apertum,
918 3665 1034 3762 lapide
1059 3685 1218 3756 remoto,
1243 3664 1422 3764 elongin-

207 3792 293 3866 quo,
320 3768 379 3842 uti
398 3791 467 3864 per
493 3766 606 3840 lucem
631 3764 675 3839 ab
701 3761 937 3856 Ange10‚ibi
964 3763 1168 3858 praesente,
1194 3760 1422 3860 effulgescen·

207 3884 493 4036 nme
514 3859 710 4030 illm
728 3855 1426 4048 astruantatterrit-

409 3983 451 4033 er
512 3981 526 4030 t
1058 3981 1080 4030 u
1141 3981 1179 4030 rn
1408 3989 1423 4006 -

216 4057 332 4151 lenm,
364 4055 442 4132 sese
464 4014 492 4128 ’a
512 4049 654 4144 reliquit
679 4048 873 4146 separavit,
915 4069 952 4125 et
980 4075 1081 4149 quam
1107 4049 1268 4126 citiffime
1293 4044 1336 4118 ad
1359 4045 1425 4116 Pe·

216 4169 301 4230 trun
318 4149 486 4239 cucurrit
518 4169 563 4228 ac
585 4143 804 4335 'Jobauuenpi
837 4144 921 4226 illud
944 4147 1123 4233 muciam.
1171 4146 1314 4227 lateret
1345 4137 1431 4310 talaia
