3609 5500
296 962 366 1051 198
684 950 830 1055 ilistorio
854 950 984 1055 Ecclefi
1009 950 1124 1056 dnm.

298 1157 381 1212 ante
406 1135 667 1237 Hieronymum
693 1137 819 1211 vixisse
845 1137 1006 1229 videtur,
1040 1122 1098 1213 sed
1121 1134 1195 1234 ipse
1212 1150 1281 1211 tres
1302 1132 1443 1212 ordines
1458 1133 1528 1227 firs—

298 1233 359 1306 ille
386 1234 564 1308 inllitutos
581 1234 746 1331 eaprelsis
763 1235 882 1308 verbis
898 1236 1025 1326 tradit,
1052 1253 1187 1309 tantum
1206 1238 1334 1309 nomina
1356 1234 1396 1308 in
1413 1232 1513 1330 prin·

295 1331 395 1426 cipio
421 1331 522 1403 suill'e
546 1331 690 1408 conl'usa
714 1330 812 1406 dicit.
875 1337 876 1341 ’

346 1426 378 1526 l.
408 1429 589 1504 CLXXV.
628 1428 684 1503 Ex
707 1450 787 1503 mea
809 1425 1004 1518 sententia,
1035 1443 1075 1499 ut
1099 1448 1175 1500 earn
1203 1447 1269 1523 per
1295 1447 1397 1500 unam
1424 1428 1509 1502 alte,

295 1547 418 1598 tamve
445 1524 558 1600 thesin
591 1546 787 1621 exponam,
814 1542 852 1597 et
875 1523 1068 1613 adstruam,
1099 1547 1127 1598 r.
1153 1522 1327 1596 Ecclesiae
1354 1524 1522 1619 particu.

294 1622 402 1709 lares,
425 1620 576 1715 periodo
600 1619 824 1717 apostolica,
849 1644 868 1693 a
897 1620 1051 1717 collegio
1077 1620 1232 1696 virorum
1258 1618 1413 1714 ejusdem
1429 1620 1510 1718 dig·

295 1717 419 1791 nitatis
437 1734 475 1787 et
499 1714 701 1811 potestatis,
728 1716 800 1789 five
817 1715 985 1813 Episcopi
1003 1715 1165 1803 audiant,
1190 1715 1262 1789 five
1286 1716 1508 1813 Presbyteri,

294 1812 438 1887 suerunt
474 1810 752 1902 administratae,
794 1811 854 1885 sub
882 1809 1080 1909 Apostolis,
1120 1832 1290 1884 eorumve
1317 1810 1510 1907 delegatis,

294 1928 459 2005 tanquam
486 1905 654 2005 supremis
687 1906 939 1997 direeloribus,
983 1906 1043 2004 qui
1070 1905 1161 2002 quast
1190 1908 1288 1979 vices
1311 1905 1509 2078 Episcopo·

293 2028 391 2095 rum,
427 2005 542 2099 quales
570 2002 691 2102 postea
713 2001 904 2077 introdutli
933 2002 1031 2092 sunt,
1063 2002 1324 2098 suppleverunt.
1373 2004 1430 2076 Re
1468 2029 1509 2077 o·

292 2123 350 2175 res
381 2100 498 2196 itaque
527 2099 669 2173 suerunt
692 2098 855 2197 Apostoli
879 2117 919 2174 et
943 2099 1160 2193 Presbyteri,
1186 2121 1259 2172 non
1282 2119 1370 2170 vero
1392 2101 1510 2199 Apos-

293 2196 383 2286 toli,
406 2194 599 2294 Episcopi,
628 2214 665 2270 et
680 2195 890 2293 Presbyteri.
943 2193 1105 2305 Apostoli
1152 2216 1320 2267 eorumve
1334 2193 1511 2293 delegati,

291 2292 437 2369 suerunt
468 2314 554 2367 uere
585 2290 633 2366 sic
663 2288 750 2366 dieti
781 2311 818 2366 et
850 2292 1001 2390 supremi
1035 2249 1166 2387 Episco
1192 2289 1234 2379 i,
1273 2311 1341 2363 nec
1365 2312 1512 2387 praeter

290 2414 355 2465 eos
378 2390 437 2464 ulli
461 2387 540 2476 alii,
564 2387 813 2485 apresbyteris
828 2386 968 2462 diversi.
1023 2386 1149 2461 Tbesrs
1166 2314 1226 2459 iris
1249 2384 1375 2459 nititur
1395 2388 1509 2463 ratio·
1559 2484 1562 2490 Ι

291 2486 405 2560 nibus.
458 2508 488 2558 r.
516 2486 605 2557 Cum
633 2482 794 2583 Apostoli
820 2484 954 2558 suerint
977 2507 996 2558 a
1024 2480 1163 2556 Christo
1185 2481 1394 2557 universales
1419 2505 1510 2560 con·

289 2581 405 2657 stituti
431 2578 662 2682 Ecclesraqum
698 2578 855 2654 omnium
887 2578 1104 2677 inspeetores
1136 2597 1174 2651 et
1197 2575 1410 2669 diffideres,
1450 2582 1507 2680 uti

288 2680 412 2774 supra,
437 2674 498 2771 ubi
523 2675 568 2747 de
590 2676 623 2750 A
652 2671 788 2767 obolis,
813 2674 985 2764 vidimus,
1008 2673 1194 2772 Episcopis
1207 2672 1283 2746 aliis
1297 2675 1414 2750 locum
1430 2697 1507 2756 non

286 2772 416 2863 suilie,
457 2771 582 2868 sponte
615 2701 673 2846 lira
705 2771 742 2846 in
767 2774 886 2847 oculos
922 2772 1080 2846 incurrit.
1127 2772 1233 2844 Licet
1255 2769 1351 2844 enirn
1376 2770 1511 2872 ubique

316 2868 489 2944 raesentes
514 2864 584 2941 else
610 2890 683 2942 non
709 2868 911 2967 potuerint,
946 2891 1011 2964 per
1032 2868 1185 2957 litteras,
1216 2883 1276 2940 aut
1302 2865 1505 2963 delegatos,

285 2895 385 3044 Eune
411 2960 588 3037 desesiurn
617 2963 720 3038 facile
744 2963 1005 3060 suppleverunt.
1057 2964 1162 3067 Quod
1189 2984 1268 3037 cum
1293 2963 1336 3036 ab
1362 2962 1406 3036 iis
1429 2964 1503 3041 fao

286 3083 367 3140 turn
396 3057 465 3135 effe
490 3058 647 3152 constet,
674 3059 780 3160 hinc,
809 3083 840 3154 2.
893 3085 956 3135 uae
980 3059 1126 3135 secunda
1151 3057 1203 3135 est
1224 3055 1333 3149 ratio,
1359 3059 1507 3161 collige·

285 3183 329 3242 se
360 3156 466 3247 licet,
507 3154 593 3232 alios
623 3180 695 3231 non
726 3155 829 3230 fuisse
915 3176 969 3230 tos
1003 3176 1041 3230 et
1070 3154 1263 3229 ordinarios
1292 3155 1322 3227 E
1350 3154 1505 3254 iscopos.

287 3257 417 3342 Titus,
442 3272 482 3326 ut
506 3278 578 3326 uno
603 3255 762 3327 alterove
779 3255 946 3349 exemplo
966 3276 1040 3327 reni
1057 3249 1222 3326 illustrem
1239 3268 1277 3324 et
1298 3179 1503 3348 adfirment,

283 3353 347 3448 qui
375 3351 418 3422 ab
444 3348 676 3442 Episcopatus
733 3349 863 3420 atronis
896 3349 1024 3419 citatur
1056 3366 1217 3442 tanquam
1251 3349 1377 3421 Cretae
1400 3348 1505 3446 Epis·

282 3468 418 3543 copus,
453 3443 602 3515 aPaulo
623 3465 668 3514 co
724 3440 855 3530 itutus,
887 3443 1069 3538 personam
1095 3443 1201 3539 legati
1225 3442 1321 3516 Pauli
1347 3441 1399 3516 ibi
1424 3446 1504 3544 egit

281 3539 323 3615 in
340 3539 441 3611 rebus
459 3535 678 3628 ordinandis,
704 3558 746 3609 ac
760 3539 976 3633 presbyteris
992 3537 1256 3613 constituendis.
1291 3540 1412 3612 Paulus
1431 3542 1502 3620 uti·
1553 3564 1557 3572 ·

285 3658 355 3733 que
380 3654 460 3705 eum
488 3633 531 3704 ad
559 3649 684 3728 tempus
709 3649 846 3705 tanturn
872 3632 923 3707 ibi
940 3635 1146 3732 reliquerat,
1171 3659 1203 3709 c.
1228 3637 1256 3708 1:
1283 3657 1317 3725 5.
1345 3656 1383 3708 et
1397 3639 1505 3714 rebus

280 3726 500 3830 persensae
527 3726 562 3799 se
589 3728 705 3800 redire
728 3726 842 3824 justit,
875 3754 906 3804 c.
933 3733 1000 3804 lll:
1029 3753 1084 3805 12.
1136 3730 1279 3804 Deinde
1301 3731 1340 3804 in
1361 3734 1506 3810 manda-

277 3829 329 3902 ›tis
359 3821 500 3912 habuit,
526 3826 749 3921 presbyteros
782 3831 899 3923 eligere
924 3847 961 3901 et
985 3831 1132 3902 ordinare
1156 3858 1239 3904 sesa
1263 3849 1348 3903 nanu
1370 3848 1430 3925 per
1444 3855 1502 3905 er·

280 3931 359 4012 bes,
393 3920 550 4016 adeoque
579 3920 737 3998 omnium
766 3948 829 4020 per
863 3942 974 3998 totam
1000 3924 1144 3999 insulam
1169 3925 1400 3999 Ecclesrarunr
1424 3947 1504 4002 erat

277 4012 498 4116 Episcopus,
541 4040 627 4113 quae
651 4018 803 4190 sinqulae
825 4021 905 4094 suos
937 4020 1113 4094 habebant
1138 4023 1373 4119 presbyteros.
1425 4024 1503 4099 Des

279 4119 389 4215 nique
417 4109 593 4186 monitum
615 4114 700 4210 Apo
733 4115 800 4205 oli,
826 4139 858 4190 c.
886 4119 914 4190 l:
943 4140 999 4211 13.
1025 4119 1184 4211 redargue
1210 4143 1261 4191 eos
1279 4117 1502 4212 ὀποτᾷμυονὶ-

276 4220 356 4314 gide
376 4226 409 4284 er
424 4206 561 4305 severe,
588 4231 655 4283 nec
682 4235 753 4285 non
779 4235 810 4286 c.
836 4214 901 4287 111:
931 4236 989 4302 10,
1017 4236 1072 4306 13.
1098 4213 1293 4293 hoereticum
1315 4217 1384 4308 pell
1401 4242 1505 4293 unos»

279 4318 460 4390 alteramve
485 4307 730 4378 adnzonirionem
747 4310 977 4405 spernito,'et
999 4312 1189 4404 repudiato,
1203 4311 1317 4406 sciens
1342 4337 1412 4386 eum
1438 4312 1503 4409 ff

277 4403 420 4513 perverſs
442 4399 561 4496 aniani,
585 4425 627 4480 ae
651 4409 776 4502 proprio
794 4405 924 4506 judicio
949 4407 1211 4499 condemnatum,
1233 4405 1408 4500 maiorem·
1427 4407 1501 4507 spis

348 4550 351 4555 -
822 4558 837 4579 .·
1443 4523 1499 4584 rat
