3609 5500
800 824 1197 989 &tul-{qu'ssss
1285 933 1292 947 ·
1448 868 1525 966 741'
1614 884 1618 895 ·

290 1046 501 1143 veniamque
513 1083 532 1134 ,r
548 1063 620 1118 non
637 1037 800 1144 obstante.
815 1023 1058 1139 poenitentia,
1084 1060 1269 1141 negatam,
1292 1041 1516 1120 manifestum

291 1145 366 1234 est3
393 1167 472 1215 cum
498 1164 622 1214 eorum
648 1142 771 1213 auxilio
795 1140 878 1213 alias
902 1164 992 1237 opus
1016 1164 1090 1214 non
1115 1137 1335 1231 lrabuilsent,
1360 1164 1428 1215 nec
1445 1142 1516 1216 ullo

290 1240 430 1327 constet
455 1238 645 1332 exemplo,
678 1256 869 1327 martyrum
897 1235 1183 1311 intercessionem
1210 1231 1316 1311 suill'e
1339 1235 1514 1334 petitam,

253 1376 255 1380 <
290 1337 352 1411 ubi
378 1335 563 1426 distiplina
578 1330 768 1429 permittit
791 1330 1042 1407 admistionem.
1509 1415 1513 1428 .

336 1431 367 1530 ᾗ.
393 1429 575 1504 CXXXII.
611 1428 663 1500 Hi
688 1428 757 1501 duo
784 1429 881 1518 casus
908 1428 1024 1525 primo
1050 1425 1270 1513 Feliciffimi,
1315 1425 1399 1501 dein
1431 1428 1515 1502 No·

289 1528 447 1617 ramni,
465 1524 610 1598 schisma
627 1543 860 1620 pepererunt,
880 1526 999 1600 saltem
1017 1524 1235 1599 occasionem
1255 1521 1330 1617 ejus
1346 1525 1512 1618 praebue-

287 1644 391 1715 runt,
417 1640 476 1712 aut
495 1639 728 1716 praetextum.
772 1621 871 1693 Prius
896 1645 942 1696 err
959 1645 1002 1695 eo
1021 1620 1072 1695 est
1092 1643 1229 1710 ortum,
1255 1620 1349 1715 quod
1366 1620 1513 1715 Cypria,

289 1744 377 1811 nus,
402 1719 444 1792 ab
468 1714 622 1790 Ecclesia
647 1716 703 1789 sua
730 1715 869 1806 absens,
897 1720 940 1791 ab
963 1717 1106 1815 antiqua
1130 1736 1168 1790 et
1192 1735 1340 1811 recepta
1357 1714 1513 1812 discipli·

290 1839 337 1891 na
358 1811 495 1888 remitti
521 1834 592 1885 non
614 1809 711 1907 polle
739 1814 934 1902 censuerit,
958 1834 1143 1910 antequam
1172 1837 1262 1910 pax,
1295 1810 1409 1885 sedata
1433 1837 1514 1908 per·

292 1911 499 2001 secutione,
540 1906 629 1981 esset
660 1907 834 1982 Ecclefiae
866 1908 1048 1999 restituta,
1082 1931 1118 1983 et
1146 1910 1343 2007 legitimum
1377 1931 1514 1983 convo·
1596 1982 1600 1989 ,

290 2030 410 2084 catum
434 2002 644 2093 concilium,
679 2004 714 2077 in
743 2028 813 2101 quo
837 2004 927 2080 haec
951 2006 961 2084 i
991 2003 1024 2079 sa
1048 2004 1220 2102 lapsorum
1248 2003 1347 2078 causa
1374 2002 1514 2081 metari

289 2128 332 2181 ac
357 2103 498 2180 definiri
523 2117 676 2199 poterat.
727 2100 814 2178 Vid.
841 2031 1016 2199 Epistolae
1042 2103 1079 2176 in
1103 2101 1234 2176 secessu
1262 2100 1431 2196 scriptae,
1475 2119 1515 2186 et

288 2204 356 2297 Ep.
384 2222 442 2291 55.
469 2197 511 2271 ad
533 2196 727 2294 Antonian.
753 2199 795 2271 ln
821 2201 923 2295 quam
941 2198 1088 2272 eandem
1105 2197 1262 2272 mentem
1278 2198 1515 2273 decreverunt

288 2295 489 2394 Presbyteri
515 2313 553 2367 et
576 2290 728 2366 Diaconi
755 2294 927 2382 Romani,
954 2295 1130 2386 nondum,
1157 2295 1194 2368 in
1213 2298 1328 2371 locum
1348 2294 1515 2387 Fabiani,

289 2392 404 2467 eremo
428 2389 627 2490 Episcopo,
656 2387 745 2461 teste
762 2413 884 2466 eorum
911 2389 1046 2487 Epist„
1073 2416 1131 2485 30.
1157 2391 1252 2464 inter
1272 2388 1514 2485 Cyprianicat.

292 2490 463 2584 Attamen
487 2487 560 2560 hoc
584 2481 785 2594 adjunslum
820 2485 873 2560 est
908 2505 1241 2582 temperamentum,
1284 2506 1323 2558 ut
1349 2485 1413 2566 iis,
1456 2484 1517 2583 qui

290 2576 411 2680 libello
437 2608 458 2657 a
483 2577 704 2678 Martyrrbus
729 2601 789 2657 aut
816 2582 1083 2668 Confelsoribus
1118 2578 1278 2657 instrucli
1313 2580 1443 2672 essent,
1486 2580 1514 2670 sr

289 2676 485 2870 periculosa
502 2679 701 2759 laborarent
723 2678 954 2775 infirmitate,
985 2678 1252 2770 subveniretur,
1277 2697 1336 2769 et,
1361 2702 1510 2755 exomo·
1592 2747 1594 2752 .

325 2778 397 2877 gest
422 2774 533 2864 rana,
572 2797 640 2869 par
664 2775 918 2848 concederetur
951 2799 992 2850 ac
1029 2775 1146 2853 venia.
1195 2774 1302 2876 Quod
1336 2789 1512 2874 tempera·-¹

288 2892 449 2952 mentum
467 2867 645 2969 Cypriano
669 2870 817 2944 extorsit
843 2871 1043 2962 necessitas,
1068 2890 1300 2971 argumento,
1323 2872 1421 2971 leges
1440 2873 1511 2948 Ec*

293 2966 497 3062 clesrasticas
519 2990 563 3040 eo
581 2963 698 3042 laxari.
735 2966 794 3044 Sic
818 2967 947 3042 diserte
962 2966 1076 3066 Epist.
1102 2992 1262 3064 17-20.
1287 2990 1375 3064 quae
1391 2970 1516 3051 ultima

289 3069 341 3161 td,
363 3069 503 3143 Clerum
529 3062 683 3136 Roman.
707 3079 820 3138 totum
845 3063 918 3137 hoc
951 3068 1138 3163 negotium
1171 3065 1264 3138 clara
1299 3065 1449 3139 collocat
1473 3064 1513 3138 in

290 3167 384 3257 luce,
424 3161 501 3235 -Nec
523 3163 616 3260 iuro
640 3159 741 3252 legem
766 3161 856 3250 dedi,
881 3159 1018 3259 inquit,
1032 3152 1099 3259 sed
1125 3184 1198 3235 cum
1220 3159 1384 3235 rideretur
1409 3177 1442 3234 er
1458 3162 1513 3234 lro·

290 3285 349 3349 nor
372 3260 570 3353 martyribus
594 3254 757 3328 habendus
817 3273 849 3329 et
864 3281 992 3346 eorum,
1034 3262 1089 3354 qui
1112 3260 1218 3332 omnia
1251 3259 1383 3335 turbare
1408 3260 1516 3353 rupia-

290 3359 545 3450 ram-inpetus
569 3313 816 3446 corrrprimenlui
842 3350 941 3428 etc.'f
961 3356 1050 3431 Cum
1073 3372 1192 3429 autem
1204 3409 1215 3445 ,
1255 3353 1365 3428 simile
1389 3352 1473 3452 quid
1492 3352 1514 3430 a

290 3453 397 3528 Clero
421 3452 586 3525 Romano
608 3448 678 3522 esse
702 3447 954 3539 constitutum,
979 3448 1065 3525 m'ox
1083 3451 1291 3548 subjungat,
1316 3454 1432 3527 notari
1449 3470 1514 3527 ve⁴

288 3551 374 3639 lim,
419 3564 735 3644 temperamentum
767 3545 851 3620 illud
875 3546 968 3623 Cleri
992 3546 1099 3624 Rom.
1125 3548 1230 3644 paulo
1255 3546 1369 3624 laxius
1394 3548 1511 3623 adhuc

288 3645 414 3739 soille:
444 3644 594 3718 habebat
617 3641 712 3717 enim
739 3640 822 3716 illud
848 3642 883 3716 in
937 3668 1063 3733 enere,
1089 3645 1181 3719 nulla
1201 3664 1290 3720 mart
1316 3666 1394 3717 rum
1419 3643 1514 3720 faeta

291 3726 495 3829 inentione,
521 3756 557 3810 ur
582 3741 645 3827 r'r'r,
671 3740 726 3833 qui
747 3736 819 3835 post
843 3741 897 3836 lap
916 3767 967 3814 um
984 3739 1177 3836 infirmitate
1194 3672 1378 3833 adprellrast
1393 3737 1506 3835 efflat'

287 3854 323 3917 or
341 3836 561 3930 poenitenter,
586 3836 900 3933 rommunr'catr'on'em
916 3832 1111 3928 defidercnt,
1127 3833 1378 3934 subveniretur:
1412 3793 1515 3931 quotl

288 3955 337 4016 err
352 3924 443 4029 ipsis
460 3927 553 4001 Cleri
579 3927 676 4003 illius
703 3929 849 4022 litteris,
875 3931 973 4007 inter
987 3930 1156 4030 Cyprian.
1183 3955 1267 4027 30„
1292 3930 1514 4023 clariffimum

287 4027 353 4107 est.
401 4026 503 4100 Num
527 4047 573 4099 eo
599 4025 705 4099 etiam
732 4024 837 4124 usque
861 4026 934 4103 sese
957 4030 1158 4126 porrexerit
1185 4026 1354 4126 Cypriani
1377 4047 1513 4125 tempe·

288 4142 509 4211 ramentum,
534 4115 677 4197 dubium
702 4123 918 4222 aliquatenus
944 4123 1017 4218 est,
1042 4148 1122 4202 cum
1145 4128 1188 4202 ab
1208 4128 1317 4204 altera
1338 4145 1439 4224 parte
1454 4146 1515 4200 eo·

281 4247 365 4323 ‚rum
391 4238 526 4295 tantum
550 4218 779 4311 meminerit,
822 4222 884 4320 qui
908 4241 1099 4320 martyrum
1124 4247 1196 4321 ope
1219 4222 1515 4318 sublevarentur,

276 4339 326 4401 et
350 4317 535 4417 incorum
560 4315 606 4425 io
620 4312 703 4431 ause
728 4317 810 4398 fieri
839 4320 992 4416 gratiam
1012 4318 1167 4419 dixerit,
1196 4322 1240 4404 ab
1265 4320 1372 4406 altera
1395 4336 1513 4500 tarapfiep

717 4444 720 4449 ·
767 4412 980 4520 ‘Aaaa'a3
1494 4487 1513 4510 ,
1566 4508 1652 4818 Δ

283 4504 294 4537 ,
