3609 5500
709 899 718 932 ²
843 889 1013 987 Siculi.
1122 907 1138 978 “.
1460 923 1552 1025 ⁶⁸¹7,

441 1079 457 1086 '⁸
481 1081 689 1168 STATUS
712 1085 1084 1167 AcchENTALIS
1106 1083 1381 1174 ECOEESIAE.

349 1281 391 1386 Β.
414 1283 621 1360 cxc-vlu.
652 1281 902 1372 consideratur
924 1283 992 1358 hac
1033 1300 1108 1356 arte
1133 1281 1286 1360 Ecclesia
1310 1288 1544 1392 telatecdse

285 1383 444 1486 ipsam,
466 1381 525 1454 vel
550 1384 594 1455 ad
619 1381 781 1455 mundum.
829 1378 943 1453 Priore
965 1308 1125 1476 refpedlu
1149 1381 1261 1480 magis
1285 1379 1445 1461 minusve
1468 1394 1545 1488 glo·

285 1479 403 1555 «iasa
418 1475 500 1568 est,
538 1495 599 1552 aut
623 1476 827 1573 tranquilla,
870 1499 935 1573 per
959 1475 1118 1549 haereses
1141 1496 1202 1550 aut
1225 1477 1408 1554 schismata
1433 1488 1545 1584 tnagis

287 1575 474 1653 minusve
497 1577 654 1664 turbata,
676 1571 845 1670 posteriora
868 1595 956 1646 vero
982 1595 1048 1669 per
1072 1573 1193 1646 orbern
1218 1594 1457 1674 propagatur,
1484 1585 1543 1658 val

296 1695 410 1764 non,
435 1669 696 1769 persecutiones
713 1667 865 1764 patitur,
891 1670 951 1742 vel
968 1692 1055 1764 pace
1072 1669 1214 1763 gaudet.
1258 1671 1411 1746 Ecclesia
1428 1677 1543 1773 Apos-

293 1769 443 1858 tolica,
464 1764 588 1862 priore
613 1763 794 1862 respodit,
827 1763 988 1860 singulari
1016 1766 1156 1836 ratione
1182 1763 1254 1839 suit
1279 1769 1441 1864 gloriosa,
1474 1796 1545 1850 uec

297 1888 379 1968 per
412 1861 561 1972 burrrser
594 1879 654 1934 aut
712 1859 873 1956 clafinata
907 1861 1053 1934 multum
1084 1862 1331 1938 contaminata.
1381 1868 1439 1942 De
1495 1891 1544 1946 uu

292 1981 412 2040 arurae
438 1955 669 2034 distrndtiuse
720 1956 967 2065 dilserendum.
1021 1955 1182 2030 Gloriosa
1206 1960 1280 2056 ejus
1299 1961 1460 2038 conditio
1471 1892 1543 2042 <lata

289 2056 395 2136 'sarit
415 2055 454 2130 in
470 2079 536 2148 eo,
547 2053 655 2150 -quod
681 2052 883 2126 illustriores
899 2053 1063 2127 habuerit
1085 2051 1250 2128 dederes
1276 2074 1313 2129 et
1331 2057 1486 2136 rectores
1500 2063 1542 2137 in

300 2151 550 2252 Apostoliret
563 2148 813 2248 Euangelillir,
838 2150 941 2224 donis
960 2168 1141 2245 praeterea
1157 2149 1442 2229 extraordinariis
1460 2155 1542 2256 Spi-

295 2253 403 2326 titur
418 2251 454 2324 S.
478 2247 719 2322 abundaverit.
767 2247 824 2321 De
848 2243 1028 2343 Apostolis
1045 2263 1083 2318 et
1096 2246 1327 2343 Euangelistis
1344 2273 1423 2324 cunr
1441 2250 1543 2350 supra

292 2345 422 2423 subtis
435 2341 674 2432 disseruerim,
699 2343 759 2418 hic
776 2341 820 2415 de
842 2341 945 2417 donis
968 2342 1035 2416 illis
1054 2344 1217 2417 nonnulla
1233 2344 1434 2441 proferam,
1451 2374 1539 2459 pro·

301 2461 360 2519 ut
380 2443 424 2516 ab
450 2439 578 2540 apost„
607 2463 622 2514 r
646 2442 726 2514 Cor.
759 2439 841 2514 Xll:
868 2448 959 2519 8.·-
981 2437 1229 2528 recensentur,
1260 2462 1347 2536 quae
1370 2445 1476 2521 varirs
1502 2447 1541 2536 iu

300 2537 536 2628 muneribus,
554 2535 816 2625 occasionibus,
835 2553 872 2608 et
882 2534 1040 2631 personis
1057 2533 1126 2608 sese
1146 2534 1405 2634 exserueruut,
1423 2544 1543 2620 omnia

289 2641 354 2720 ‘in
373 2632 565 2731 apostotos
589 2633 734 2707 subinde
751 2649 1019 2706 concurrerunt.
1071 2655 1102 2705 r.
1122 2631 1277 2706 Primum
1292 2639 1542 2733 complestitur

289 2737 491 2839 sermonem
508 2729 717 2826 sapientiae,
755 2731 813 2803 seu
837 2731 1003 2802 summam
1028 2745 1065 2800 et
1093 2727 1310 2804 infallibilem
1334 2731 1541 2831 sapientiam

284 2852 351 2913 {et
376 2826 599 2927 prudentiam
626 2829 661 2901 in
687 2825 793 2901 varin
817 2824 889 2899 Dei
919 2824 1157 2916 oeconomiis,
1184 2826 1219 2899 in
1237 2828 1362 2924 primis
1379 2834 1541 2929 respeelu

304 2922 519 3006 vocationis
544 2924 724 3021 gentium,
751 2941 789 2995 et
812 2920 986 3019 mysteriis
1009 2921 1256 3019 providentioe
1283 2925 1376 3017 Dei,
1410 2928 1540 3005 intelli·

307 3020 467 3145 gandia,
492 3039 632 3093 etcum
659 3020 771 3120 gratia
795 3042 836 3092 ac
862 3017 1080 3114 persuasione
1108 3020 1346 3113 explicandis,
1382 3046 1449 3117 pro
1476 3050 1538 3099 cu.

290 3118 441 3225 'pulque
462 3114 548 3189 statu
571 3141 614 3191 ac
633 3115 846 3213 capacitate,
871 3114 909 3184 in
928 3112 1091 3184 omnibus
1114 3117 1216 3185 rebus
1239 3114 1439 3189 ordinandis
1455 3143 1541 3194 con·

295 3210 507 3295 venienter
530 3214 763 3286 oeconomiae
787 3207 943 3307 gratiae,
979 3228 1020 3278 ae
1046 3228 1158 3300 regno
1186 3204 1337 3298 Christi,
1371 3209 1541 3306 spirituali

312 3334 358 3393 et
383 3307 546 3398 coelesti,
589 3309 629 3381 ad
658 3311 731 3405 ejus
757 3304 954 3381 commoda.
1007 3302 1113 3402 Quod
1147 3302 1275 3379 donum
1303 3306 1339 3379 iu
1362 3309 1543 3403 Apostolir

306 3406 450 3490 eximie
474 3424 512 3477 et
535 3404 680 3501 proprie
704 3402 834 3488 eluxit,
876 3421 1035 3509 tanquam
1055 3399 1114 3496 qui
1141 3400 1326 3476 duodecim
1355 3405 1463 3481 tribus
1483 3408 1541 3505 ju·

311 3510 495 3592 dicarent,
521 3521 559 3573 et
586 3499 715 3597 liganzli
741 3524 783 3572 ac
807 3498 964 3570 solvendi
995 3496 1156 3591 suprema
1181 3498 1330 3592 praediti
1350 3524 1449 3576 erant
1473 3530 1542 3601 po·

317 3602 457 3682 testate.
515 3598 629 3693 Quam
664 3594 868 3694 sapientiam
904 3593 967 3667 fibi
1002 3591 1126 3666 tribuit
1159 3593 1281 3666 Paulus
1318 3601 1436 3675 1Cor.
1471 3604 1540 3681 lll.

317 3724 357 3778 et
380 3694 512 3795 Ephes.
543 3695 606 3766 Ill:
632 3716 666 3783 4.
715 3695 837 3766 Petrus
862 3690 897 3764 in
927 3688 1003 3786 ipso
1027 3690 1181 3763 celebrat
1211 3691 1325 3767 aPet.
1351 3695 1441 3786 lll.,
1466 3698 1543 3796 lpse

316 3796 442 3877 Paulus
474 3789 511 3863 in
538 3788 702 3886 Epistolis
727 3788 919 3862 luculenter
945 3784 1208 3861 demonstravit.
1262 3807 1294 3861 a.
1320 3790 1542 3888 Secundum,

318 3896 357 3972 in
371 3890 523 3993 scurrone
540 3886 702 3982 scientior
728 3886 849 3971 srtunr,
875 3882 1009 3955 referre
1032 3879 1117 3954 licet
1142 3880 1185 3954 ad
1204 3905 1285 3971 eos,
1310 3885 1370 3982 qui
1396 3887 1541 3987 singula·

318 3994 353 4069 ri
376 3980 588 4085 cognitione
613 3982 800 4055 veritatum
828 4000 900 4052 non
928 3996 1060 4051 tantum
1079 3978 1357 4073 euangelicarum
1381 3981 1542 4064 instruili

321 4108 440 4171 erant,
464 4080 524 4155 sed
551 4096 587 4150 et
605 4077 683 4151 aliar
709 4076 872 4151 scientias
896 4096 952 4148 ex.
978 4095 1029 4171 gr.
1057 4072 1209 4171 logicas,
1235 4074 1445 4166 rhetoricas,
1470 4082 1542 4155 his·

321 4184 469 4265 turicas,
496 4174 774 4274 philosophicas,
799 4174 988 4259 callebant,
1024 4187 1061 4242 et
1085 4170 1125 4244 ad
1148 4171 1367 4263 docendum,
1393 4176 1542 4250 conrin-

324 4284 503 4362 cendum,
547 4271 788 4361 refutandum,
827 4266 1117 4356 admonendum,
1159 4266 1425 4357 consolandum,
1467 4273 1541 4367 apti

326 4400 439 4470 erant3
466 4367 539 4445 viri
562 4369 634 4445 Dei
663 4365 702 4444 in
726 4390 835 4467 opere
852 4363 1004 4537 DForfnini
1028 4362 1161 4464 peffettr·
1187 4388 1207 4441 2
1227 4364 1324 4443 Tim.
1349 4364 1415 4437 lli.
1451 4366 1542 4537 Tlaor

956 4482 978 4539 2
1485 4484 1544 4547 ate
