3609 5500
610 934 617 954 =
709 952 710 955 ,
801 887 913 970 Secui.
938 888 1063 981 IL·¹
1434 901 1512 990 2593·

289 1065 500 1147 Christianis
518 1067 677 1169 judicare
702 1066 804 1147 fuisse
829 1072 989 1163 solitum,
1023 1087 1063 1145 ut
1088 1094 1134 1146 er
1156 1094 1178 1147 o
1203 1092 1263 1146 ere
1288 1075 1364 1171 eJus
1391 1072 1414 1147 l.
1438 1072 1504 1149 Xl.

286 1192 321 1245 c.
350 1192 385 1263 3.
409 1186 448 1276 et
474 1168 611 1243 aliunde
638 1171 760 1267 liquet.
809 1169 880 1271 Qui
912 1170 959 1241 de
990 1168 1141 1242 veritate
1171 1094 1229 1240 [ζα
1259 1169 1403 1245 sallitate
1427 1192 1505 1244 nar·

287 1284 441 1339 rauonrs
470 1265 607 1360 plenius
636 1266 757 1341 instrui
792 1266 920 1361 cupit,
958 1261 1062 1337 adeat
1091 1282 1225 1337 mutuas
1256 1266 1508 1364 disputationes

290 1360 428 1457 Moylii
454 1379 493 1432 et
521 1360 666 1457 Kingii,
682 1436 685 1439 ,
700 1362 823 1435 ordine
845 1356 994 1457 digestas
1018 1358 1264 1432 allloslremio
1297 1367 1339 1437 ad
1371 1365 1505 1437 calcem

288 1454 438 1532 Dill'ert.
463 1456 507 1527 ad
528 1456 701 1552 [recurres
725 1458 915 1554 disciplinas
934 1458 1187 1549 pertinentium,
1228 1475 1266 1530 ut
1291 1478 1328 1533 et
1349 1458 1504 1555 Jablons·

288 1552 330 1627 ki
354 1552 395 1626 iu
421 1551 528 1626 Mile
552 1576 636 1627 nov.
661 1555 757 1651 Lips.
783 1555 852 1628 vol.
880 1553 985 1627 Vlll.

294 1689 300 1706 ·
334 1646 558 1747 §.CCXVL
591 1651 663 1722 Sub
686 1650 863 1746 Septimio
884 1652 1017 1724 Severo
1051 1647 1274 1746 atrociorem!
1297 1648 1398 1724 fuisse
1426 1672 1505 1746 per·

288 1741 533 1833 secutionem,
559 1767 661 1841 quarn
686 1746 756 1821 huc
772 1746 878 1843 usque
895 1745 1114 1843 contigerat,
1138 1748 1227 1819 clara
1249 1746 1419 1821 evincunt
1439 1745 1505 1819 tes·

292 1840 467 1929 simonia,
498 1840 639 1914 Eusebii
665 1863 737 1914 non
766 1861 920 1932 tanturn,
958 1843 1093 1938 quill.
1127 1843 1149 1915 l.
1176 1842 1243 1914 Vl:
1273 1866 1304 1916 1.
1338 1866 1414 1917 earn
1440 1865 1506 1939 per

290 1958 399 2011 onmes
422 1938 536 2028 ubiqu
568 1940 705 2009 locorum
737 1938 902 2034 Ecclestas
933 1935 1115 2032 grossorum
1147 1935 1236 2026 eise,
1276 1957 1313 2011 et
1342 1938 1503 2012 innume·

293 2031 423 2107 rabiles
440 2030 573 2106 dedisse
591 2051 782 2131 martyres,
806 2057 879 2108 non
902 2035 974 2108 sine
999 2033 1213 2131 hyperbole,
1240 2032 1418 2124 adfirmat,
1443 2034 1503 2107 [εά

287 2138 332 2203 'ct
345 2126 540 2223 aequalium
556 2148 739 2219 autorum,
780 2150 821 2203 ut
838 2129 1025 2227 Origenis‚
1061 2129 1099 2202 in
1132 2128 1255 2225 primis
1289 2127 1504 2205 Tertulliani

286 2222 331 2301 ln
355 2223 510 2319 Apolog.
534 2224 576 2301 ad
601 2225 804 2322 Scapulam,
845 2226 883 2299 in
904 2225 1116 2319 scorpiace,
1149 2224 1209 2298 ubi
1233 2249 1264 2298 c.
1290 2247 1325 2315 9.
1352 2226 1502 2317 adserit,

278 2320 348 2421 suo
368 2335 511 2415 tempore
537 2324 708 2416 praecipue
742 2325 877 2414 inpleri,
916 2324 996 2413 pua
1020 2322 1181 2394 Dominus
1210 2320 1370 2417 Apostolir
1393 2327 1503 2413 dixit,

284 2418 397 2491 tradi
402 2413 519 2507 frater
532 2416 699 2510 fratrem,
732 2433 764 2488 et
781 2418 885 2490 Pater
893 2419 1023 2513 filium,
1049 2419 1083 2486 irr
1106 2430 1235 2486 mortem
1247 2444 1260 2501 ,-
1292 2415 1442 2513 denique
1466 2422 1501 2489 in

291 2512 508 2590 saturatione
527 2516 570 2583 od
590 2516 793 2609 martyrium.
841 2512 965 2617 Quid?
988 2512 1080 2608 quod
1098 2509 1221 2604 Judas‚
1246 2510 1349 2605 hujus
1364 2534 1505 2609 quoque

289 2606 463 2705 temporis
488 2607 655 2706 scriptor,
679 2608 763 2683 hinc
788 2609 942 2705 colligit,
966 2604 1160 2701 Araticirristi
1175 2609 1345 2680 adrentum
1361 2606 1502 2704 inflare,

287 2703 379 2782 adeo
411 2706 679 2780 conturbaverat
712 2702 985 2779 Christianorum
1022 2700 1158 2778 animos
1189 2702 1419 2798 persecutio,
1465 2726 1505 2779 ut

286 2802 398 2877 habet
421 2801 500 2874 Eus.
525 2802 575 2875 H.
602 2803 668 2876 Vl:
696 2824 728 2894 7.
782 2800 885 2900 Quod
920 2799 1116 2872 atrocitatis
1150 2821 1222 2871 non
1249 2818 1404 2891 tantum,
1443 2799 1505 2876 sed

289 2897 515 2984 etnovirotir,
534 2896 789 2991 persecutionis
804 2895 894 2970 haud
911 2896 990 2967 leve
1006 2893 1057 2967 est
1074 2890 1261 2967 indicium:
1287 2915 1391 2969 antea
1405 2895 1504 2970 enim

287 3013 376 3091 porr
411 2988 551 3086 gavisae
585 2999 685 3065 erant
716 2992 912 3080 Ecclesiae,
961 2987 1048 3061 teste
1076 2987 1180 3059 Tert.
1211 2988 1256 3060 de
1279 3010 1382 3062 coron.
1406 2991 1502 3062 milit.
1574 2996 1576 3002 '
1705 3047 1710 3057 .

289 3109 364 3164 nec
388 3086 453 3159 ulla
476 3085 592 3162 fuisset
616 3088 706 3161 ratio
731 3088 788 3176 id,
814 3085 908 3185 quod
932 3082 1038 3179 Judas
1063 3078 1220 3188 censuit,
1257 3082 1450 3176 opinandi,
1475 3081 1503 3156 fi

287 3200 370 3274 tot,
396 3201 481 3277 quor
503 3184 609 3279 vulgo
637 3183 854 3270 statuuntur,
886 3176 1026 3254 fuissent
1048 3174 1307 3273 persecutiones
1331 3177 1505 3272 publicae.

289 3277 588 3377 Viguir.quidem
611 3280 800 3388 praecipue
818 3274 1072 3363 Alexandriae,
1096 3270 1227 3367 dequo
1245 3294 1349 3364 moa,
1375 3272 1433 3348 [εά
1449 3298 1504 3350 re·

285 3374 402 3472 liquae
421 3374 602 3471 regiones,
634 3375 672 3452 in
688 3376 812 3472 quibus
828 3373 1005 3448 florebant
1028 3365 1229 3456 Ecclesiae,
1256 3390 1328 3441 non
1356 3367 1513 3478 suerunt.

289 3469 473 3560 inmunes,
513 3490 552 3543 ut
585 3472 800 3570 AEgyptus,
840 3467 984 3559 Africa,
1025 3464 1097 3561 ipsa
1131 3484 1271 3559 quoque
1303 3466 1421 3563 Syria:
1461 3467 1505 3542 de

290 3590 363 3665 quo
406 3587 452 3642 ex
492 3565 594 3644 Tert.
634 3587 672 3640 et
715 3566 790 3640 aliis
820 3563 965 3640 constat.
1014 3563 1168 3636 Duravit
1202 3581 1290 3633 vero
1322 3583 1394 3635 non
1426 3567 1505 3638 duur

291 3681 429 3735 nutum
450 3683 578 3751 annos,
605 3661 699 3762 quod
723 3660 907 3737 contendit
936 3658 1133 3747 Dodrvell„
1159 3654 1216 3729 sed
1241 3656 1345 3754 longe
1367 3658 1511 3753 plures,'

290 3755 489 3846 arteriis,
515 3782 602 3856 quae
626 3760 670 3831 de
697 3757 854 3856 Origene
878 3753 990 3829 refert
1004 3753 1084 3827 Eus.
1109 3753 1159 3826 H.
1184 3751 1252 3824 Vl:
1281 3774 1312 3823 r.
1340 3770 1410 3826 etc.
1435 3776 1504 3829 nec
1543 3753 1548 3764 “

292 3872 369 3927 non
391 3851 581 3928 Praefidum
612 3853 757 3928 Africae
785 3875 932 3926 numero
954 3850 1099 3923 durante
1116 3843 1380 3941 persecutione,
1413 3849 1505 3943 apud

289 3949 398 4025 Tert.
422 3949 465 4023 ad
488 3951 647 4044 Scapul,
681 3947 741 4044 qui
756 3945 821 4045 ses·
844 3941 1074 4032 memoravit,
1099 3954 1225 4038 patet..
1259 3939 1399 4037 lncepit
1417 3967 1506 4020 vero
1604 3972 1606 3976 ·

287 4066 372 4120 ann.
403 4045 530 4120 Severi
549 4047 652 4135 Xmo,
677 4067 745 4118 aer.
772 4044 822 4118 V.
849 4064 931 4118 202.
956 4060 994 4115 et
1008 4038 1050 4112 ad
1069 4053 1221 4111 mortem
1236 4035 1309 4133 ejus
1323 4036 1507 4144 continua·

286 4137 371 4231 vit,
396 4139 482 4215 licet
504 4143 636 4238 majore
659 4139 843 4215 minoreve
859 4139 989 4236 gradu,
1029 4134 1087 4211 seu
1112 4158 1145 4208 a.
1176 4153 1258 4207 211.
1306 4131 1392 4208 th.
1418 4133 1509 4210 Rui-

286 4253 383 4316 nara
407 4236 429 4308 l.
453 4257 485 4309 c.
510 4257 548 4310 et
572 4240 616 4312 Pa
643 4236 722 4310 iad
745 4239 868 4310 Baton.

360 4383 372 4400 .
398 4331 580 4413 ccxvlt
615 4260 719 4419 ilaec
738 4332 826 4412 licet
859 4328 1054 4408 concedam
1076 4350 1162 4407 vera
1189 4325 1279 4419 effe,
1317 4344 1364 4402 ae
1386 4321 1435 4401 fic
1458 4343 1508 4402 ta·

274 4444 280 4455 ’
337 4425 535 4522 ⁴orrrdll,
819 4423 934 4528 ,Fsff
989 4506 996 4523 .
1434 4435 1518 4516 tnta
