3609 5500
645 929 649 934 ’
760 947 867 1036 Settl.
896 939 953 1020 Is.
1389 931 1475 1047 2·le

261 1129 365 1208 nunna
386 1147 610 1221 merrentur,
632 1126 778 1226 ipseque
800 1126 910 1204 Patris
936 1121 1081 1207 consilio
1098 1124 1257 1231 repertu
1272 1127 1462 1219 hominurn

261 1217 457 1319 inserviret,
482 1246 522 1301 ut
548 1227 658 1300 Patris
680 1230 850 1313 verbum,
873 1226 1089 1332 legaturum
1105 1222 1328 1336 ad,mi¹¹}st0f3
1360 1249 1459 1306 cont.

261 1315 1460 1525 fnlnnlnlnrnnn‚nllnllfnnnnn

261 1433 416 1611 ffiquo,
441 1533 483 1587 ut
506 1513 587 1587 illud
610 1512 729 1585 obiter
745 1510 952 1598 observem,
976 1529 1072 1586 tnter
1086 1512 1151 1582 alra
1167 1534 1305 1612 quoque
1324 1514 1463 1615 liquet,

261 1612 421 1685 nullm
443 1611 518 1706 ejus
540 1607 583 1682 ad
600 1608 776 1688 Graecos,
801 1604 882 1695 ubi,
910 1607 1078 1686 summunt
1098 1607 1216 1679 Deum
1231 1605 1326 1680 Moli
1350 1610 1387 1683 in
1404 1635 1460 1694 ru-

261 1697 313 1776 bo
334 1703 367 1779 se
402 1701 652 1793 manifestasse,
694 1701 862 1791 traditur,
903 1701 1077 1796 Justinurn
1111 1702 1254 1789 mentiri
1287 1724 1460 1795 autorum,

261 1789 362 1874 Fiiunr
386 1823 474 1874 vero
497 1797 567 1874 effe
589 1795 778 1872 secundum
810 1795 895 1892 Just.
927 1796 1109 1894 genitum,
1157 1799 1367 1882 otmundus
1397 1824 1463 1900 per
1588 1815 1595 1826 ‘

261 1885 368 2002 Ipsum
390 1915 588 1983 crearetur,
612 1922 646 1969 a.
670 1892 753 1965 inde
775 1891 944 1988 patescit,
977 1894 1070 1988 quod
1119 1911 1233 1974 rueter
1255 1898 1330 1967 loca
1355 1900 1467 1981 modo

261 2001 377 2082 mute,
401 1991 472 2088 Ap.
496 1993 525 2067 l.
550 2013 587 2086 p.
612 2010 672 2081 44.
696 1986 827 2062 diserte
853 1987 967 2076 dicat,
994 1986 1078 2060 Chri
1112 2011 1167 2062 urn
1191 1987 1261 2063 else
1283 1990 1376 2089 respo
1389 1994 1464 2092 str-

261 2085 391 2178 went,
416 2105 455 2160 et
473 2105 555 2160 ante
572 2103 747 2158 creaturas
765 2101 904 2169 naturn,
931 2082 1024 2180 quod
1045 2084 1149 2157 Pater
1173 2089 1370 2185 peripsum
1388 2114 1466 2176 oru-

261 2173 323 2256 tia
337 2181 512 2260 condidit:
545 2203 616 2278 quo
642 2200 771 2253 nomen
798 2174 919 2275 Christi
942 2201 1080 2276 quoque
1103 2187 1249 2254 tendere
1275 2185 1460 2280 observet,

261 2277 340 2360 {uie
355 2291 435 2354 ente
459 2298 566 2374 opera
593 2297 616 2349 a
633 2276 715 2347 Deo
737 2279 849 2347 nullm
867 2273 945 2364 est,
969 2291 1009 2346 ut
1026 2273 1146 2373 omnia¹
1162 2300 1227 2372 per
1243 2276 1356 2373 ipsum
1372 2304 1471 2361 crer-

261 2379 343 2449 Ὠι-
369 2373 489 2474 Quem
514 2369 585 2445 loci
609 2368 765 2459 sensum,
791 2389 932 2465 praeter
954 2369 1156 2458 Petaviurn,
1180 2371 1278 2446 nesle
1303 2375 1469 2478 exposuit

261 2449 312 2540 ζ
330 2469 491 2567 Vrtrin‘ga
522 2467 575 2570 ad.
597 2466 668 2574 Jos.
702 2466 796 2538 LXI:
825 2487 856 2540 1.
903 2463 1040 2538 Eodem
1074 2463 1209 2554 tendit,
1249 2472 1341 2565 quod
1373 2475 1468 2569 apol.

261 2549 315 2638 Ῐ.
331 2563 359 2666 i.
385 2572 418 2641 6.
445 2587 528 2637 nov.
553 2560 639 2634 edit.
663 2559 779 2633 sermo
794 2560 984 2654 adpellatur
1007 2576 1089 2632 ante
1107 2582 1243 2653 ereata,
1270 2582 1301 2637 et
1316 2591 1381 2640 una
1396 2594 1472 2651 cunr

261 2647 343 2733 beu
362 2658 528 2759 existens,
554 2674 586 2729 er
610 2658 760 2752 genitus,
786 2672 822 2727 et
843 2655 1126 2763 contruTryph.
1150 2656 1181 2756 8.
1212 2680 1291 2752 125.
1311 2667 1471 2765 primoge-

316 2780 348 2831 ιιι
377 2759 517 2833 omnium
551 2771 785 2833 creaturarum.
837 2757 875 2840 β.
898 2747 1075 2825 Christum
1110 2753 1279 2831 censitum
1311 2763 1354 2834 ab
1386 2762 1407 2839 I-
1431 2761 1473 2837 so

261 2848 360 2928 usne
382 2854 485 2928 Patre
500 2851 692 2939 minorem,
719 2865 757 2920 et
777 2845 873 2923 dieto
895 2847 960 2921 fini
981 2847 1212 2945 proluetum,
1237 2875 1282 2927 ex
1301 2876 1346 2929 eo
1361 2875 1475 2935 enam

261 2962 392 3046 quet,
432 2945 528 3044 quod
554 2945 661 3018 Filius
685 2965 758 3017 non
783 2940 975 3017 necessario
995 2963 1031 3014 et
1050 2946 1252 3019 naturaliter
1268 2948 1396 3037 fuerit,
1423 2973 1474 3027 ex

261 3026 540 3143 futopinione,
569 3057 688 3126 natus,
711 3037 770 3112 sed
786 3041 866 3139 Cunj
889 3047 942 3111 trel
964 3039 1109 3133 δυνάμει,
1133 3037 1258 3128 constllo
1273 3058 1306 3113 et
1325 3050 1479 3142 potentia

261 3130 395 3233 'driu
433 3156 531 3213 cont.
558 3134 697 3232 Tryph.
723 3159 757 3230 p.
786 3157 871 3228 327.
900 3134 994 3229 quod
1025 3153 1062 3205 et
1094 3132 1175 3206 alibi
1210 3132 1311 3231 saepe
1344 3139 1473 3233 tradit,

261 3230 326 3305 *i
402 3244 488 3325 258,
524 3240 607 3328 284,
641 3250 734 3324 357..
785 3231 816 3304 d.
842 3228 1007 3324 Denique
1038 3226 1148 3300 Patris
1175 3229 1398 3325 superioritas
1428 3255 1477 3319 ex
1628 3297 1630 3300 .

261 3258 391 3421 fflnss,
434 3326 500 3426 ipsi
525 3326 699 3422 propriu,
740 3342 778 3396 et
802 3323 1007 3412 adtributis,
1048 3322 1182 3418 liquido
1208 3326 1476 3409 demonstratur.

261 3422 466 3524 xlpenarm
481 3422 621 3521 paffim,
647 3424 800 3513 ipsimae
815 3424 993 3518 ingenitus,
1019 3423 1133 3514 ὁρῑητος
1146 3421 1346 3519 inffabilis,
1370 3427 1479 3528 eligere·

261 3536 320 3605 -r
336 3522 558 3608 inmutabilis,
578 3518 627 3592 ln
652 3525 724 3592 snut
751 3521 821 3595 Sele
836 3514 1053 3612 universorum
1069 3518 1180 3604 Deus,
1205 3520 1274 3616 Ap.
1300 3518 1328 3594 Ι.
1353 3543 1389 3619 p,
1415 3548 1479 3616 5¹·

261 3602 321 3691 Ι.
339 3642 373 3716 p.
398 3622 462 3707 96.
488 3631 586 3690 cont.
613 3614 753 3712 Tryph.
779 3639 815 3711 p.
843 3635 926 3707 275.
976 3613 1080 3685 Pater
1096 3611 1253 3705 unirerſs,
1271 3614 1480 3715 superquem

261 3712 350 3787 Q
374 3736 436 3787 non
459 3709 525 3801 cll,
549 3710 598 3783 ib.
651 3731 770 3804 .275‚
798 3715 879 3803 276,
911 3716 995 3798 284,
1023 3715 1105 3787 286.
1156 3708 1350 3804 ineffabilis
1374 3718 1480 3789 Pater
1558 3798 1562 3809 ,

261 3808 484 3883 {Dominus
507 3733 750 3894 universsratis,
775 3827 810 3899 p.
837 3827 856 3899 3
860 3807 919 3894 56.
944 3803 1051 3877 etiarn
1074 3803 1179 3900 ipsius
1203 3804 1305 3896 Filii,
1329 3832 1365 3905 p.
1393 3832 1477 3906 357,

261 3890 334 3977 mi
360 3902 468 3979 etiarn
500 3903 598 3975 Deus
632 3898 701 3974 effe
738 3898 869 3972 dicitru
900 3896 1078 3996 secundum
1112 3902 1309 3978 voluntatem
1351 3904 1481 3983 Patris.

332 3996 418 4090 ino,
443 4019 489 4071 ne
505 3998 603 4094 plura
616 4017 845 4086 coacervem,
871 3993 908 4067 in
928 3993 1086 4091 singulari
1110 3994 1192 4067 loco
1210 4016 1307 4070 cont.
1337 3999 1479 4099 Tryph.

261 4098 319 4189 ,δέ
336 4103 412 4188 358.
438 4090 500 4166 ubi
529 4090 683 4180 dilium,
724 4091 815 4165 Gen.
848 4090 947 4163 XIX.
982 4089 1177 4186 explicans,
1214 4095 1301 4184 pluit
1322 4095 1483 4171 Dominus

261 4192 376 4271 'grem
397 4214 418 4264 a
443 4187 604 4276 Domino,
631 4186 731 4259 Duos
755 4207 901 4259 numero
927 4187 1026 4258 Deos
1050 4184 1119 4260 effe
1144 4184 1226 4260 inde
1252 4190 1407 4285 colligit,
1434 4192 1481 4264 al·

261 4276 386 4357 terun
417 4283 601 4370 interris,
641 4281 788 4354 alterurn
823 4279 861 4352 in
893 4281 1024 4370 coelis,
1058 4280 1153 4355 hunc
1180 4304 1268 4355 vero
1297 4285 1366 4359 else
1394 4285 1485 4361 illiur

338 4377 485 4469 ninum,
520 4397 560 4451 ut
584 4379 722 4450 Patrem
747 4395 785 4449 et
809 4378 950 4463 Deum,
984 4375 1045 4473 qui
1068 4395 1171 4454 autor
1196 4377 1231 4454 ei
1255 4376 1327 4468 est,
1359 4398 1399 4451 ut
1421 4379 1486 4470 srt,

284 4468 379 4566 l*rte
399 4473 443 4553 fit
455 4478 594 4573 *potent
615 4470 792 4552 Dominus
816 4495 858 4550 ac
884 4473 994 4550 Deus.
1314 4472 1347 4574 i.
1371 4475 1491 4572 va.

1476 4958 1485 4971 ἃ
1589 4592 1628 4828 l
