<?xml version="1.0" encoding="UTF-8"?>
<!DOCTYPE html PUBLIC "-//W3C//DTD XHTML 1.0 Transitional//EN"
    "http://www.w3.org/TR/xhtml1/DTD/xhtml1-transitional.dtd">
<html xmlns="http://www.w3.org/1999/xhtml" xml:lang="en" lang="en">
 <head>
  <title>
</title>
<meta http-equiv="Content-Type" content="text/html;charset=utf-8" />
  <meta name='ocr-system' content='tesseract 3.04.00' />
  <meta name='ocr-capabilities' content='ocr_page ocr_carea ocr_par ocr_line ocrx_word'/>
</head>
<body>
  <div class='ocr_page' id='page_1' title='image "./hermannivenemai05venegoog_0080.png"; bbox 0 0 3609 5500; ppageno 0'>
   <div class='ocr_carea' id='block_1_1' title="bbox 679 923 1515 1043">
    <p class='ocr_par' dir='ltr' id='par_1_1' title="bbox 679 923 1515 1043">
     <span class='ocr_line' id='line_1_1' title="bbox 679 923 1515 1043; baseline 0.004 -29"><span class='ocrx_word' id='word_1_1' title='bbox 679 937 696 1004; x_wconf 96' lang='grc'>.·</span> <span class='ocrx_word' id='word_1_2' title='bbox 811 927 976 1018; x_wconf 59' lang='lat' dir='ltr'>atrurn</span> <span class='ocrx_word' id='word_1_3' title='bbox 1052 923 1055 928; x_wconf 87' lang='grc'><strong><em>·</em></strong></span> <span class='ocrx_word' id='word_1_4' title='bbox 1464 943 1515 1043; x_wconf 67' lang='lat'>⁶9·</span> 
     </span>
    </p>
   </div>
   <div class='ocr_carea' id='block_1_2' title="bbox 273 1111 1612 4340">
    <p class='ocr_par' dir='ltr' id='par_1_2' title="bbox 273 1111 1502 2841">
     <span class='ocr_line' id='line_1_2' title="bbox 284 1111 1501 1216; baseline 0.007 -26"><span class='ocrx_word' id='word_1_5' title='bbox 284 1129 322 1190; x_wconf 84' lang='lat' dir='ltr'>to</span> <span class='ocrx_word' id='word_1_6' title='bbox 345 1113 466 1213; x_wconf 91' lang='lat' dir='ltr'>aliquo</span> <span class='ocrx_word' id='word_1_7' title='bbox 486 1111 722 1214; x_wconf 82' lang='lat' dir='ltr'>Judaeorum,</span> <span class='ocrx_word' id='word_1_8' title='bbox 747 1117 907 1216; x_wconf 76' lang='lat' dir='ltr'>respeetu</span> <span class='ocrx_word' id='word_1_9' title='bbox 925 1122 1005 1193; x_wconf 87' lang='lat' dir='ltr'>viae</span> <span class='ocrx_word' id='word_1_10' title='bbox 1023 1117 1066 1192; x_wconf 84' lang='lat' dir='ltr'>ad</span> <span class='ocrx_word' id='word_1_11' title='bbox 1090 1115 1201 1194; x_wconf 86' lang='lat' dir='ltr'>vitant</span> <span class='ocrx_word' id='word_1_12' title='bbox 1222 1135 1398 1198; x_wconf 80' lang='lat' dir='ltr'>aeternam</span> <span class='ocrx_word' id='word_1_13' title='bbox 1415 1146 1501 1199; x_wconf 62' lang='lat' dir='ltr'>cona</span> 
     </span>
     <span class='ocr_line' id='line_1_3' title="bbox 284 1211 1502 1316; baseline 0.008 -32"><span class='ocrx_word' id='word_1_14' title='bbox 284 1211 513 1306; x_wconf 82' lang='lat' dir='ltr'>sequendam,</span> <span class='ocrx_word' id='word_1_15' title='bbox 539 1215 691 1312; x_wconf 83' lang='lat' dir='ltr'>indeque</span> <span class='ocrx_word' id='word_1_16' title='bbox 707 1233 789 1288; x_wconf 91' lang='lat' dir='ltr'>orto</span> <span class='ocrx_word' id='word_1_17' title='bbox 805 1238 885 1288; x_wconf 89' lang='lat' dir='ltr'>cum</span> <span class='ocrx_word' id='word_1_18' title='bbox 904 1215 1082 1312; x_wconf 83' lang='lat' dir='ltr'>discipulis</span> <span class='ocrx_word' id='word_1_19' title='bbox 1107 1235 1146 1288; x_wconf 86' lang='lat' dir='ltr'>et</span> <span class='ocrx_word' id='word_1_20' title='bbox 1167 1212 1371 1312; x_wconf 79' lang='lat' dir='ltr'>&#39;Apostolis‚</span> <span class='ocrx_word' id='word_1_21' title='bbox 1404 1220 1502 1316; x_wconf 87' lang='lat' dir='ltr'>quod</span> 
     </span>
     <span class='ocr_line' id='line_1_4' title="bbox 282 1307 1500 1408; baseline 0.007 -29"><span class='ocrx_word' id='word_1_22' title='bbox 282 1311 376 1408; x_wconf 24' lang='lat' dir='ltr'>apud·</span> <span class='ocrx_word' id='word_1_23' title='bbox 400 1309 489 1382; x_wconf 77' lang='lat' dir='ltr'>Luc.</span> <span class='ocrx_word' id='word_1_24' title='bbox 515 1307 603 1384; x_wconf 89' lang='lat' dir='ltr'>ibid.</span> <span class='ocrx_word' id='word_1_25' title='bbox 631 1319 790 1405; x_wconf 79' lang='lat'><strong>¹8-30·</strong></span> <span class='ocrx_word' id='word_1_26' title='bbox 816 1310 992 1406; x_wconf 84' lang='lat' dir='ltr'>sequitur,</span> <span class='ocrx_word' id='word_1_27' title='bbox 1016 1311 1198 1383; x_wconf 80' lang='lat' dir='ltr'>adfirmare</span> <span class='ocrx_word' id='word_1_28' title='bbox 1225 1309 1348 1402; x_wconf 86' lang='lat' dir='ltr'>liceat,</span> <span class='ocrx_word' id='word_1_29' title='bbox 1374 1313 1500 1388; x_wconf 67' lang='lat' dir='ltr'>defini«</span> 
     </span>
     <span class='ocr_line' id='line_1_5' title="bbox 283 1403 1500 1490; baseline 0.007 -16"><span class='ocrx_word' id='word_1_30' title='bbox 283 1425 319 1476; x_wconf 86' lang='lat' dir='ltr'>te</span> <span class='ocrx_word' id='word_1_31' title='bbox 342 1421 418 1476; x_wconf 91' lang='lat' dir='ltr'>non</span> <span class='ocrx_word' id='word_1_32' title='bbox 439 1403 569 1490; x_wconf 88' lang='lat' dir='ltr'>ausim,</span> <span class='ocrx_word' id='word_1_33' title='bbox 609 1429 687 1478; x_wconf 90' lang='lat' dir='ltr'>cum</span> <span class='ocrx_word' id='word_1_34' title='bbox 713 1403 821 1478; x_wconf 90' lang='lat' dir='ltr'>nimia</span> <span class='ocrx_word' id='word_1_35' title='bbox 844 1407 1007 1480; x_wconf 78' lang='lat' dir='ltr'>rideatur</span> <span class='ocrx_word' id='word_1_36' title='bbox 1031 1405 1100 1479; x_wconf 83' lang='lat' dir='ltr'>else</span> <span class='ocrx_word' id='word_1_37' title='bbox 1128 1407 1377 1482; x_wconf 81' lang='lat' dir='ltr'>convenientia</span> <span class='ocrx_word' id='word_1_38' title='bbox 1405 1408 1500 1483; x_wconf 90' lang='lat' dir='ltr'>inter</span> 
     </span>
     <span class='ocr_line' id='line_1_6' title="bbox 282 1497 1499 1599; baseline 0.004 -27"><span class='ocrx_word' id='word_1_39' title='bbox 282 1497 371 1572; x_wconf 91' lang='lat' dir='ltr'>banc</span> <span class='ocrx_word' id='word_1_40' title='bbox 387 1499 509 1572; x_wconf 82' lang='lat' dir='ltr'>Lucae</span> <span class='ocrx_word' id='word_1_41' title='bbox 532 1517 570 1572; x_wconf 95' lang='lat' dir='ltr'>et</span> <span class='ocrx_word' id='word_1_42' title='bbox 596 1503 705 1574; x_wconf 89' lang='lat' dir='ltr'>Matt.</span> <span class='ocrx_word' id='word_1_43' title='bbox 730 1501 826 1572; x_wconf 83' lang='lat' dir='ltr'>xlx.</span> <span class='ocrx_word' id='word_1_44' title='bbox 851 1521 894 1572; x_wconf 85' lang='lat' dir='ltr'>ac</span> <span class='ocrx_word' id='word_1_45' title='bbox 911 1501 1025 1574; x_wconf 83' lang='lat' dir='ltr'>Marc.</span> <span class='ocrx_word' id='word_1_46' title='bbox 1046 1503 1089 1574; x_wconf 87' lang='lat' dir='ltr'>ll.</span> <span class='ocrx_word' id='word_1_47' title='bbox 1114 1502 1369 1594; x_wconf 69' lang='lat' dir='ltr'>narrationem,</span> <span class='ocrx_word' id='word_1_48' title='bbox 1394 1525 1499 1599; x_wconf 91' lang='lat' dir='ltr'>quam</span> 
     </span>
     <span class='ocr_line' id='line_1_7' title="bbox 283 1593 1496 1691; baseline 0.004 -24"><span class='ocrx_word' id='word_1_49' title='bbox 283 1613 321 1668; x_wconf 87' lang='lat' dir='ltr'>ut</span> <span class='ocrx_word' id='word_1_50' title='bbox 352 1617 422 1690; x_wconf 90' lang='lat' dir='ltr'>pro</span> <span class='ocrx_word' id='word_1_51' title='bbox 457 1593 605 1667; x_wconf 77' lang='lat' dir='ltr'>diversis</span> <span class='ocrx_word' id='word_1_52' title='bbox 635 1594 765 1670; x_wconf 76' lang='lat' dir='ltr'>casibus</span> <span class='ocrx_word' id='word_1_53' title='bbox 795 1593 917 1668; x_wconf 87' lang='lat' dir='ltr'>baberi</span> <span class='ocrx_word' id='word_1_54' title='bbox 949 1598 1088 1691; x_wconf 88' lang='lat' dir='ltr'>polliut.</span> <span class='ocrx_word' id='word_1_55' title='bbox 1145 1601 1234 1671; x_wconf 91' lang='lat' dir='ltr'>Cum</span> <span class='ocrx_word' id='word_1_56' title='bbox 1269 1617 1387 1672; x_wconf 90' lang='lat' dir='ltr'>tamen</span> <span class='ocrx_word' id='word_1_57' title='bbox 1423 1620 1496 1672; x_wconf 89' lang='lat' dir='ltr'>non</span> 
     </span>
     <span class='ocr_line' id='line_1_8' title="bbox 281 1687 1493 1792; baseline 0.005 -32"><span class='ocrx_word' id='word_1_58' title='bbox 281 1687 393 1762; x_wconf 84' lang='lat' dir='ltr'>desint</span> <span class='ocrx_word' id='word_1_59' title='bbox 417 1691 598 1785; x_wconf 79' lang='lat' dir='ltr'>exempla,</span> <span class='ocrx_word' id='word_1_60' title='bbox 623 1691 725 1787; x_wconf 88' lang='lat' dir='ltr'>supra</span> <span class='ocrx_word' id='word_1_61' title='bbox 747 1712 886 1786; x_wconf 91' lang='lat' dir='ltr'>quoque</span> <span class='ocrx_word' id='word_1_62' title='bbox 911 1711 1048 1779; x_wconf 83' lang='lat' dir='ltr'>notata,</span> <span class='ocrx_word' id='word_1_63' title='bbox 1083 1709 1120 1762; x_wconf 92' lang='lat' dir='ltr'>et</span> <span class='ocrx_word' id='word_1_64' title='bbox 1147 1691 1185 1765; x_wconf 92' lang='lat' dir='ltr'>in</span> <span class='ocrx_word' id='word_1_65' title='bbox 1211 1693 1278 1767; x_wconf 83' lang='lat' dir='ltr'>hac</span> <span class='ocrx_word' id='word_1_66' title='bbox 1300 1692 1373 1792; x_wconf 82' lang='lat' dir='ltr'>ipsa</span> <span class='ocrx_word' id='word_1_67' title='bbox 1400 1694 1493 1788; x_wconf 90' lang='lat' dir='ltr'>peri·</span> 
     </span>
     <span class='ocr_line' id='line_1_9' title="bbox 282 1785 1495 1885; baseline 0.005 -29"><span class='ocrx_word' id='word_1_68' title='bbox 282 1805 372 1881; x_wconf 86' lang='lat' dir='ltr'>copa</span> <span class='ocrx_word' id='word_1_69' title='bbox 396 1786 485 1858; x_wconf 89' lang='lat' dir='ltr'>Luc.</span> <span class='ocrx_word' id='word_1_70' title='bbox 509 1787 555 1858; x_wconf 89' lang='lat' dir='ltr'>de</span> <span class='ocrx_word' id='word_1_71' title='bbox 574 1785 788 1873; x_wconf 81' lang='lat' dir='ltr'>lnfontibur,</span> <span class='ocrx_word' id='word_1_72' title='bbox 814 1785 867 1857; x_wconf 89' lang='lat' dir='ltr'>uti</span> <span class='ocrx_word' id='word_1_73' title='bbox 884 1809 969 1858; x_wconf 84' lang='lat' dir='ltr'>mox</span> <span class='ocrx_word' id='word_1_74' title='bbox 987 1787 1030 1859; x_wconf 88' lang='lat' dir='ltr'>de</span> <span class='ocrx_word' id='word_1_75' title='bbox 1050 1807 1162 1858; x_wconf 86' lang='lat' dir='ltr'>coeco</span> <span class='ocrx_word' id='word_1_76' title='bbox 1187 1812 1223 1859; x_wconf 84' lang='lat' dir='ltr'>v.</span> <span class='ocrx_word' id='word_1_77' title='bbox 1251 1811 1331 1885; x_wconf 64' lang='lat'>35„</span> <span class='ocrx_word' id='word_1_78' title='bbox 1356 1793 1495 1864; x_wconf 87' lang='lat' dir='ltr'>casuum</span> 
     </span>
     <span class='ocr_line' id='line_1_10' title="bbox 282 1879 1496 1986; baseline 0.004 -34"><span class='ocrx_word' id='word_1_79' title='bbox 282 1901 319 1952; x_wconf 89' lang='lat' dir='ltr'>et</span> <span class='ocrx_word' id='word_1_80' title='bbox 342 1881 548 1954; x_wconf 89' lang='lat' dir='ltr'>sermonum</span> <span class='ocrx_word' id='word_1_81' title='bbox 572 1880 751 1965; x_wconf 80' lang='lat' dir='ltr'>similium,</span> <span class='ocrx_word' id='word_1_82' title='bbox 776 1879 835 1986; x_wconf 92' lang='lat' dir='ltr'>qui</span> <span class='ocrx_word' id='word_1_83' title='bbox 860 1880 1005 1955; x_wconf 77' lang='lat' dir='ltr'>diversis</span> <span class='ocrx_word' id='word_1_84' title='bbox 1028 1880 1231 1956; x_wconf 88' lang='lat' dir='ltr'>acciderunt</span> <span class='ocrx_word' id='word_1_85' title='bbox 1256 1885 1496 1982; x_wconf 83' lang='lat' dir='ltr'>temporibus,</span> 
     </span>
     <span class='ocr_line' id='line_1_11' title="bbox 283 1973 1497 2075; baseline 0.002 -27"><span class='ocrx_word' id='word_1_86' title='bbox 283 1973 342 2048; x_wconf 89' lang='lat' dir='ltr'>hic</span> <span class='ocrx_word' id='word_1_87' title='bbox 366 1999 511 2072; x_wconf 88' lang='lat' dir='ltr'>quoque</span> <span class='ocrx_word' id='word_1_88' title='bbox 539 1975 652 2072; x_wconf 85' lang='lat' dir='ltr'>aliqua</span> <span class='ocrx_word' id='word_1_89' title='bbox 680 1975 916 2051; x_wconf 83' lang='lat' dir='ltr'>dissimilitudo</span> <span class='ocrx_word' id='word_1_90' title='bbox 942 1976 1014 2049; x_wconf 90' lang='lat' dir='ltr'>sese</span> <span class='ocrx_word' id='word_1_91' title='bbox 1037 1975 1186 2066; x_wconf 85' lang='lat' dir='ltr'>offerat,</span> <span class='ocrx_word' id='word_1_92' title='bbox 1227 1977 1266 2051; x_wconf 92' lang='lat' dir='ltr'>in</span> <span class='ocrx_word' id='word_1_93' title='bbox 1290 1979 1366 2075; x_wconf 89' lang='lat' dir='ltr'>ipso</span> <span class='ocrx_word' id='word_1_94' title='bbox 1388 1979 1497 2053; x_wconf 66' lang='lat' dir='ltr'>colloa</span> 
     </span>
     <span class='ocr_line' id='line_1_12' title="bbox 287 2070 1497 2172; baseline 0.001 -29"><span class='ocrx_word' id='word_1_95' title='bbox 287 2071 367 2168; x_wconf 87' lang='lat' dir='ltr'>quio</span> <span class='ocrx_word' id='word_1_96' title='bbox 401 2095 483 2144; x_wconf 86' lang='lat' dir='ltr'>cum</span> <span class='ocrx_word' id='word_1_97' title='bbox 508 2070 693 2145; x_wconf 75' lang='lat' dir='ltr'>Praereeto</span> <span class='ocrx_word' id='word_1_98' title='bbox 726 2090 765 2144; x_wconf 90' lang='lat' dir='ltr'>et</span> <span class='ocrx_word' id='word_1_99' title='bbox 785 2070 1001 2169; x_wconf 88' lang='lat' dir='ltr'>Discipulis,</span> <span class='ocrx_word' id='word_1_100' title='bbox 1042 2093 1110 2144; x_wconf 88' lang='lat' dir='ltr'>nec</span> <span class='ocrx_word' id='word_1_101' title='bbox 1134 2095 1207 2147; x_wconf 92' lang='lat' dir='ltr'>non</span> <span class='ocrx_word' id='word_1_102' title='bbox 1230 2072 1269 2146; x_wconf 93' lang='lat' dir='ltr'>in</span> <span class='ocrx_word' id='word_1_103' title='bbox 1295 2098 1359 2164; x_wconf 88' lang='lat' dir='ltr'>eo,</span> <span class='ocrx_word' id='word_1_104' title='bbox 1402 2074 1497 2172; x_wconf 87' lang='lat' dir='ltr'>quod</span> 
     </span>
     <span class='ocr_line' id='line_1_13' title="bbox 286 2165 1498 2267; baseline 0 -27"><span class='ocrx_word' id='word_1_105' title='bbox 286 2167 345 2240; x_wconf 86' lang='lat' dir='ltr'>hic</span> <span class='ocrx_word' id='word_1_106' title='bbox 380 2169 490 2267; x_wconf 68' lang='grc' dir='ltr'>ἕςχω</span> <span class='ocrx_word' id='word_1_107' title='bbox 519 2165 704 2262; x_wconf 70' lang='lat' dir='ltr'>praestilit</span> <span class='ocrx_word' id='word_1_108' title='bbox 737 2167 894 2262; x_wconf 73' lang='lat' dir='ltr'>expresse</span> <span class='ocrx_word' id='word_1_109' title='bbox 927 2167 968 2242; x_wconf 86' lang='lat' dir='ltr'>ad</span> <span class='ocrx_word' id='word_1_110' title='bbox 996 2168 1148 2257; x_wconf 90' lang='lat' dir='ltr'>elletur,</span> <span class='ocrx_word' id='word_1_111' title='bbox 1197 2189 1272 2242; x_wconf 90' lang='lat' dir='ltr'>rem</span> <span class='ocrx_word' id='word_1_112' title='bbox 1307 2170 1344 2244; x_wconf 93' lang='lat' dir='ltr'>in</span> <span class='ocrx_word' id='word_1_113' title='bbox 1376 2169 1498 2242; x_wconf 89' lang='lat' dir='ltr'>medio</span> 
     </span>
     <span class='ocr_line' id='line_1_14' title="bbox 285 2189 1498 2368; baseline 0 -32"><span class='ocrx_word' id='word_1_114' title='bbox 285 2263 497 2362; x_wconf 79' lang='lat' dir='ltr'>reliquerim.</span> <span class='ocrx_word' id='word_1_115' title='bbox 546 2263 652 2368; x_wconf 81' lang='lat' dir='ltr'>Quod</span> <span class='ocrx_word' id='word_1_116' title='bbox 678 2261 702 2335; x_wconf 89' lang='lat' dir='ltr'>st</span> <span class='ocrx_word' id='word_1_117' title='bbox 729 2285 794 2357; x_wconf 92' lang='lat' dir='ltr'>pro</span> <span class='ocrx_word' id='word_1_118' title='bbox 821 2285 893 2335; x_wconf 91' lang='lat' dir='ltr'>uno</span> <span class='ocrx_word' id='word_1_119' title='bbox 918 2189 1112 2357; x_wconf 79' lang='lat' dir='ltr'>eodemque</span> <span class='ocrx_word' id='word_1_120' title='bbox 1137 2265 1215 2338; x_wconf 89' lang='lat' dir='ltr'>casu</span> <span class='ocrx_word' id='word_1_121' title='bbox 1246 2264 1366 2339; x_wconf 88' lang='lat' dir='ltr'>baberi</span> <span class='ocrx_word' id='word_1_122' title='bbox 1391 2263 1498 2338; x_wconf 79' lang='lat' dir='ltr'>debe·</span> 
     </span>
     <span class='ocr_line' id='line_1_15' title="bbox 286 2358 1501 2458; baseline 0 -26"><span class='ocrx_word' id='word_1_123' title='bbox 286 2379 336 2446; x_wconf 90' lang='lat' dir='ltr'>at,</span> <span class='ocrx_word' id='word_1_124' title='bbox 374 2377 553 2457; x_wconf 88' lang='lat' dir='ltr'>oportet,</span> <span class='ocrx_word' id='word_1_125' title='bbox 594 2358 653 2430; x_wconf 89' lang='lat' dir='ltr'>vel</span> <span class='ocrx_word' id='word_1_126' title='bbox 682 2358 833 2431; x_wconf 85' lang='lat' dir='ltr'>alienum</span> <span class='ocrx_word' id='word_1_127' title='bbox 867 2359 985 2430; x_wconf 91' lang='lat' dir='ltr'>locum</span> <span class='ocrx_word' id='word_1_128' title='bbox 1021 2378 1172 2454; x_wconf 89' lang='lat' dir='ltr'>occupet</span> <span class='ocrx_word' id='word_1_129' title='bbox 1199 2362 1288 2458; x_wconf 86' lang='lat' dir='ltr'>apud</span> <span class='ocrx_word' id='word_1_130' title='bbox 1321 2362 1408 2432; x_wconf 87' lang='lat' dir='ltr'>Luc.</span> <span class='ocrx_word' id='word_1_131' title='bbox 1439 2377 1501 2432; x_wconf 84' lang='lat' dir='ltr'>aut</span> 
     </span>
     <span class='ocr_line' id='line_1_16' title="bbox 273 2453 1497 2550; baseline -0.004 -20"><span class='ocrx_word' id='word_1_132' title='bbox 273 2455 392 2530; x_wconf 72' lang='lat' dir='ltr'>&#39;Mitt</span> <span class='ocrx_word' id='word_1_133' title='bbox 417 2475 459 2528; x_wconf 93' lang='lat' dir='ltr'>et</span> <span class='ocrx_word' id='word_1_134' title='bbox 482 2457 620 2541; x_wconf 62' lang='lat' dir='ltr'>Marc„</span> <span class='ocrx_word' id='word_1_135' title='bbox 653 2453 709 2526; x_wconf 90' lang='lat' dir='ltr'>vel</span> <span class='ocrx_word' id='word_1_136' title='bbox 737 2453 844 2527; x_wconf 86' lang='lat' dir='ltr'>Matt.</span> <span class='ocrx_word' id='word_1_137' title='bbox 870 2453 1012 2528; x_wconf 91' lang='lat' dir='ltr'>XVlll.</span> <span class='ocrx_word' id='word_1_138' title='bbox 1037 2470 1076 2526; x_wconf 91' lang='lat' dir='ltr'>et</span> <span class='ocrx_word' id='word_1_139' title='bbox 1101 2456 1215 2530; x_wconf 86' lang='lat' dir='ltr'>Marc.</span> <span class='ocrx_word' id='word_1_140' title='bbox 1244 2455 1288 2530; x_wconf 91' lang='lat' dir='ltr'>X.</span> <span class='ocrx_word' id='word_1_141' title='bbox 1325 2453 1497 2550; x_wconf 78' lang='lat' dir='ltr'>posterius</span> 
     </span>
     <span class='ocr_line' id='line_1_17' title="bbox 286 2546 1496 2644; baseline -0.002 -20"><span class='ocrx_word' id='word_1_142' title='bbox 286 2549 413 2624; x_wconf 79' lang='lat' dir='ltr'>Christi</span> <span class='ocrx_word' id='word_1_143' title='bbox 450 2551 523 2624; x_wconf 90' lang='lat' dir='ltr'>iter</span> <span class='ocrx_word' id='word_1_144' title='bbox 554 2571 620 2644; x_wconf 85' lang='lat' dir='ltr'>per</span> <span class='ocrx_word' id='word_1_145' title='bbox 644 2546 793 2621; x_wconf 66' lang='lat' dir='ltr'>trabium</span> <span class='ocrx_word' id='word_1_146' title='bbox 819 2549 1065 2643; x_wconf 79' lang='lat' dir='ltr'>Transjordan.</span> <span class='ocrx_word' id='word_1_147' title='bbox 1099 2571 1259 2623; x_wconf 90' lang='lat' dir='ltr'>enarrare</span> <span class='ocrx_word' id='word_1_148' title='bbox 1284 2549 1496 2640; x_wconf 86' lang='lat' dir='ltr'>statuantur,</span> 
     </span>
     <span class='ocr_line' id='line_1_18' title="bbox 284 2641 1498 2740; baseline -0.001 -19"><span class='ocrx_word' id='word_1_149' title='bbox 284 2647 449 2721; x_wconf 77' lang='lat' dir='ltr'>secutae</span> <span class='ocrx_word' id='word_1_150' title='bbox 473 2646 575 2740; x_wconf 88' lang='lat' dir='ltr'>supra</span> <span class='ocrx_word' id='word_1_151' title='bbox 607 2641 729 2717; x_wconf 89' lang='lat' dir='ltr'>statui:</span> <span class='ocrx_word' id='word_1_152' title='bbox 769 2668 883 2740; x_wconf 85' lang='lat' dir='ltr'>aquo</span> <span class='ocrx_word' id='word_1_153' title='bbox 910 2665 1004 2717; x_wconf 85' lang='lat' dir='ltr'>nunc</span> <span class='ocrx_word' id='word_1_154' title='bbox 1035 2644 1151 2717; x_wconf 85' lang='lat' dir='ltr'>minus</span> <span class='ocrx_word' id='word_1_155' title='bbox 1180 2647 1374 2738; x_wconf 86' lang='lat' dir='ltr'>abborre0,</span> <span class='ocrx_word' id='word_1_156' title='bbox 1416 2669 1498 2723; x_wconf 87' lang='lat' dir='ltr'>cum</span> 
     </span>
     <span class='ocr_line' id='line_1_19' title="bbox 286 2738 1163 2841; baseline 0.001 -26"><span class='ocrx_word' id='word_1_157' title='bbox 286 2740 415 2841; x_wconf 86' lang='lat' dir='ltr'>prioris</span> <span class='ocrx_word' id='word_1_158' title='bbox 439 2738 580 2815; x_wconf 88' lang='lat' dir='ltr'>itineris</span> <span class='ocrx_word' id='word_1_159' title='bbox 607 2740 698 2813; x_wconf 87' lang='lat' dir='ltr'>nulla</span> <span class='ocrx_word' id='word_1_160' title='bbox 724 2740 815 2836; x_wconf 92' lang='lat' dir='ltr'>apud</span> <span class='ocrx_word' id='word_1_161' title='bbox 844 2764 906 2813; x_wconf 77' lang='lat' dir='ltr'>eoa</span> <span class='ocrx_word' id='word_1_162' title='bbox 930 2739 992 2813; x_wconf 84' lang='lat' dir='ltr'>fiat</span> <span class='ocrx_word' id='word_1_163' title='bbox 1017 2740 1163 2816; x_wconf 90' lang='lat' dir='ltr'>mentio.</span> 
     </span>
    </p>

    <p class='ocr_par' dir='ltr' id='par_1_3' title="bbox 285 2836 1612 4340">
     <span class='ocr_line' id='line_1_20' title="bbox 329 2836 1495 2937; baseline -0.004 -25"><span class='ocrx_word' id='word_1_164' title='bbox 329 2838 360 2937; x_wconf 64' lang='lat' dir='ltr'>l.</span> <span class='ocrx_word' id='word_1_165' title='bbox 386 2839 524 2912; x_wconf 87' lang='lat' dir='ltr'>LXVI.</span> <span class='ocrx_word' id='word_1_166' title='bbox 559 2838 647 2909; x_wconf 89' lang='lat' dir='ltr'>Cum</span> <span class='ocrx_word' id='word_1_167' title='bbox 670 2836 847 2909; x_wconf 87' lang='lat' dir='ltr'>Dominus</span> <span class='ocrx_word' id='word_1_168' title='bbox 871 2836 941 2909; x_wconf 92' lang='lat' dir='ltr'>iter</span> <span class='ocrx_word' id='word_1_169' title='bbox 964 2837 1059 2910; x_wconf 89' lang='lat' dir='ltr'>suum</span> <span class='ocrx_word' id='word_1_170' title='bbox 1088 2838 1377 2934; x_wconf 83' lang='lat' dir='ltr'>persequeretur,</span> <span class='ocrx_word' id='word_1_171' title='bbox 1417 2837 1495 2932; x_wconf 76' lang='lat' dir='ltr'>Jor·</span> 
     </span>
     <span class='ocr_line' id='line_1_21' title="bbox 289 2930 1499 3030; baseline -0.005 -23"><span class='ocrx_word' id='word_1_172' title='bbox 289 2934 375 3007; x_wconf 83' lang='lat' dir='ltr'>dane</span> <span class='ocrx_word' id='word_1_173' title='bbox 398 2930 571 3029; x_wconf 66' lang='lat' dir='ltr'>trajec&#39;lo,</span> <span class='ocrx_word' id='word_1_174' title='bbox 611 2951 649 3005; x_wconf 92' lang='lat' dir='ltr'>et</span> <span class='ocrx_word' id='word_1_175' title='bbox 672 2930 710 3003; x_wconf 93' lang='lat' dir='ltr'>in</span> <span class='ocrx_word' id='word_1_176' title='bbox 744 2931 855 3005; x_wconf 77' lang='lat' dir='ltr'>trallu</span> <span class='ocrx_word' id='word_1_177' title='bbox 879 2932 1160 3007; x_wconf 83' lang='lat' dir='ltr'>Hierichuntino</span> <span class='ocrx_word' id='word_1_178' title='bbox 1182 2935 1254 3030; x_wconf 87' lang='lat' dir='ltr'>jam</span> <span class='ocrx_word' id='word_1_179' title='bbox 1279 2934 1499 3017; x_wconf 86' lang='lat' dir='ltr'>versaretur,</span> 
     </span>
     <span class='ocr_line' id='line_1_22' title="bbox 285 3026 1498 3124; baseline -0.006 -21"><span class='ocrx_word' id='word_1_180' title='bbox 285 3028 571 3124; x_wconf 79' lang='lat' dir='ltr'>Hierosolymam</span> <span class='ocrx_word' id='word_1_181' title='bbox 587 3047 626 3102; x_wconf 93' lang='lat' dir='ltr'>ut</span> <span class='ocrx_word' id='word_1_182' title='bbox 640 3026 887 3115; x_wconf 84' lang='lat' dir='ltr'>adscenderet,</span> <span class='ocrx_word' id='word_1_183' title='bbox 913 3028 1110 3121; x_wconf 76' lang='lat' dir='ltr'>apostolis,</span> <span class='ocrx_word' id='word_1_184' title='bbox 1137 3028 1272 3101; x_wconf 85' lang='lat' dir='ltr'>seorsrm</span> <span class='ocrx_word' id='word_1_185' title='bbox 1301 3028 1339 3101; x_wconf 94' lang='lat' dir='ltr'>in</span> <span class='ocrx_word' id='word_1_186' title='bbox 1365 3028 1421 3099; x_wconf 78' lang='lat' dir='ltr'>via</span> <span class='ocrx_word' id='word_1_187' title='bbox 1440 3031 1498 3097; x_wconf 83' lang='lat' dir='ltr'>ab·</span> 
     </span>
     <span class='ocr_line' id='line_1_23' title="bbox 288 3118 1501 3217; baseline -0.005 -21"><span class='ocrx_word' id='word_1_188' title='bbox 288 3122 431 3211; x_wconf 68' lang='lat' dir='ltr'>dunis,</span> <span class='ocrx_word' id='word_1_189' title='bbox 452 3118 616 3217; x_wconf 80' lang='lat' dir='ltr'>passiones</span> <span class='ocrx_word' id='word_1_190' title='bbox 632 3123 706 3195; x_wconf 90' lang='lat' dir='ltr'>suas</span> <span class='ocrx_word' id='word_1_191' title='bbox 720 3122 836 3193; x_wconf 90' lang='lat' dir='ltr'>denuo</span> <span class='ocrx_word' id='word_1_192' title='bbox 853 3122 1049 3215; x_wconf 82' lang='lat' dir='ltr'>praedixit,</span> <span class='ocrx_word' id='word_1_193' title='bbox 1076 3127 1183 3195; x_wconf 80' lang='lat' dir='ltr'>Matt.</span> <span class='ocrx_word' id='word_1_194' title='bbox 1203 3126 1280 3193; x_wconf 88' lang='lat' dir='ltr'>XX:</span> <span class='ocrx_word' id='word_1_195' title='bbox 1301 3144 1356 3210; x_wconf 77' lang='lat'>27.</span> <span class='ocrx_word' id='word_1_196' title='bbox 1383 3123 1501 3191; x_wconf 65' lang='lat' dir='ltr'>utare,</span> 
     </span>
     <span class='ocr_line' id='line_1_24' title="bbox 290 3211 1502 3309; baseline -0.007 -18"><span class='ocrx_word' id='word_1_197' title='bbox 290 3218 341 3291; x_wconf 89' lang='lat' dir='ltr'>X.</span> <span class='ocrx_word' id='word_1_198' title='bbox 369 3234 409 3288; x_wconf 90' lang='lat' dir='ltr'>et</span> <span class='ocrx_word' id='word_1_199' title='bbox 432 3218 519 3289; x_wconf 84' lang='lat' dir='ltr'>Luc.</span> <span class='ocrx_word' id='word_1_200' title='bbox 541 3218 700 3303; x_wconf 87' lang='lat' dir='ltr'>XVlll.‚·</span> <span class='ocrx_word' id='word_1_201' title='bbox 725 3216 850 3309; x_wconf 88' lang='lat' dir='ltr'>absque</span> <span class='ocrx_word' id='word_1_202' title='bbox 877 3232 916 3284; x_wconf 91' lang='lat' dir='ltr'>ut</span> <span class='ocrx_word' id='word_1_203' title='bbox 941 3214 989 3283; x_wconf 93' lang='lat' dir='ltr'>illi</span> <span class='ocrx_word' id='word_1_204' title='bbox 1016 3234 1172 3286; x_wconf 86' lang='lat' dir='ltr'>mentem</span> <span class='ocrx_word' id='word_1_205' title='bbox 1195 3216 1269 3308; x_wconf 89' lang='lat' dir='ltr'>ejus</span> <span class='ocrx_word' id='word_1_206' title='bbox 1294 3211 1425 3283; x_wconf 88' lang='lat' dir='ltr'>suerint</span> <span class='ocrx_word' id='word_1_207' title='bbox 1442 3213 1502 3283; x_wconf 83' lang='lat' dir='ltr'>ud·</span> 
     </span>
     <span class='ocr_line' id='line_1_25' title="bbox 285 3306 1499 3404; baseline -0.007 -15"><span class='ocrx_word' id='word_1_208' title='bbox 285 3311 424 3401; x_wconf 84' lang='lat' dir='ltr'>secuti,</span> <span class='ocrx_word' id='word_1_209' title='bbox 464 3310 516 3385; x_wconf 90' lang='lat' dir='ltr'>uti</span> <span class='ocrx_word' id='word_1_210' title='bbox 536 3312 622 3385; x_wconf 83' lang='lat' dir='ltr'>Luc.</span> <span class='ocrx_word' id='word_1_211' title='bbox 655 3311 784 3385; x_wconf 84' lang='lat' dir='ltr'>diserte</span> <span class='ocrx_word' id='word_1_212' title='bbox 810 3308 993 3381; x_wconf 86' lang='lat' dir='ltr'>adnotavit</span> <span class='ocrx_word' id='word_1_213' title='bbox 1018 3335 1053 3383; x_wconf 95' lang='lat' dir='ltr'>v.</span> <span class='ocrx_word' id='word_1_214' title='bbox 1084 3332 1140 3404; x_wconf 84' lang='lat'>34.</span> <span class='ocrx_word' id='word_1_215' title='bbox 1189 3309 1293 3404; x_wconf 87' lang='lat' dir='ltr'>Cujus</span> <span class='ocrx_word' id='word_1_216' title='bbox 1320 3306 1499 3403; x_wconf 85' lang='lat' dir='ltr'>stupidita-</span> 
     </span>
     <span class='ocr_line' id='line_1_26' title="bbox 287 3402 1500 3503; baseline -0.004 -20"><span class='ocrx_word' id='word_1_217' title='bbox 287 3411 353 3497; x_wconf 80' lang='lat' dir='ltr'>tis,</span> <span class='ocrx_word' id='word_1_218' title='bbox 382 3432 429 3481; x_wconf 84' lang='lat' dir='ltr'>ex</span> <span class='ocrx_word' id='word_1_219' title='bbox 454 3406 676 3503; x_wconf 84' lang='lat' dir='ltr'>praejudiciis</span> <span class='ocrx_word' id='word_1_220' title='bbox 700 3407 744 3479; x_wconf 90' lang='lat' dir='ltr'>de</span> <span class='ocrx_word' id='word_1_221' title='bbox 760 3402 884 3478; x_wconf 68' lang='lat' dir='ltr'>Mella</span> <span class='ocrx_word' id='word_1_222' title='bbox 902 3424 1018 3495; x_wconf 89' lang='lat' dir='ltr'>ortae,</span> <span class='ocrx_word' id='word_1_223' title='bbox 1045 3428 1128 3478; x_wconf 86' lang='lat' dir='ltr'>mox</span> <span class='ocrx_word' id='word_1_224' title='bbox 1153 3406 1259 3478; x_wconf 90' lang='lat' dir='ltr'>etiam</span> <span class='ocrx_word' id='word_1_225' title='bbox 1286 3405 1500 3478; x_wconf 87' lang='lat' dir='ltr'>luculentum</span> 
     </span>
     <span class='ocr_line' id='line_1_27' title="bbox 289 3496 1500 3669; baseline -0.004 -92"><span class='ocrx_word' id='word_1_226' title='bbox 289 3505 461 3579; x_wconf 89' lang='lat' dir='ltr'>dederunt</span> <span class='ocrx_word' id='word_1_227' title='bbox 491 3503 667 3599; x_wconf 85' lang='lat' dir='ltr'>specimen</span> <span class='ocrx_word' id='word_1_228' title='bbox 691 3502 761 3574; x_wconf 89' lang='lat' dir='ltr'>duo</span> <span class='ocrx_word' id='word_1_229' title='bbox 786 3499 848 3572; x_wconf 88' lang='lat' dir='ltr'>filii</span> <span class='ocrx_word' id='word_1_230' title='bbox 876 3496 1049 3574; x_wconf 82' lang='lat' dir='ltr'>Zebedaei</span> <span class='ocrx_word' id='word_1_231' title='bbox 1075 3504 1224 3597; x_wconf 80' lang='lat' dir='ltr'>Jacobue</span> <span class='ocrx_word' id='word_1_232' title='bbox 1249 3520 1285 3573; x_wconf 92' lang='lat' dir='ltr'>et</span> <span class='ocrx_word' id='word_1_233' title='bbox 1295 3502 1500 3669; x_wconf 49' lang='lat' dir='ltr'>dolrannes,</span> 
     </span>
     <span class='ocr_line' id='line_1_28' title="bbox 290 3596 1612 3695; baseline -0.005 -20"><span class='ocrx_word' id='word_1_234' title='bbox 290 3624 412 3675; x_wconf 87' lang='lat' dir='ltr'>cuma</span> <span class='ocrx_word' id='word_1_235' title='bbox 437 3597 578 3673; x_wconf 87' lang='lat' dir='ltr'>Christo</span> <span class='ocrx_word' id='word_1_236' title='bbox 610 3596 887 3695; x_wconf 83' lang='lat' dir='ltr'>praerogativam</span> <span class='ocrx_word' id='word_1_237' title='bbox 920 3596 965 3667; x_wconf 88' lang='lat' dir='ltr'>ad</span> <span class='ocrx_word' id='word_1_238' title='bbox 985 3598 1143 3669; x_wconf 81' lang='lat' dir='ltr'>dextram</span> <span class='ocrx_word' id='word_1_239' title='bbox 1167 3617 1203 3669; x_wconf 88' lang='lat' dir='ltr'>et</span> <span class='ocrx_word' id='word_1_240' title='bbox 1230 3596 1290 3669; x_wconf 89' lang='lat' dir='ltr'>stni</span> <span class='ocrx_word' id='word_1_241' title='bbox 1324 3621 1395 3669; x_wconf 81' lang='lat' dir='ltr'>ram</span> <span class='ocrx_word' id='word_1_242' title='bbox 1425 3598 1499 3691; x_wconf 85' lang='lat' dir='ltr'>ejus</span> <span class='ocrx_word' id='word_1_243' title='bbox 1605 3658 1612 3683; x_wconf 87' lang='grc'>,</span> 
     </span>
     <span class='ocr_line' id='line_1_29' title="bbox 293 3690 1504 3803; baseline -0.005 -32"><span class='ocrx_word' id='word_1_244' title='bbox 293 3696 329 3771; x_wconf 94' lang='lat' dir='ltr'>in</span> <span class='ocrx_word' id='word_1_245' title='bbox 349 3720 467 3793; x_wconf 82' lang='lat' dir='ltr'>regno</span> <span class='ocrx_word' id='word_1_246' title='bbox 491 3696 566 3803; x_wconf 86' lang='lat' dir='ltr'>ejus</span> <span class='ocrx_word' id='word_1_247' title='bbox 590 3692 753 3780; x_wconf 91' lang='lat' dir='ltr'>sedendi,</span> <span class='ocrx_word' id='word_1_248' title='bbox 799 3690 904 3765; x_wconf 86' lang='lat' dir='ltr'>instar</span> <span class='ocrx_word' id='word_1_249' title='bbox 933 3692 1176 3786; x_wconf 88' lang='lat' dir='ltr'>primariorum</span> <span class='ocrx_word' id='word_1_250' title='bbox 1202 3691 1436 3765; x_wconf 85' lang='lat' dir='ltr'>ministrorum</span> <span class='ocrx_word' id='word_1_251' title='bbox 1462 3693 1504 3765; x_wconf 88' lang='lat' dir='ltr'>in</span> 
     </span>
     <span class='ocr_line' id='line_1_30' title="bbox 291 3785 1497 3887; baseline -0.005 -22"><span class='ocrx_word' id='word_1_252' title='bbox 291 3792 419 3867; x_wconf 90' lang='lat' dir='ltr'>throno</span> <span class='ocrx_word' id='word_1_253' title='bbox 443 3815 539 3887; x_wconf 81' lang='lat' dir='ltr'>regis</span> <span class='ocrx_word' id='word_1_254' title='bbox 562 3788 751 3875; x_wconf 85' lang='lat' dir='ltr'>terrestris,</span> <span class='ocrx_word' id='word_1_255' title='bbox 784 3786 985 3884; x_wconf 82' lang='lat' dir='ltr'>petierunt3</span> <span class='ocrx_word' id='word_1_256' title='bbox 1018 3788 1142 3883; x_wconf 88' lang='lat' dir='ltr'>quibus</span> <span class='ocrx_word' id='word_1_257' title='bbox 1165 3785 1320 3861; x_wconf 88' lang='lat' dir='ltr'>Christus</span> <span class='ocrx_word' id='word_1_258' title='bbox 1356 3789 1497 3883; x_wconf 90' lang='lat' dir='ltr'>respon·</span> 
     </span>
     <span class='ocr_line' id='line_1_31' title="bbox 291 3882 1494 3979; baseline -0.007 -16"><span class='ocrx_word' id='word_1_259' title='bbox 291 3888 362 3975; x_wconf 90' lang='lat' dir='ltr'>dit,</span> <span class='ocrx_word' id='word_1_260' title='bbox 405 3910 481 3961; x_wconf 92' lang='lat' dir='ltr'>non</span> <span class='ocrx_word' id='word_1_261' title='bbox 505 3887 616 3961; x_wconf 90' lang='lat' dir='ltr'>solum</span> <span class='ocrx_word' id='word_1_262' title='bbox 642 3885 767 3959; x_wconf 91' lang='lat' dir='ltr'>nullam</span> <span class='ocrx_word' id='word_1_263' title='bbox 795 3882 1074 3979; x_wconf 76' lang='lat' dir='ltr'>praerogativam</span> <span class='ocrx_word' id='word_1_264' title='bbox 1107 3885 1142 3956; x_wconf 92' lang='lat' dir='ltr'>in</span> <span class='ocrx_word' id='word_1_265' title='bbox 1178 3908 1292 3979; x_wconf 85' lang='lat' dir='ltr'>regno</span> <span class='ocrx_word' id='word_1_266' title='bbox 1321 3885 1381 3957; x_wconf 92' lang='lat' dir='ltr'>suo</span> <span class='ocrx_word' id='word_1_267' title='bbox 1409 3906 1494 3955; x_wconf 87' lang='lat' dir='ltr'>con-</span> 
     </span>
     <span class='ocr_line' id='line_1_32' title="bbox 290 3978 1503 4079; baseline -0.007 -20"><span class='ocrx_word' id='word_1_268' title='bbox 290 3984 387 4073; x_wconf 90' lang='lat' dir='ltr'>cedi,</span> <span class='ocrx_word' id='word_1_269' title='bbox 418 3981 484 4055; x_wconf 86' lang='lat' dir='ltr'>nili</span> <span class='ocrx_word' id='word_1_270' title='bbox 509 3982 597 4069; x_wconf 91' lang='lat' dir='ltr'>illis,</span> <span class='ocrx_word' id='word_1_271' title='bbox 629 3984 688 4079; x_wconf 92' lang='lat' dir='ltr'>qui</span> <span class='ocrx_word' id='word_1_272' title='bbox 714 3979 756 4052; x_wconf 91' lang='lat' dir='ltr'>ad</span> <span class='ocrx_word' id='word_1_273' title='bbox 781 3978 986 4073; x_wconf 90' lang='lat' dir='ltr'>martyrium</span> <span class='ocrx_word' id='word_1_274' title='bbox 1018 3978 1229 4053; x_wconf 87' lang='lat' dir='ltr'>subeundum</span> <span class='ocrx_word' id='word_1_275' title='bbox 1256 3979 1366 4074; x_wconf 88' lang='lat' dir='ltr'>parati</span> <span class='ocrx_word' id='word_1_276' title='bbox 1401 3980 1503 4069; x_wconf 85' lang='lat' dir='ltr'>sunt,¹</span> 
     </span>
     <span class='ocr_line' id='line_1_33' title="bbox 290 4071 1501 4177; baseline -0.006 -23"><span class='ocrx_word' id='word_1_277' title='bbox 290 4081 448 4177; x_wconf 86' lang='lat' dir='ltr'>adeoque</span> <span class='ocrx_word' id='word_1_278' title='bbox 470 4102 621 4174; x_wconf 81' lang='lat' dir='ltr'>regnum</span> <span class='ocrx_word' id='word_1_279' title='bbox 648 4078 743 4151; x_wconf 91' lang='lat' dir='ltr'>suum</span> <span class='ocrx_word' id='word_1_280' title='bbox 774 4098 844 4147; x_wconf 90' lang='lat' dir='ltr'>non</span> <span class='ocrx_word' id='word_1_281' title='bbox 870 4071 938 4144; x_wconf 86' lang='lat' dir='ltr'>else</span> <span class='ocrx_word' id='word_1_282' title='bbox 965 4075 1064 4171; x_wconf 83' lang='lat' dir='ltr'>hujus</span> <span class='ocrx_word' id='word_1_283' title='bbox 1087 4074 1228 4159; x_wconf 91' lang='lat' dir='ltr'>mundi,</span> <span class='ocrx_word' id='word_1_284' title='bbox 1261 4076 1318 4150; x_wconf 86' lang='lat' dir='ltr'>sed</span> <span class='ocrx_word' id='word_1_285' title='bbox 1346 4094 1383 4148; x_wconf 82' lang='lat' dir='ltr'>et</span> <span class='ocrx_word' id='word_1_286' title='bbox 1406 4076 1501 4148; x_wconf 82' lang='lat' dir='ltr'>vica·</span> 
     </span>
     <span class='ocr_line' id='line_1_34' title="bbox 295 4169 1501 4340; baseline -0.007 -91"><span class='ocrx_word' id='word_1_287' title='bbox 295 4178 374 4250; x_wconf 84' lang='lat' dir='ltr'>riam</span> <span class='ocrx_word' id='word_1_288' title='bbox 397 4174 613 4272; x_wconf 82' lang='lat' dir='ltr'>potestatem</span> <span class='ocrx_word' id='word_1_289' title='bbox 635 4172 671 4245; x_wconf 92' lang='lat' dir='ltr'>in</span> <span class='ocrx_word' id='word_1_290' title='bbox 692 4196 804 4340; x_wconf 51' lang='lat' dir='ltr'>regno</span> <span class='ocrx_word' id='word_1_291' title='bbox 833 4169 892 4240; x_wconf 90' lang='lat' dir='ltr'>suo</span> <span class='ocrx_word' id='word_1_292' title='bbox 920 4191 989 4241; x_wconf 94' lang='lat' dir='ltr'>non</span> <span class='ocrx_word' id='word_1_293' title='bbox 1016 4173 1096 4247; x_wconf 91' lang='lat' dir='ltr'>huic</span> <span class='ocrx_word' id='word_1_294' title='bbox 1113 4190 1172 4244; x_wconf 91' lang='lat' dir='ltr'>aut</span> <span class='ocrx_word' id='word_1_295' title='bbox 1198 4170 1246 4243; x_wconf 93' lang='lat' dir='ltr'>illi</span> <span class='ocrx_word' id='word_1_296' title='bbox 1271 4172 1364 4245; x_wconf 88' lang='lat' dir='ltr'>inter</span> <span class='ocrx_word' id='word_1_297' title='bbox 1389 4170 1501 4263; x_wconf 77' lang='lat' dir='ltr'>Apos-</span> 
     </span>
    </p>
   </div>
   <div class='ocr_carea' id='block_1_3' title="bbox 303 4263 1501 4362">
    <p class='ocr_par' dir='ltr' id='par_1_4' title="bbox 303 4263 1501 4362">
     <span class='ocr_line' id='line_1_35' title="bbox 303 4263 1501 4362; baseline -0.011 -19"><span class='ocrx_word' id='word_1_298' title='bbox 303 4276 381 4346; x_wconf 75' lang='lat' dir='ltr'>tolos</span> <span class='ocrx_word' id='word_1_299' title='bbox 404 4272 557 4345; x_wconf 93' lang='lat' dir='ltr'>dandam</span> <span class='ocrx_word' id='word_1_300' title='bbox 578 4268 667 4357; x_wconf 85' lang='lat' dir='ltr'>elle,</span> <span class='ocrx_word' id='word_1_301' title='bbox 693 4270 725 4340; x_wconf 94' lang='lat' dir='ltr'>se</span> <span class='ocrx_word' id='word_1_302' title='bbox 775 4264 955 4354; x_wconf 89' lang='lat' dir='ltr'>omnibus,</span> <span class='ocrx_word' id='word_1_303' title='bbox 983 4268 1105 4362; x_wconf 89' lang='lat' dir='ltr'>quibus</span> <span class='ocrx_word' id='word_1_304' title='bbox 1127 4292 1167 4339; x_wconf 86' lang='lat' dir='ltr'>ea</span> <span class='ocrx_word' id='word_1_305' title='bbox 1183 4292 1201 4339; x_wconf 88' lang='lat' dir='ltr'>a</span> <span class='ocrx_word' id='word_1_306' title='bbox 1217 4269 1316 4338; x_wconf 88' lang='lat' dir='ltr'>Patre</span> <span class='ocrx_word' id='word_1_307' title='bbox 1334 4263 1383 4336; x_wconf 87' lang='lat' dir='ltr'>est</span> <span class='ocrx_word' id='word_1_308' title='bbox 1398 4263 1501 4334; x_wconf 84' lang='lat' dir='ltr'>delli·</span> 
     </span>
    </p>
   </div>
   <div class='ocr_carea' id='block_1_4' title="bbox 303 4350 1514 4558">
    <p class='ocr_par' dir='ltr' id='par_1_5' title="bbox 303 4350 1514 4558">
     <span class='ocr_line' id='line_1_36' title="bbox 303 4350 1514 4558; baseline -0.007 -113"><span class='ocrx_word' id='word_1_309' title='bbox 303 4386 387 4465; x_wconf 82' lang='lat' dir='ltr'>nata,</span> <span class='ocrx_word' id='word_1_310' title='bbox 410 4368 530 4473; x_wconf 83' lang='lat' dir='ltr'>(hunc</span> <span class='ocrx_word' id='word_1_311' title='bbox 558 4362 657 4441; x_wconf 84' lang='lat' dir='ltr'>enim</span> <span class='ocrx_word' id='word_1_312' title='bbox 681 4364 813 4443; x_wconf 86' lang='lat' dir='ltr'>sensum</span> <span class='ocrx_word' id='word_1_313' title='bbox 834 4360 1037 4530; x_wconf 62' lang='lat' dir='ltr'>prapfetunt</span> <span class='ocrx_word' id='word_1_314' title='bbox 1061 4365 1169 4443; x_wconf 82' lang='lat' dir='ltr'>verba</span> <span class='ocrx_word' id='word_1_315' title='bbox 1195 4364 1302 4438; x_wconf 85' lang='lat' dir='ltr'>Matt.</span> <span class='ocrx_word' id='word_1_316' title='bbox 1320 4350 1514 4558; x_wconf 45' lang='lat' dir='ltr'>Xquaussaip¹</span> 
     </span>
    </p>
   </div>
   <div class='ocr_carea' id='block_1_5' title="bbox 0 0 1819 5500">
    <p class='ocr_par' dir='ltr' id='par_1_6' title="bbox 0 0 1819 5500">
     <span class='ocr_line' id='line_1_37' title="bbox 0 0 1819 5500; baseline 0 0"><span class='ocrx_word' id='word_1_317' title='bbox 0 0 1819 5500; x_wconf 95' lang='lat' dir='ltr'> </span> 
     </span>
    </p>
   </div>
  </div>
 </body>
</html>
