3609 5500
380 724 487 817 ,μ
797 708 945 815 maiia
976 712 1107 816 neiis.
1133 712 1246 817 misi.
1367 795 1372 803 .

402 912 543 1005 quoque
559 890 680 1005 colligi
689 892 828 989 'potest;
859 894 984 971 Postea
1007 900 1169 973 minens
1196 896 1293 991 riae,
1316 892 1639 995 Mesopotamiae,

257 1072 264 1087 ,
402 1012 442 1079 et
466 992 613 1068 Ciliciae
636 990 813 1066 Eceiefiae
835 993 880 1067 ad
900 990 1041 1069 Asianus
1064 993 1151 1069 adce
1181 1015 1307 1084 erunt,
1341 1012 1382 1067 ut
1404 1017 1452 1070 ex
1476 992 1630 1065 Athana·

403 1086 518 1163 finde
540 1088 676 1186 synodis
716 1105 802 1166 atet.
852 1090 965 1164 Nunc
989 1108 1106 1165 tamen
1134 1113 1215 1167 cuni
1240 1090 1284 1167 iis
1308 1086 1476 1164 fecerunt
1491 1089 1632 1163 vicima

402 1184 598 1273 Ecciefiae,
621 1186 704 1269 Eu.
729 1184 816 1260 ibid.
842 1183 944 1259 teste.
995 1186 1156 1283 Utraque
1179 1208 1267 1261 vero
1282 1208 1363 1284 part
1378 1208 1519 1259 morem
1534 1184 1631 1257 suurn

403 1283 448 1357 ab
466 1278 667 1379 Apostolis,
693 1302 759 1377 per
774 1278 980 1355 continuam
995 1281 1248 1372 traditionem,
1264 1280 1448 1378 repetiisse
1466 1280 1626 1353 traditur.

348 1402 353 1413 ·
403 1376 540 1473 Utique
566 1372 714 1450 Asianos
736 1376 962 1473 aPhiiippo,
995 1376 1184 1471 Iohanne,
1211 1379 1429 1475 Polycarpo,
1464 1373 1627 1470 aliisque,

403 1496 485 1549 enm
510 1473 605 1548 diem
627 1469 730 1545 fuisse
755 1470 957 1545 constanter
982 1471 1225 1563 observatum,
1250 1472 1495 1561 contendisse,
1520 1470 1626 1544 refert

403 1568 486 1644 Eus.
508 1570 613 1657 ic..
636 1565 697 1665 qui
714 1568 868 1651 etiami.
893 1569 944 1643 V:
972 1588 1031 1662 23.
1059 1566 1180 1661 addit,
1213 1569 1279 1643 reli
1305 1591 1364 1641 uas
1380 1566 1553 1642 Ecclesiae
1565 1584 1626 1662 pro

405 1664 469 1739 suo
484 1672 583 1738 inore
602 1686 743 1771 quoque
758 1662 991 1770 praetexuisse
1010 1661 1259 1753 traditionem3
1280 1592 1341 1739 ied
1354 1664 1523 1736 irenaeus
1539 1658 1623 1757 apud

404 1758 485 1839 Eus.
511 1762 559 1834 ib.
585 1782 618 1831 c.
644 1780 702 1849 24.
729 1761 866 1850 innuit,
908 1761 1122 1849 Amcetum,
1164 1758 1296 1856 Episco
1324 1758 1621 1845 umRomanum,

408 1876 573 1950 tempore
589 1854 668 2019 Por?
676 1855 773 1962 carpi
789 1854 1031 1951 Apostolicam
1049 1870 1120 1942 non
1130 1856 1277 1951 praetui'
1308 1878 1329 1929 e
1345 1851 1547 1950 originem,
1568 1852 1621 1959 sed

384 1969 543 2025 -tantum
568 1968 636 2020 con
654 1950 858 2023 uetudinem
886 1952 1051 2023 Saniorum
1086 1967 1162 2024 onte
1177 1948 1231 2048 se.
1281 1953 1370 2025 Cum
1402 1955 1524 2046 itaque
1556 1970 1620 2045 pn·

403 2069 502 2129 nium
533 2041 585 2120 ibi
609 2062 786 2117 memoret
816 2068 940 2119 eoruin
972 2042 1121 2142 Xystum
1154 2047 1341 2136 Irenaeut,
1383 2045 1445 2141 qui
1479 2044 1616 2143 pascha,

403 2144 475 2317 {iio
499 2138 559 2219 die
587 2158 630 2213 ac
654 2137 778 2237 Judaei
801 2139 980 2232 solebant,
1011 2141 1258 2229 celebrandum
1285 2140 1377 2232 effe,
1409 2138 1615 2229 statuerunt,

432 2238 484 2315 eri
507 2234 645 2335 potest,
669 2255 709 2309 ut
732 2232 762 2309 is
784 2235 1074 2311 consuetudinem
1090 2258 1169 2311 eam
1188 2235 1449 2328 introduxerit,
1476 2237 1527 2312 uti
1543 2236 1615 2332 opi·

403 2355 506 2422 natur
520 2331 668 2407 Pearfon
686 2330 731 2404 de
749 2332 886 2407 success.
911 2334 949 2407 P.
975 2334 1012 2407 P.
1038 2333 1085 2406 R.
1109 2329 1199 2410 Diis.
1225 2333 1294 2423 ii.‚
1327 2332 1423 2429 quod
1451 2336 1510 2425 stin
1540 2332 1612 2403 ioco

404 2426 582 2521 relinquo.
635 2428 770 2521 Utique
800 2430 844 2500 ab
889 2450 935 2500 eo
970 2442 1132 2523 tempore
1173 2426 1365 2525 viguerunt
1399 2424 1609 2512 dissensiones

297 2590 300 2594 ,
402 2521 655 2607 Ecclesiam,
682 2522 770 2594 salva
795 2538 911 2596 tamen
935 2542 1055 2599 mutua
1081 2544 1181 2620 pace.
1214 2523 1366 2609 Romani
1390 2522 1528 2620 quidem
1547 2522 1607 2593 Ec·

403 2617 519 2698 ciesiit
540 2613 602 2689 fibi
634 2613 796 2710 subjectis
823 2617 1083 2693 interdixerunt
1108 2615 1169 2692 usu
1200 2618 1426 2709 Asianorum,
1467 2620 1522 2694 fed
1552 2634 1604 2689 eor
1691 2676 1692 2687 .

405 2709 655 2800 consuetudini
679 2702 801 2786 eorum
819 2712 970 2810 pacifice
995 2715 1231 2811 reliquerunt,
1257 2733 1297 2790 ut
1318 2715 1432 2790 refert
1466 2716 1551 2791 iren.
1569 2707 1603 2781 in

406 2813 474 2909 Ep.
499 2810 543 2893 ad
567 2808 774 2898 vitiorem,
799 2810 891 2906 apud
909 2809 987 2885 Euf.
1012 2809 1033 2884 i.
1061 2833 1115 2897 c.;
1138 2810 1213 2884 imo
1228 2811 1486 2886 communionis
1498 2806 1601 2885 Eccle-
1691 2873 1692 2876 ,

409 2907 566 2987 fiasticae
591 2906 687 3003 signa
712 2904 772 2979 sibi
801 2905 954 2978 invicem
980 2901 1240 3001 praestiterunt.
1286 2909 1519 3005 Poiyotrpus,
1548 2904 1601 2975 hu·

405 3006 465 3102 jus
488 3022 527 3076 et
543 3001 684 3075 aliarum
702 2998 941 3098 quaestionum
962 3002 1058 3076 causa
1066 3053 1077 3090 ,
1096 3001 1249 3084 Romam
1267 3004 1417 3076 tendent
1432 3003 1474 3076 ad
1489 2998 1598 3076 Anice-

410 3094 513 3186 tum,
534 3115 573 3170 nt
590 3098 715 3169 Euseb.
739 3097 788 3168 H.
815 3097 856 3170 E.
882 3098 952 3172 lV:
974 3119 1029 3188 14.
1053 3115 1090 3170 et
1107 3095 1170 3171 V:·
1186 3119 1243 3186 24.
1267 3097 1380 3171 refert
1395 3121 1441 3172 ex
1459 3101 1598 3178 irenaeo,
1691 3137 1692 3140 =

409 3193 524 3266 amice
548 3211 721 3286 exceptus
743 3187 795 3263 est
811 3209 850 3263 et
874 3190 1050 3278 fraterne,
1077 3211 1118 3264 ac
1142 3189 1315 3283 dimiiius,
1339 3192 1433 3268 saivo
1448 3189 1591 3289 utriusqus

406 3283 582 3370 dissensu,
609 3304 650 3356 ut
674 3283 759 3358 ibid.
775 3284 934 3360 docetur.
979 3284 1108 3359 Vifior
1122 3286 1291 3383 deinceps
1306 3290 1441 3384 primns
1463 3288 1521 3371 eii,
1545 3297 1589 3374 qui

351 3426 357 3438 ›
407 3375 684 3483 inmoderatipre
705 3379 766 3450 suo
789 3377 904 3453 studio
924 3377 1112 3454 schismatis
1132 3382 1290 3478 praebuit
1315 3383 1444 3460 ansam.
1491 3375 1587 3456 Refert

431 3473 549 3550 uidem
574 3491 676 3545 autor
692 3473 908 3568 'adpendicit
939 3475 1015 3550 iibri
1050 3479 1152 3550 Tert.
1184 3477 1229 3551 de
1263 3477 1464 3575 Praescri'pt.
1496 3479 1588 3557 tinet·

405 3503 710 3668 disputationum,
731 3589 770 3643 et
783 3587 963 3661 motuum,
998 3571 1214 3648 occasionem
1239 3571 1370 3649 dediiie
1406 3571 1542 3656 Biatium
1566 3582 1593 3638 tt

402 3666 608 3752 florinum,
634 3669 859 3764 presbyteros
875 3669 1072 3759 Romanos,
1097 3667 1389 3758 Valentinianos,
1416 3673 1476 3769 qui
1499 3664 1590 3766 Judai·

405 3787 486 3842 cuni
511 3761 617 3833 ritum
643 3762 780 3836 Romae
805 3764 924 3838 conati
951 3765 1030 3838 sunt
1062 3762 1306 3854 introducere,
1349 3764 1407 3838 sed
1432 3789 1510 3840 cum
1528 3761 1590 3835 solus

403 3864 442 3940 id
461 3856 593 3944 tradat,
618 3877 684 3928 nec
702 3859 867 3951 probatae
883 3857 924 3932 iit
941 3857 1045 3944 fidei,
1073 3860 1155 3931 illud
1179 3858 1287 3932 tutius
1304 3860 1498 3958 seponitur.
1527 3853 1590 3932 Vit-

407 3980 466 4036 tor
482 3975 590 4038 vero,
604 3951 779 4042 ¹consensu
795 3953 935 4028 aliarum
956 3952 1205 4045 Ecclesiarum‚
1222 3955 1442 4149 decretifssue
1459 3951 1595 4054 Synodo·
1691 3955 1692 4024 3

406 4076 505 4138 runi,
529 4068 615 4143 quae
631 4067 674 4118 ea
691 4046 734 4118 de
748 4039 956 4143 quaestione
972 4047 1113 4122 habitae
1134 4048 1258 4124 suntin
1267 4051 1369 4123 Palae
1402 4057 1476 4140 iiia,
1496 4044 1599 4144 praefi·

400 4135 509 4232 dibus
527 4140 736 4240 Theophilo
742 4197 757 4239 ‚
775 4143 968 4244 Caesareae,
976 4142 1204 4290 Palaestinae,
1229 4163 1267 4222 et
1282 4143 1606 4334 Narciiiofoliyifflg,
1691 4181 1692 4230 3
