3609 5500
704 1011 708 1016 .
809 928 973 1020 &cul-L
1431 961 1504 1033 tsi
1576 986 1578 991 ·

304 1103 367 1199 eit,
386 1095 524 1184 lanium
539 1103 749 1204 Apostolum
778 1109 917 1184 abhoc
942 1126 1104 1205 tempore
1130 1108 1202 1185 solo
1227 1114 1374 1192 nornine
1400 1119 1501 1198 Pauli

300 1203 386 1280 inille
405 1203 628 1302 insignitum,
660 1205 698 1277 in
724 1225 993 1283 monumentum
1024 1205 1170 1280 illustris
1192 1209 1294 1307 hujus
1318 1212 1386 1288 viri
1412 1239 1500 1292 con·

299 1300 469 1392 cassonin
495 1299 548 1373 titi
574 1325 609 1375 v.
633 1300 785 1392 9.·haud
809 1300 956 1375 obscure
973 1300 1153 1394 innuitur,
1180 1307 1236 1378 tibi
1264 1310 1395 1404 legitur
1413 1313 1498 1388 Sati·¹

294 1399 355 1488 ns,
432 1400 568 1484 letiam
591 1396 718 1472 Pauus
742 1415 812 1471 etc.
837 1395 973 1471 scilicet
1006 1398 1228 1495 cognominis
1251 1403 1366 1500 Sergii
1391 1408 1501 1486 Pauli.

328 1493 358 1598 ς.
440 1493 578 1568 XVlli.
621 1493 718 1567 Dein
742 1516 807 1589 per
830 1492 1045 1590 pamphiliae
1072 1499 1191 1570 urbem
1217 1500 1361 1593 Pergam
1389 1507 1498 1579 tritis·

287 1607 420 1679 antea,
442 1585 505 1663 ubi
529 1587 611 1685 Joh.
634 1590 781 1662 Marcus
803 1587 875 1662 sese
899 1591 942 1662 ab
972 1589 1036 1678 iia,
1076 1611 1181 1688 aegre
1207 1587 1345 1667 ferente
1369 1598 1498 1690 Paulo,

289 1685 373 1762 Ait„
396 1685 485 1760 XV:
512 1690 569 1778 38.
594 1682 789 1779 leparavit,
813 1683 989 1760 incertum
1015 1708 1081 1781 qua
1106 1690 1150 1760 de
1176 1690 1294 1780 caula,
1319 1713 1498 1770 venerunt

290 1778 514 1856 Antiochiam
546 1778 714 1874 Pisidiae,
753 1797 793 1852 et
823 1779 1031 1877 synagogam
1062 1781 1234 1857 intrantes
1263 1784 1334 1860 sese
1362 1788 1400 1861 in
1415 1789 1500 1888 sede

284 1880 434 1953 Momm
460 1875 684 1950 collocarunt
712 1873 799 1973 ipo,
841 1871 928 1976 (qua
952 1901 1006 1948 cm
1037 1877 1104 1950 hali
1136 1878 1197 1951 hic
1221 1881 1418 1958 donandum
1445 1884 1499 1962 est

286 1976 424 2050 verbum
447 1971 618 2074 helinae,
641 1970 722 2045 itin
736 1971 892 2069 sederunt
917 1902 1137 2072 simpiciter)
1163 1976 1213 2049 uti
1239 1999 1285 2051 err
1303 2001 1346 2050 eo
1363 1979 1497 2080 liquet,

284 2069 371 2169 qood
391 2069 437 2144 ab
458 2067 544 2167 ipfit
568 2067 676 2143 fuerit
703 2065 839 2165 peritus
868 2068 980 2140 Sermo
995 2073 1049 2142 :ad
1069 2071 1214 2166 populum
1243 2096 1278 2148 v.
1310 2096 1363 2166 ¹5·
1416 2077 1498 2180 Qua

285 2163 607 2240 oocilione'Pttilua
630 2162 809 2239 efficacem
842 2163 1092 2260 pronunciavit
1122 2187 1160 2239 et
1184 2169 1382 2264 elegantem
1409 2195 1497 2247 con*

289 2263 443 2352 cionem,
494 2277 559 2335 uae
582 2259 664 2334 ibid.
692 2257 914 2368 recensetur,
949 2278 1045 2333 tanta
1069 2283 1149 2368 cuin
1178 2264 1429 2358 convictione,
1454 2286 1496 2344 ut

229 2371 247 2398 ⁵
289 2285 1167 2530 ‘tilii-ilinthhhllllhtllll
1191 2358 1253 2527 ii
1270 2361 1492 2531 liffeim

285 2475 311 2530 v
353 2475 607 2650 maioiepnui'ic
628 2546 815 2656 hominum·
836 2473 942 2642 ctiepia
966 2473 1169 2642 gramme,
1184 2477 1336 2645 (iudaeis
1349 2481 1496 2650 iiiigii:

285 2569 394 2736 iiii,
424 2644 553 2740 ingena
575 2642 762 2739 gentilium
784 2639 875 2717 fieta
897 2639 950 2715 est
972 2642 1178 2732 conversio,
1220 2665 1259 2720 et
1283 2643 1397 2723 sermo
1421 2652 1495 2727 Dei

364 2754 481 2819 totam
504 2736 799 2849 illam-regionem
819 2737 1015 2908 gersonem·
1065 2739 1228 2835 Deinde,
1258 2742 1451 2838 seditione,
1475 2770 1497 2825 a

304 2835 637 2926 odaehconcitata,
662 2833 745 2909 inde
761 2835 817 2932 eje
855 2856 891 2926 i,
916 2836 1079 2908 Iconium
1094 2857 1292 2929 venerunt,
1321 2844 1381 2918 ubi
1399 2866 1496 2941 mag·

289 2952 360 3019 nini
387 2935 602 3041 jodaeorum
634 2948 673 3004 et
703 2930 874 3005 Gentium
904 2929 1167 3008 multitudinem
1199 2934 1339 3010 Christo
1367 2936 1495 3014 lucrati

285 3027 378 3123 llint,
416 3024 500 3105 Aa„
533 3026 639 3102 XIV:
675 3046 706 3101 1.
757 3025 840 3123 Quo
875 3022 952 3137 ipso
986 3043 1149 3123 ternpore
1181 3029 1323 3104 videtur
1358 3033 1495 3111 Thecla
1626 3127 1628 3131 ι

288 3126 332 3201 inl
403 3123 467 3201 ilie
499 3123 629 3212 fidem,
670 3119 802 3218 liquid
829 3144 907 3195 veri
932 3121 1113 3197 contineat
1143 3121 1289 3198 historia
1314 3124 1496 3218 Theclae,

288 3218 323 3297 ln
412 3224 421 3241 '
458 3221 560 3309 ‚Pauli
587 3234 624 3293 et
645 3212 799 3293 sseclaa.
846 3217 962 3312 Ipsum
985 3215 1112 3303 librum
1129 3216 1198 3292 else
1213 3218 1318 3293 Paulo
1333 3219 1417 3296 falso
1435 3222 1495 3296 ade

291 3315 469 3425 seriptum,
495 3314 735 3389 Tertullianus
759 3311 803 3386 de
820 3311 987 3410 Baptismo
1016 3310 1080 3385 ‘rn
1105 3311 1264 3406 notavit,
1289 3316 1411 3392 necin
1434 3319 1497 3394 dii·

285 3414 376 3491 bium
399 3409 525 3487 vocari
550 3407 676 3509 potelh
724 3408 794 3482 Sed
824 3408 919 3483 circa
950 3406 987 3483 hi
1020 3409 1122 3484 oriae-
1149 3410 1339 3487 veritatem
1365 3414 1496 3491 dissei·

287 3506 531 3598 emenoni,
573 3526 640 3583 nec
665 3500 810 3594 desunt,
842 3503 895 3582 nti
923 3504 998 3601 ipse
1024 3506 1174 3580 Grabina
1199 3505 1236 3580 in
1259 3508 1371 3604 spicil.
1397 3510 1494 3593 Patr.

291 3606 348 3684 lic.
370 3606 424 3699 1.‚
448 3603 509 3702 qui
535 3624 612 3678 eam
636 3597 837 3675 admittunt.
888 3601 984 3691 Sed,
1009 3622 1090 3677 cum
1108 3602 1220 3676 Lucia
1247 3602 1285 3677 in
1301 3605 1394 3680 Allis
1418 3610 1496 3706 ejut

290 3722 352 3779 non
377 3699 604 3790 meminerit,
629 3698 805 3794 multaque
829 3717 850 3771 a
872 3696 1024 3773 veritate
1046 3694 1181 3786 aliena,
1216 3716 1254 3770 et
1278 3698 1495 3798 ssiperstitio.

293 3796 339 3891 la,
362 3798 402 3874 iii
424 3821 467 3873 ea
491 3815 698 3883 occurrant3
729 3794 787 3868 vel
812 3812 886 3877 tota
914 3791 1086 3881 fabulosa,
1120 3792 1177 3865 vei
1201 3791 1325 3868 fabulis
1346 3798 1494 3888 vestita,

292 3893 328 3971 it
348 3908 514 3993 oportet,
539 3893 589 3968 ita
613 3908 752 3984 tamen,
778 3888 905 3977 ut,“ali
931 3908 1010 3961 iiam
1037 3888 1191 3961 nobilem
1217 3889 1392 3986 virginem
1412 3894 1494 3971 fiiis·

292 3990 569 4080 summersam,
610 4008 732 4063 vertim
761 3982 831 4058 effe
861 4001 988 4083 port,
1034 3983 1127 4058 unde
1159 3985 1296 4060 occasio
1322 3988 1391 4065 fuit
1415 4012 1497 4069 nat!

292 4086 478 4163 exornandi
519 4086 611 4160 hanc
635 4081 870 4156 historiolam.
929 4079 1017 4154 vid.
1049 4078 1157 4153 etiam
1191 4076 1417 4160 Bcausobrius
1450 4088 1496 4162 de

294 4182 379 4261 hisce
402 4188 486 4259 nilis
515 4182 554 4255 in
581 4176 674 4254 Hist.
699 4175 862 4254 Manich.
887 4195 972 4251 torn.
998 4174 1026 4250 1.
1074 4174 1202 4250 Iconio
1225 4180 1378 4276 expulli,
1411 4182 1496 4256 dum

292 4280 445 4371 Gentes,
487 4275 674 4375 aJudaeis
706 4273 929 4362 concitatae,
970 4292 1039 4347 una
1069 4292 1151 4347 curn
1180 4271 1389 4366 Judaeorum
1413 4298 1495 4372 pro·

293 4377 442 4472 ceribua,
482 4373 523 4451 in
547 4396 610 4448 eoa
637 4371 863 4542 insurgerent1
866 4418 884 4542 ‚²
909 4361 1077 4540 ²Lylirarn
1101 4387 1140 4447 et
1158 4368 1327 4462 oeten,
1359 4371 1496 4547 Lyae&
