3609 5500
687 903 690 910 ’
805 923 915 1008 secut
932 923 1013 1010 m:
1147 924 1151 935 “
1422 887 1530 1037 191,

293 1113 434 1192 alterurn
451 1107 524 1205 est,
549 1131 621 1212 qno
638 1106 845 1220 haerelios,
858 1136 946 1209 quae
964 1109 1163 1207 Christum,
1184 1114 1351 1217 ealrglrr
1374 1131 1523 1214 natum,

292 1212 545 1312 pronunciavit
586 1207 716 1283 nudum
747 1209 961 1300 homiuem,
1000 1231 1104 1286 autor
1137 1211 1236 1288 sensu
1269 1218 1427 1293 absoluto
1457 1216 1522 1293 ha-

294 1309 370 1386 beri
394 1308 533 1405 potest,
575 1324 743 1403 quatenus
768 1323 853 1381 ante
880 1305 996 1403 ipsum
1020 1304 1194 1384 haeretici
1223 1309 1400 1387 Christum
1427 1313 1517 1389 exis·

290 1408 458 1480 timarunt
488 1426 535 1477 ex
569 1400 726 1499 Josepho
759 1424 898 1500 quoque
928 1423 1172 1500 procreatum,
1210 1426 1392 1501 praeterea
1425 1411 1522 1507 alym

274 1507 279 1516 '
285 1502 468 1601 sermonem
493 1522 572 1575 curn
605 1523 651 1573 eo
676 1497 826 1574 unitum.
877 1498 976 1602 Quae
1000 1499 1341 1594 cerinthianorum,
1366 1505 1518 1582 Ebioni-

291 1619 404 1674 tarum
434 1620 475 1670 ac
503 1595 853 1693 carpocratianorum
878 1596 949 1671 fuit
981 1596 1032 1696 hy
1058 1597 1216 1688 othesrs3.
1251 1599 1414 1697 exceptis
1441 1617 1518 1679 tan.¹

291 1713 370 1768 tum
393 1692 567 1767 nonnullis
590 1692 802 1784 Ebionaeis,
843 1693 904 1791 qui
929 1621 1105 1773 onulfum
1138 1718 1160 1769 e
1187 1691 1330 1794 virgine
1355 1719 1516 1795 agnove-

287 1808 373 1865 runt
397 1808 537 1866 natum:
576 1788 636 1864 sed
667 1789 725 1887 qui
750 1812 933 1865 numerum
970 1812 1043 1867 non
1075 1791 1253 1868 fecerunt.
1303 1792 1518 1871 Theodotus

287 1910 400 1978 vero,
424 1906 564 1983 praeter
587 1886 812 1962 nativitatem
835 1884 1038 1985 evirgine,
1062 1907 1100 1962 et
1122 1886 1281 1984 justitiae
1305 1892 1522 2001 praecellen-

288 1984 400 2074 tiam,
432 1982 518 2058 nihil
531 1982 578 2059 in
600 1980 738 2058 Christo
764 1981 887 2058 statuit
912 1981 1045 2074 divini,
1079 2006 1161 2058 cum
1186 1985 1407 2084 antiquiores
1435 1986 1522 2076 hae}

288 2080 397 2155 retici
434 2080 525 2179 adpo
555 2076 737 2178 sermonem
774 2079 849 2155 Dei
888 2079 1108 2155 crediderint
1147 2103 1229 2155 cum
1274 2105 1320 2157 eo
1360 2080 1517 2162 unitum

289 2178 396 2255 Dixit
417 2197 605 2275 propterea
627 2174 805 2253 Christum
830 2178 985 2251 hominem
1002 2173 1192 2274 sialitarium
1216 2195 1250 2253 rr
1273 2178 1412 2271 nudum,
1444 2184 1519 2256 nul·

291 2280 327 2353 lo
354 2278 423 2348 olio
444 2294 525 2373 prae
550 2278 710 2373 coneris,
742 2272 805 2371 nist
817 2271 895 2370 sola
912 2270 1067 2373 justitiae
1091 2279 1296 2367 autoritatr3
1336 2275 1392 2352 uti
1415 2296 1520 2357 autot

287 2369 494 2470 adpenditia
531 2372 682 2448 Tertull.
715 2367 759 2444 de
789 2367 990 2467 praescript.
1024 2371 1159 2447 haeret.
1193 2395 1226 2449 c.
1257 2371 1329 2469 53ss
1348 2372 1519 2483 loquitur.

288 2466 395 2571 Quod
419 2464 529 2564 ipsum
552 2470 662 2543 verba
687 2465 883 2542 Novatiani
908 2470 948 2542 de
963 2468 1079 2564 regula
1094 2468 1178 2565 fidei
1194 2491 1226 2543 c.
1256 2490 1313 2543 12.
1338 2467 1521 2565 indicant,

287 2563 414 2663 quibus
440 2561 584 2661 Christus
610 2589 688 2640 novo
714 2587 800 2638 more
822 2567 865 2637 ab
891 2563 964 2661 illis
987 2562 1131 2734 db'slride
1153 2565 1244 2640 bomo
1268 2566 1371 2639 nudus
1394 2563 1520 2661 adseris

285 2673 363 2753 tur,
383 2658 444 2761 prr'
466 2685 517 2735 ror
540 2661 666 2752 rursum
693 2657 838 2757 Christus
863 2661 969 2735 Pater
1030 2684 1085 2734 eus
1112 2665 1306 2758 omnipotens
1333 2666 1517 2758 comproba·

288 2772 364 2836 tur:
391 2779 541 2856 quorum
566 2757 702 2852 priores
725 2754 804 2830 lunt
821 2756 1086 2849 Theodoriani,
1110 2757 1325 2855 posteriores
1350 2782 1439 2834 vero
1455 2761 1520 2835 Sa·

286 2854 437 2933 belliani.
477 2849 636 2950 Distride
652 2870 769 2927 autem
786 2855 889 2928 naulo
907 2852 1042 2928 dicitur
1056 2855 1190 2945 homo,
1216 2854 1276 2953 qui
1295 2854 1384 2930 nihil
1399 2854 1521 2949 aliud,¹

286 2953 347 3029 vel
365 2953 483 3024 Deum
508 2949 664 3039 scilicet,
690 2948 806 3023 secum
834 2946 995 3040 unitum,
1023 2952 1242 3027 nonhabet.
1294 2952 1356 3027 Sic
1379 2974 1517 3050 err.·gr.

289 3047 443 3125 Tertull.
475 3065 599 3122 contra
628 3047 746 3120 Marc.
772 3048 800 3120 1:
830 3069 863 3142 3.
895 3049 1020 3122 veritos
1055 3046 1241 3144 Christiana
1276 3045 1420 3144 districte
1442 3067 1523 3142 pro·

284 3145 482 3236 nunciavit,
514 3143 627 3230 Deus,
666 3139 778 3231 finon
808 3165 891 3216 anus
916 3139 982 3238 est,
1024 3166 1085 3216 non
1111 3143 1177 3239 cll:
1209 3145 1405 3240 opponitur
1433 3142 1520 3225 illud

287 3241 454 3347 poeticae
481 3263 523 3315 ac
547 3236 718 3335 pidoriae
743 3238 931 3331 licentiae,
956 3260 1045 3335 quae
1068 3238 1184 3337 plures
1212 3238 1370 3314 celebrat
1397 3240 1521 3321 Deos't

285 3337 340 3418 est
371 3339 489 3435 itaque
510 3334 653 3447 dislrt'dte
675 3333 772 3410 idern
797 3333 890 3433 quod
913 3335 1113 3433 emptoria,
1154 3355 1192 3412 et
1216 3335 1406 3413 secundum
1432 3348 1523 3438 prdg

286 3438 402 3543 priam
431 3458 559 3525 vocum
588 3456 675 3507 vrm.
1400 3490 1402 3495 .
1509 3456 1511 3461 ’

339 3532 371 3632 §.
398 3533 528 3607 XClll.
556 3528 662 3634 Quod
686 3525 781 3603 idern
804 3549 850 3602 ex
872 3524 1045 3626 discipulo
1063 3525 1272 3625 Theodoti,
1298 3532 1358 3631 qui
1378 3529 1524 3606 nendos

289 3647 345 3709 tus
371 3630 580 3721 argentarius
604 3623 723 3718 audit,
764 3621 1014 3701 confirmatur:
1057 3624 1117 3723 qui
1144 3627 1188 3701 ab
1218 3628 1366 3725 antiquo
1395 3647 1524 3703 autore

291 3727 384 3825 apud
402 3725 482 3796 Eus.
503 3727 554 3798 H.
576 3725 627 3797 V:
650 3731 706 3802 28.
732 3723 792 3797 sub
808 3720 858 3794 Ze
886 3721 1004 3796 hirino
1021 3721 1202 3886 Episcopo
1221 3726 1385 3799 Romano
1406 3722 1521 3797 vixis·

291 3828 328 3901 se
355 3818 508 3893 traditur.
540 3818 672 3891 Statuit
692 3838 832 3904 autem,
909 3818 1042 3891 elcliize
1068 3839 1171 3889 ecum
1202 3817 1343 3893 Christo
1362 3816 1522 3912 superio?
1621 3822 1624 3831 '

291 3917 368 3997 rem
395 3911 487 4000 elle,
511 3933 680 4008 quatenus
697 3908 872 3985 Christum
894 3924 1010 4021 purum
1038 3913 1214 4002 bominem,
1243 3913 1298 3988 sed
1322 3913 1522 4007 Melchize‡

294 4018 423 4092 decurn
441 4032 594 4107 magnam
616 4010 683 4083 Dei
699 4012 849 4083 virtutem
869 4005 979 4096 dixit,
1000 4027 1048 4082 et
1064 4032 1124 4082 raon
1140 4028 1267 4084 tontum
1285 4011 1460 4099 hominen,
1478 4026 1523 4107 up

295 4115 404 4190 habet
422 4111 451 4204 J.
464 4106 671 4181 Damascen.
689 4105 733 4180 de
751 4102 899 4195 haeres,
926 4103 985 4181 sed
1001 4103 1082 4196 alii,
1101 4124 1139 4180 ut
1156 4107 1346 4206 Epiphan,
1372 4103 1526 4200 August,

296 4231 335 4284 et
359 4228 461 4283 autor
479 4201 753 4291 Praedestinati,
786 4200 940 4291 habent,
968 4221 1000 4276 et
1017 4228 1078 4277 non
1102 4205 1279 4295 bominem3
1303 4206 1399 4372 pund
1424 4203 1524 4279 forte

296 4303 533 4405 probabilius,
557 4297 855 4394 cumfinePotre,
868 4316 979 4374 marre
996 4322 1067 4376 etc.
1088 4297 1302 4390 dicatur,ni
1316 4327 1328 4374 r
1343 4301 1452 4376 homo
1469 4292 1522 4376 di'·

296 4401 431 4553 vinitua
452 4417 559 4482 natur
585 4423 609 4479 a
631 4395 996 4580 Mekhized'fctiffi
1009 4396 1120 4478 fuerit
1148 4392 1375 4477 araneam:-
1404 4379 1527 4601 ¹2⁰3
1646 4536 1649 4541 Ι
