3609 5500
291 961 360 1038 ῳ
668 937 1118 1043 muniminum.

291 1141 373 1196 anre
399 1115 518 1216 priora
539 1115 679 1190 vincula
702 1119 782 1228 capi
809 1121 953 1215 nequit,
978 1145 1059 1194 cum
1078 1119 1310 1194 Timonem
1337 1115 1504 1194 meua·

292 1217 411 1290 buerit
432 1213 624 1302 comitem,
658 1213 716 1286 cui
740 1236 860 1310 rtaqne
877 1240 942 1310 per
965 1215 1075 1311 Epiri
1099 1217 1182 1288 illexi
1204 1216 1399 1312 :ig-dare
1428 1237 1509 1288 non

318 1329 452 1398 rotetur,
481 1333 546 1380 nec
565 1309 600 1380 in
623 1309 706 1380 illud
731 1329 869 1416 tempus
884 1311 1050 1406 quadrat,
1075 1311 1170 1405 quod
1185 1311 1271 1382 uun
1295 1310 1438 1396 l'cribit,
1462 1309 1505 1382 se

304 1405 529 1502 l'roplrirnum
558 1403 730 1498 reliquilse
753 1405 875 1478 Mileti
899 1427 1167 1502 aegrotantem
1208 1429 1290 1477 cum
1313 1404 1396 1476 iilud
1421 1405 1507 1474 Ro-

290 1525 368 1574 mae
394 1499 472 1596 poll
499 1499 722 1594 interlapsum
746 1500 929 1573 biennium
951 1503 995 1574 ad
1015 1503 1247 1573 'l'rmotlreum
1273 1523 1345 1571 non
1369 1519 1507 1592 potne-

293 1597 338 1668 rit
363 1595 522 1670 scribere.
575 1597 630 1668 lle
659 1593 840 1667 occafioue
866 1615 903 1668 et
930 1595 1038 1690 scopo
1072 1594 1171 1690 epist
1199 1594 1301 1666 facile
1327 1616 1372 1665 ex
1394 1615 1507 1689 argu·

292 1711 414 1764 monto
450 1687 595 1764 conllnt,
644 1689 767 1762 Munit
799 1687 894 1762 enim
919 1713 999 1762 eum
1025 1713 1145 1762 contra
1169 1687 1432 1784 persecutiones
1459 1703 1506 1759 et

289 1785 524 1874 rulrersurior,
549 1805 587 1858 ur
604 1783 768 1856 timorem
794 1802 832 1857 et
849 1805 1003 1873 metum,
1029 1785 1088 1880 qui
1113 1786 1207 1857 forte
1231 1808 1311 1856 eum
1328 1783 1501 1876 aliquate-

290 1903 354 1954 nur
379 1881 616 1976 corripuerat,
642 1881 817 1975 deponat3
842 1879 1028 1954 confirmat
1045 1901 1167 1953 contra
1191 1879 1409 1963 haeredem
1435 1876 1500 1950 ad·

288 1975 448 2048 hortatur
481 1979 522 2048 ud
555 1974 673 2048 omnia
702 1973 785 2046 boni
819 1972 987 2068 Episcopi
1019 1972 1135 2049 officia
1165 1973 1260 2047 reele
1298 1972 1502 2065 explenda,

287 2071 439 2168 <lenique
464 2095 543 2144 eum
568 2075 609 2144 :ul
635 2071 667 2142 se
693 2087 817 2158 vocat,
843 2087 881 2140 ut
907 2069 968 2142 srbi
995 2067 1101 2159 adlit,
1127 2087 1165 2143 et
1186 2090 1304 2143 coram
1326 2089 1407 2140 cum
1426 2088 1501 2156 eo,

283 2169 355 2262 jum
382 2193 402 2240 e
431 2167 506 2238 vitu
528 2163 749 2251 discellurur,
773 2189 791 2236 a
817 2181 862 2236 at.

332 2261 363 2430 Ρ,
388 2262 550 2334 cxxlll.
581 2263 772 2355 Sequuntur
793 2189 970 2352 ipistolae
995 2257 1141 2354 Jacobi,
1166 2255 1263 2330 Petri
1292 2275 1329 2329 et
1353 2254 1498 2351 Judae,

284 2379 393 2454 rugo
415 2355 616 2430 Catholicae
638 2353 774 2442 dietae,
799 2352 890 2449 quod
916 2375 988 2424 non
1009 2354 1051 2425 ad
1080 2351 1246 2426 Ecclefias
1270 2351 1370 2424 unius
1395 2351 1497 2440 loci,

283 2455 344 2525 sed
368 2451 411 2523 ad
440 2450 616 2522 variorum
643 2451 800 2522 locorum
830 2444 868 2518 in
892 2446 1091 2520 universum
1115 2446 1288 2535 direElae,
1313 2445 1357 2519 ad
1372 2446 1507 2520 curin·

283 2548 400 2617 nanos
423 2545 557 2617 scilieet
580 2569 625 2618 ex
648 2543 787 2641 Judaeis
812 2539 850 2613 in
879 2539 1092 2634 dispersrone
1114 2542 1212 2618 inter
1237 2543 1392 2630 Gentes,
1422 2561 1499 2636 per.

281 2639 411 2712 Asnam.
460 2641 574 2712 Prima
600 2640 636 2710 in
662 2643 805 2713 Canoue
828 2631 880 2706 est
902 2634 1049 2725 Jacoli,
1076 2635 1139 2710 filii
1168 2636 1339 2732 Alphaei,
1371 2634 1498 2710 fratris

282 2729 454 2817 Domini,
480 2750 518 2803 et
538 2731 720 2827 llpostoli,
749 2727 917 2897 maregnio
934 2729 1062 2806 adfeeli
1077 2731 1337 2828 Hierosolymis
1361 2754 1392 2807 a.
1406 2755 1501 2808 ner.-

282 2828 332 2901 V.
360 2834 417 2897 (ιι.
444 2826 532 2899 Ner.
559 2848 593 2913 9.
620 2828 664 2898 de
689 2850 758 2919 quo
783 2849 829 2920 po
860 2846 922 2909 ea,
956 2826 1084 2922 scripta
1108 2827 1198 2901 haud
1223 2828 1284 2900 diu
1307 2844 1390 2900 ante
1412 2827 1495 2922 ejus

279 2916 507 3015 murryriurn,
543 2943 623 2991 eum
654 2919 830 2991 excidium
857 2917 1032 2994 llierosol.
1066 2920 1228 3011 instaret,
1269 2941 1308 2995 ut
1335 2944 1380 2994 ex
1414 2920 1497 3016 ipsa

280 3016 347 3109 liu.
375 3031 490 3107 pzuer,
519 3016 674 3109 :ulloque
693 3012 921 3109 probabiliter
936 3038 965 3088 a.
984 3039 1052 3089 aer.
1079 3018 1128 3091 V.
1154 3026 1201 3089 60
1225 3018 1282 3089 vel
1308 3024 1366 3090 61.
1400 3018 1492 3089 Sco·

281 3130 347 3207 pur
369 3104 439 3195 ull,
466 3108 634 3203 ‹lilinrl'rn
650 3108 861 3183 l'lrrilliuuos
884 3130 1007 3184 contra
1032 3111 1252 3185 adflieliones
1271 3132 1308 3184 et
1351 3108 1492 3184 ersecu·

282 3208 417 3285 tione-n,
446 3202 480 3273 in
507 3206 627 3297 nriruir
652 3234 669 3275 u
689 3206 848 3299 Jrulueis,
876 3204 1037 3279 frutribus
1062 3231 1182 3278 eorum
1209 3136 1395 3280 secuneium
1412 3230 1494 3285 car·

278 3324 381 3381 ueni,
408 3298 563 3383 limene,
590 3298 695 3367 etiarn
721 3322 845 3383 enen,
873 3301 965 3390 qnod
991 3324 1111 3371 eorum
1131 3302 1302 3395 judicium
1327 3320 1408 3374 ante
1430 3302 1492 3374 fo-

276 3417 333 3467 res
357 3392 413 3479 su,
440 3412 616 3501 purererru
631 3392 822 3463 dnelriuam
848 3390 892 3461 de
907 3391 1154 3486 justificatione
1183 3418 1227 3467 ex
1252 3399 1321 3469 fide
1342 3398 1385 3469 ab
1404 3397 1491 3470 abu·

277 3491 336 3577 su,
363 3485 420 3581 qui
442 3508 511 3579 Jarn
539 3486 723 3557 multorum
748 3485 880 3558 animos
905 3508 1161 3582 occupauerat,
1197 3492 1262 3564 acu
1290 3492 1378 3564 fides
1403 3492 1489 3565 soli·

277 3583 383 3667 turia,
411 3600 446 3652 et
470 3604 487 3651 a
509 3578 621 3653 strulio
637 3584 806 3654 bonorum
824 3605 971 3675 operum
991 3584 1161 3677 separata,
1188 3587 1380 3674 suffieeret,
1407 3587 1494 3661 vin·

278 3682 414 3765 dicare,
439 3674 599 3746 elocernlo
623 3696 659 3747 et
676 3676 903 3764 inculcand0‚
929 3703 1005 3752 eam
1031 3679 1101 3753 sine
1126 3683 1288 3775 operibus
1306 3679 1374 3752 elie
1391 3706 1492 3754 mor·

278 3800 392 3862 tuam,
431 3788 467 3842 et
494 3769 664 3845 inutilem.
717 3771 794 3869 Qua
818 3772 1009 3849 Occasione
1034 3799 1157 3847 verum
1183 3779 1241 3849 dat
1265 3773 1491 3853 Christianis-

276 3876 324 3950 mi
342 3866 576 3946 intelleeiunr,
603 3890 673 3939 non
700 3867 736 3939 in
756 3869 892 3955 verbis,
919 3872 976 3943 sed
999 3871 1062 3944 adf
1072 3871 1137 3944 eiu
1156 3874 1288 3964 pr0b0,
1315 3870 1391 3958 sui,
1418 3894 1494 3946 nec

213 3960 217 3967 ’
277 3962 488 4049 turbulenti,
515 3960 756 4036 diffenlrouum
784 3987 824 4036 ac
849 3966 959 4037 litium
989 3966 1128 4059 cupidi,
1154 3968 1210 4039 sed
1237 3963 1398 4061 pacifici,
1423 3967 1489 4039 de·

277 4068 381 4161 nique
408 4058 520 4129 omnis
547 4057 686 4152 pietatis
711 4082 751 4130 ac
784 4059 925 4133 uirtutis
960 4059 1107 4134 studiofi.
1159 4062 1218 4135 Est
1243 4063 1361 4155 itaque
1385 4084 1491 4157 argu·

277 4154 387 4241 menti
403 4152 559 4239 moralis,
585 4171 622 4222 et
640 4153 821 4241 utiliffimi,
848 4156 1005 4251 adeoque
1024 4154 1195 4249 Apoliolo
1222 4157 1336 4251 digna.
1390 4157 1491 4257 Qua·

279 4287 317 4339 re
346 4247 509 4331 inmerito
534 4272 554 4320 a
577 4247 749 4320 nonnullis
780 4249 955 4324 Veterum
982 4270 1019 4321 et
1042 4252 1318 4342 lucernorum,
1361 4271 1421 4327 aut
1450 4254 1492 4328 in

279 4353 420 4439 dubium
446 4363 592 4436 vocata,
615 4361 673 4419 aut
691 4342 840 4440 rejeela,
861 4344 928 4425 est.
979 4347 1035 4422 De
1060 4372 1128 4444 quo
1152 4345 1286 4547 poste}
1315 4441 1476 4515 CXXIV

273 4508 305 4549 ,ὁ
