3609 5500
706 889 731 960 ·'
781 889 813 906 '⁵
833 891 1049 980 Suam]-
1075 893 1148 970 Ἴτ’.
1449 915 1530 1005 219

303 1083 373 1182 jure
403 1079 532 1158 divino
555 1078 646 1173 niti,
677 1081 775 1160 reble
796 1079 1030 1160 concluditur.
1081 1080 1185 1158 Novi
1210 1083 1527 1187 equidem'exeipi·

305 1182 429 1270 solere,
469 1179 723 1276 Apostolorum
757 1181 1020 1255 ordinationem
1062 1179 1336 1280 restringendam
1373 1185 1443 1258 esse
1474 1188 1521 1263 ad

305 1295 368 1350 tem
399 1300 460 1366 ua,
484 1299 555 1373 quo
571 1275 723 1352 Ecclesia
746 1279 807 1352 sub
823 1275 960 1350 infideli
977 1275 1189 1373 Magistratu
1205 1276 1325 1374 degit,
1351 1300 1526 1376 tanquanu

302 1373 379 1448 relic
424 1427 437 1462 ,
477 1391 517 1444 et
554 1371 617 1446 srbi
652 1373 822 1462 tradita,›
846 1371 1013 1461 societas,
1055 1395 1121 1450 nec
1152 1375 1315 1447 obtinere
1347 1379 1518 1472 amplius,

302 1469 437 1565 quando
461 1466 535 1563 ipsa
558 1465 713 1565 potestas
726 1469 841 1543 civilis
866 1466 1061 1542 Christiana
1085 1468 1155 1558 est,
1188 1489 1227 1542 et
1251 1491 1368 1544 curam
1391 1474 1528 1547 Eccle·.

300 1567 380 1656 fiae,
417 1563 478 1638 uti
512 1565 668 1639 omnium
695 1566 841 1640 aliorum
865 1565 905 1639 in
927 1565 1046 1638 medio
1070 1563 1227 1638 civitatis
1250 1566 1329 1639 suae
1348 1570 1521 1664 collegio·

299 1685 392 1750 nun,
418 1657 542 1770 gerit:
560 1661 638 1751 sed,
656 1658 830 1761 utpaucir
845 1660 1095 1758 respondeam,
1126 1685 1156 1735 1.
1175 1659 1352 1736 restriclio
1369 1665 1425 1737 illa
1442 1667 1520 1740 uul-

299 1759 328 1833 lo
359 1755 495 1830 nitatur
525 1755 786 1846 fundamento,
828 1756 993 1854 nusquam
1025 1757 1063 1830 in
1097 1756 1226 1855 Script.
1258 1762 1293 1834 S.
1329 1762 1531 1854 occurrit,¹

300 1867 328 1930 ι’.
350 1852 436 1926 salsa
462 1852 501 1926 su
548 1851 694 1927 rstrusla
718 1851 817 1926 esth
845 1851 1001 1948 pothesr,
1048 1852 1093 1926 de
1116 1855 1521 1951 excommunicatione,

299 1949 442 2064 proprie
509 1949 655 2024 cdidla
682 1877 947 2046 jurisdidiione,
991 1969 1028 2023 et
1056 1945 1188 2022 effectu
1209 1947 1320 2024 ¹ciuili
1357 1974 1438 2027 cum
1473 1979 1517 2032 ea

296 2041 510 2144 eumundo:
553 2045 598 2120 de
622 2067 693 2143 quo
715 2045 816 2144 supra
838 2043 996 2141 exposui.
1048 2068 1081 2138 3.
1107 2045 1233 2136 Addo,
1275 2050 1521 2125 excommuni-

296 2143 472 2218 cationem
502 2141 594 2218 aba
620 2140 729 2216 ostolo
758 2145 876 2216 1Cor.
904 2141 952 2216 V.
967 2140 1185 2216 conliderari
1206 2161 1367 2240 tanquam
1392 2167 1519 2241 apoe·.

302 2261 348 2314 na
366 2236 461 2312 civili
485 2166 671 2314 divensium.
719 2240 808 2312 Cum
832 2236 929 2310 enim
953 2235 1066 2332 posset
1090 2237 1187 2332 ipse,
1213 2258 1251 2311 et
1274 2239 1401 2331 vellet,
1427 2263 1518 2338 poe·

303 2351 382 2409 nam
400 2333 569 2432 infligere
590 2335 825 2431 corporalem,
848 2333 1050 2406 sceleratum
1068 2336 1214 2408 Satanae
1231 2334 1421 2424 tradend03
1442 2335 1517 2434 jus·

298 2429 502 2518 siccamen,
541 2448 582 2504 ut
604 2429 757 2504 Ecclesia
785 2453 866 2504 eum
898 2451 918 2502 a
949 2429 1006 2501 sua
1029 2448 1231 2502 removeret
1256 2431 1523 2514 communione:

293 2529 488 2618 Ceterum,
510 2525 652 2601 utillud
675 2524 766 2624 quasi
790 2525 826 2599 in
850 2522 993 2599 transitu
1018 2524 1220 2615 observem,
1245 2525 1369 2625 absque
1392 2546 1432 2601 ut
1456 2531 1523 2607 me

292 2623 334 2700 in
357 2623 526 2700 famosam
549 2621 786 2720 quaestionem
811 2622 855 2718 de
873 2622 953 2718 jure
977 2619 1206 2718 Magistratus
1229 2621 1320 2699 circa
1341 2624 1434 2699 sacra
1457 2626 1517 2702 in·

291 2721 463 2811 mittam,
512 2717 767 2818 Magistratus,
807 2717 920 2816 quoad
952 2716 1380 2813 excommunicationem,
1431 2721 1482 2798 est
1498 2779 1523 2817 ,

278 2840 418 2913 ‚curare
443 2840 477 2893 r.
504 2838 551 2890 ne
574 2838 616 2889 ea
637 2808 679 2889 lit
703 2813 847 2911 injusta,
885 2833 924 2887 et
956 2812 1271 2890 fundamentalibus
1295 2818 1523 2896 Christianae*

290 2912 479 2993 societatis
499 2910 634 3010 legibus
658 2911 817 3002 adversa,
856 2911 1034 3004 adeoque,
1070 2936 1114 2986 ne
1141 2912 1218 3009 quis
1243 2934 1306 3008 per
1329 2912 1524 3011 duminaue¹

291 3008 580 3087 temfatlionem
595 3020 656 3081 aut
678 3008 914 3104 opprimatur,
937 3025 998 3079 aut
1022 3008 1148 3105 injuria
1171 3007 1376 3100 adficiatur,
1405 3034 1437 3086 2.
1463 3024 1520 3086 ne.

282 3104 460 3183 conditio
482 3103 779 3179 excommunicati
801 3104 862 3197 liat
894 3102 929 3173 iu
953 3103 1100 3175 civitate
1126 3105 1246 3197 pejor,
1286 3104 1443 3199 adeoque
1465 3129 1522 3179 no

289 3200 447 3277 censura
466 3200 500 3273 iu
526 3224 604 3273 eam
628 3199 761 3275 influat.
810 3196 976 3302 Denique
1009 3220 1042 3291 3.
1070 3196 1268 3295 ercclesra
1294 3198 1337 3272 srt
1360 3220 1439 3273 cum
1461 3200 1519 3274 ci·
1591 3198 1595 3205 ’

289 3298 419 3375 vitate
436 3296 600 3384 confusa,
641 3297 739 3371 etin
765 3310 868 3369 unam
900 3294 1104 3367 societatem
1136 3292 1308 3385 conflata,
1349 3295 1438 3370 bene
1468 3318 1521 3376 au

283 3394 389 3475 male
412 3414 483 3467 non
505 3393 669 3505 disputo,
702 3386 1019 3466 excommunicatio
1051 3390 1125 3485 ejus
1150 3389 1304 3465 examini
1339 3390 1382 3464 ad
1404 3393 1523 3469 mini·¹

283 3514 394 3571 mum
418 3486 469 3563 est
491 3488 730 3584 subjicienda,
772 3506 810 3559 et
840 3490 882 3560 ab
908 3508 952 3558 eo
974 3508 1040 3581 pro
1065 3509 1104 3559 re
1130 3504 1210 3560 nata
1234 3488 1292 3560 vel
1316 3491 1513 3584 approban-

288 3588 361 3676 da,
387 3586 456 3661 ·vel
479 3584 697 3681 corrigenda.
748 3582 871 3656 Habet
899 3582 997 3654 enim
1022 3599 1108 3656 tunc
1129 3578 1353 3678 conspectum
1377 3608 1515 3681 poenae

282 3682 431 3792 civilia,
459 3678 711 3779 jurisdictionis
733 3700 774 3754 ac
799 3677 1000 3769 tribunalia,
1026 3676 1251 3775 Magillratui
1277 3679 1390 3761 unice·
1410 3702 1510 3759 com·

315 3798 461 3857 etentu.
1514 3810 1517 3817 ·

303 3894 307 3901 .
340 3874 374 3977 ς
400 3872 521 3947 CXCI,
557 3818 789 4041 131)i2nique
821 3868 1041 3966 disciplinam
1077 3867 1169 3943 hanc
1202 3869 1348 3966 exjure
1372 3886 1521 3956 naturae¹

286 3992 336 4051 et
352 3970 536 4045 societatis
573 3986 682 4062 ponte
706 3967 765 4042 sua
790 3967 921 4057 fluere,
949 3964 1053 4058 eique
1081 3966 1187 4039 unice
1207 3966 1275 4040 else
1301 3970 1520 4067 consonam,

286 4068 482 4147 adfirmare
507 4085 580 4137 non
613 4086 751 4139 vereor.
800 4062 907 4137 Istius¹
927 4060 1051 4157 utique
1073 4059 1162 4158 juria
1188 4060 1258 4153 est,
1296 4086 1326 4137 1.
1354 4087 1394 4140 ut
1420 4071 1513 4143 vita·

288 4190 337 4241 re
354 4164 473 4241 liceat·
487 4159 731 4235 sceleratorum
749 4157 1019 4246 commercium,
1044 4180 1089 4233 ne
1113 4157 1274 4233 societati
1293 4178 1376 4233 nota
1395 4162 1518 4238 inuraae

292 4282 377 4349 tur,
410 4280 520 4355 eaque
544 4276 806 4354 corrumpatur,
850 4279 883 4330 a.
909 4274 948 4329 ut
973 4252 1121 4330 societas
1147 4256 1220 4329 suas
1243 4255 1370 4332 babeat
1394 4257 1514 4357 leges,

291 4356 424 4457 easque
446 4350 667 4453 exsequatur.
714 4354 803 4431 Sunt
830 4352 925 4426 enim
942 4348 1330 4430 societatum-omnium
1355 4347 1521 4450 vinculaq'

837 4449 948 4541 ΕΗ
1443 4448 1521 4547 saa
