3609 5500
436 709 508 804 8⁶¹
840 706 989 812 ffifloria
1009 693 1142 812 Reus.
1166 709 1283 812 anast.

437 913 504 988 qua
530 887 694 979 sichem,
734 887 793 966 sed
824 912 913 966 vere
943 915 1028 968 nova
1048 897 1147 985 urbs,
1190 911 1231 969 ut
1253 913 1387 968 nomen
1417 887 1556 976 iudicat,
1594 884 1632 961 in

436 985 601 1061 confiniis
634 988 708 1082 ejus
741 986 903 1079 dirutae,
950 987 1040 1062 teste
1071 989 1198 1065 Euseb.
1231 989 1270 1062 in
1304 989 1434 1062 onom.
1465 986 1501 1060 in
1521 1011 1631 1079 συχιμ,

435 1079 604 1156 oriundus
627 1079 788 1178 quidem,
813 1081 872 1156 sed
891 1083 1061 1174 Gentilir,
1086 1108 1158 1159 non
1177 1081 1431 1172 Samaritanus,
1455 1083 1631 1178 religione,

435 1199 518 1253 curn
542 1199 647 1252 verae
664 1177 913 1274 Philosophiae
934 1176 1021 1253 elset
1046 1177 1235 1268 studiosus,
1261 1196 1299 1252 et
1313 1201 1380 1275 per
1402 1201 1522 1253 ornnes
1536 1173 1631 1249 sedan

434 1293 513 1348 eam
540 1292 743 1369 quaereret,
769 1273 969 1348 Platonicae
995 1275 1136 1350 tandem
1162 1276 1316 1363 adfixus,
1338 1272 1467 1346 incidit
1493 1273 1529 1346 in
1543 1293 1629 1344 com·

433 1367 605 1443 mercium
622 1391 703 1442 curn
721 1365 941 1458 Christiano,
966 1369 1054 1443 etab
1070 1393 1118 1444 eo
1137 1370 1356 1459 admonitus,
1380 1391 1423 1443 ac
1439 1365 1629 1452 instructus,

434 1462 515 1564 post
538 1461 737 1536 institurum
755 1463 937 1559 religionis
952 1463 1168 1542 Christianae
1182 1489 1352 1555 examen,
1377 1487 1509 1537 nornen
1526 1459 1630 1536 Chris·

433 1579 474 1636 ro
497 1557 615 1668 dedit,
649 1559 701 1632 uti
724 1557 800 1668 ipse
822 1558 934 1634 refert
956 1559 995 1633 in
1048 1560 1201 1672 rineipio
1225 1559 1307 1670 libri
1330 1579 1459 1633 contra
1473 1557 1630 1668 ‚Trypn.,

432 1652 1031 1859 igniis‘aggiselc'uiliirlriibiesfelicitild
1068 1651 1631 1860 paruriihrfiii'ssffgmpuemrrniriugffaed

432 1841 732 1918 Christramsmurn
765 1845 1045 1936 admittendum,
1088 1845 1245 1920 testatur.
1301 1846 1470 1919 Reunurt
1504 1843 1630 1942 quldem

479 1939 575 2013 lliunr
606 1937 915 2036 Philosophicurn,
957 1939 1046 2015 teste
1068 1941 1193 2016 Euseb.
1225 1941 1276 2015 H.
1301 1940 1373 2014 IV:
1399 1963 1457 2016 11.
1490 1959 1528 2014 et
1547 1960 1631 2036 pres·

456 2035 549 2131 yteri
577 2055 721 2107 munere
744 2056 887 2110 ornatus
911 2033 985 2127 est,
1015 2036 1069 2112 uti
1093 2059 1245 2134 nuperus
1271 2031 1399 2132 Justini
1431 2037 1544 2132 Oper.
1567 2030 1630 2106 edi·

432 2151 511 2219 tor,
544 2127 746 2202 Monachus
769 2129 805 2204 S.
830 2131 975 2222 Mauri,
1000 2130 1203 2207 observavit
1219 2130 1258 2204 in
1281 2128 1393 2204 Praef.
1418 2154 1456 2228 p.
1481 2133 1566 2226 111„
1588 2123 1638 2202 sed

429 2225 546 2302 varias
570 2221 772 2320 peragravit
798 2243 907 2299 terras
931 2226 1105 2326 euangelii
1131 2225 1348 2325 propagandi
1374 2227 1499 2316 causa,
1531 2226 1634 2298 donec

429 2309 569 2397 Romae
609 2317 728 2392 fixerit
767 2318 1014 2412 domicilium,
1063 2320 1127 2398 sibi
1157 2321 1274 2398 fatale.
1337 2323 1425 2395 Cum
1457 2320 1633 2396 Crescente

429 2414 548 2502 eninr,
582 2412 798 2524 Philosopho
815 2415 975 2512 Cynico,
1016 2416 1219 2515 disputans,
1240 2418 1315 2512 ejus
1342 2415 1465 2490 odium
1487 2414 1634 2490 concita·

426 2509 505 2598 vit,
529 2505 619 2580 adeo
642 2527 682 2580 ut
699 2506 785 2615 hinc
806 2508 917 2584 fuerit
939 2511 1041 2585 causa
1064 2512 1225 2611 martyrii
1242 2531 1339 2601 orta,
1362 2513 1418 2586 uti
1443 2510 1524 2608 ipse
1566 2531 1631 2584 rae·
1694 2547 1695 2554 .

425 2603 522 2680 vidit
547 2619 585 2674 et
636 2599 804 2692 raedrxit,
845 2604 934 2680 licut
957 2605 997 2678 in
1019 2608 1110 2701 apol.
1134 2609 1163 2684 l.
1186 2608 1358 2695 declarat,
1405 2623 1446 2680 et
1471 2609 1632 2683 Tatranur
1694 2663 1695 2696 .

424 2698 558 2777 fartum
581 2623 650 2773 ese
674 2695 847 2808 refertin
872 2719 960 2774 orat
985 2699 1028 2775 ad
1045 2703 1212 2780 Graecoa
1258 2700 1420 2798 Flagellis
1442 2702 1542 2779 enim
1562 2723 1628 2777 cae·

424 2798 481 2873 sus
505 2792 577 2883 est,
622 2812 661 2869 et
690 2794 802 2867 securr
836 2795 1034 2891 perculsus,
1073 2817 1114 2873 ut
1142 2798 1225 2875 aila·
1250 2797 1411 2894 martyrii
1443 2800 1520 2895 ejus
1549 2793 1629 2896 apud

425 2892 552 2971 Baton.
571 2889 609 2963 in
625 2888 752 2965 Annal.
779 2889 929 2967 habent:
954 2892 998 2967 ad
1015 2898 1167 2990 r6gtirtnt
1181 2918 1310 2970 annum
1324 2914 1467 2991 tempus
1480 2888 1629 2991 martyrii

424 2990 499 3083 ejus
514 2985 666 3061 refertur
688 2985 725 3058 in
741 2986 872 3062 Chron.
898 2987 1024 3080 Alex„
1081 2991 1151 3064 uod
1173 2990 1250 3067 aera
1274 2988 1383 3065 citata
1413 2992 1628 3065 confirmant.

422 3083 513 3155 Vid.
547 3082 664 3155 Grabe
688 3080 711 3154 l.
743 3102 790 3189 ο..
826 3082 962 3178 Utique
992 3013 1194 3183 apoiogiam
1225 3085 1319 3161 suam
1352 3084 1485 3161 obtulit
1500 3088 1631 3183 ‚Marco

421 3175 589 3262 Aurelio,
626 3194 673 3341 pta
691 3174 751 3245 sub
778 3176 856 3272 rpso
881 3174 995 3272 pallus
1024 3178 1097 3269 est,
1137 3200 1176 3256 ut
1198 3180 1280 3256 lius.
1313 3179 1624 3272 H.1V;16,18.

447 3292 561 3343 noue
588 3286 623 3340 te
676 3284 742 3341 tur.
1198 3318 1201 3322 J

422 3292 516 3461 Ἦ
526 3365 629 3438 XVI.
664 3362 764 3469 lnter
784 3366 936 3460 genuim
953 3368 1027 3463 ejus
1041 3369 1191 3467 scripta,
1216 3390 1304 3466 qnae
1320 3365 1356 3452 su
1383 3372 1523 3463 ersom,
1547 3366 1626 3445 emi·

420 3476 508 3535 nent
530 3457 727 3571 Apolograe
754 3459 849 3554 ejus,
883 3480 922 3533 er
946 3465 1118 3561 Dialogus
1149 3488 1231 3543 cum
1256 3390 1457 3559 Trypione
1489 3468 1628 3566 Judaeo.

420 3556 598 3662 Apolograe
624 3549 804 3661 supersunt
823 3554 932 3644 duae,
955 3557 1015 3632 sed
1032 3558 1175 3637 inverso
1189 3558 1315 3637 ordine
1340 3562 1378 3634 in
1394 3562 1545 3662 vulgatis
1559 3560 1626 3635 edi·

419 3649 596 3729 tionibusa
636 3664 691 3719 utr
715 3668 761 3755 ex
783 3648 862 3725 Eus.
888 3652 938 3727 H.
963 3654 1033 3727 Ill:
1063 3678 1118 3729 12.
1152 3675 1189 3728 et
1213 3658 1283 3732 IV:
1312 3677 1426 3729 12.-
1445 3659 1504 3737 ubi
1529 3663 1630 3754 prino

417 3762 587 3831 vocatur,
613 3763 761 3839 quaein
787 3744 1004 3837 editionibus
1016 3748 1185 3844 secunda,
1210 3750 1282 3843 est,
1306 3769 1417 3831 etex
1447 3776 1625 3851 tempore,

418 3862 489 3939 quo
513 3836 591 3909 sunt
614 3836 769 3945 oblatae,
795 3842 973 3916 elucescit.
1023 3846 1137 3935 Prior,
1161 3846 1270 3943 vulgo
1293 3850 1489 3959 posterior,
1513 3842 1625 3925 Anto·

416 3934 504 4011 nino
529 3930 592 4004 Pio
615 3930 783 4039 inscripta
808 3933 880 4023 est,
923 3938 1041 4027 etei,
1082 3956 1122 4011 nt
1147 3938 1244 4016 recte
1266 3945 1421 4043 disputat
1445 3948 1562 4025 Grabe
1591 3944 1630 4017 in

414 4026 528 4127 spicil.
570 4024 661 4101 haud
689 4024 750 4097 dru
783 4048 867 4102 anre
902 4053 971 4104 ann
1005 4055 1075 4108 aer.
1101 4034 1210 4132 Vulg.
1240 4060 1322 4129 150.
1348 4046 1487 4135 oblata,
1525 4063 1625 4127 curn,

410 4126 447 4238 ς.
473 4131 532 4203 61.
582 4116 877 4207 cnrlstundicat
904 4124 1008 4205 inille
1037 4146 1160 4210 nutum
1181 4150 1399 4217 autemnon
1428 4160 1530 4232 150„
1560 4152 1629 4205 nec

403 4249 414 4279 ⁴
457 4294 461 4302 .
1015 4237 1022 4305 ζ
1554 4245 1628 4307 non
