3609 5500
250 914 364 1027 '298
527 881 534 898 ·
687 925 832 1028 ffisloria
864 922 991 1025 Ecclesa
1018 898 1132 1025 causti
1239 955 1243 961 ·

292 1110 358 1184 tati
377 1106 627 1205 in'conjugi0,
658 1131 801 1181 omnem
825 1109 883 1187 ad4
895 1106 1059 1183 mulieres
1082 1103 1238 1196 aditum,
1262 1123 1302 1179 et
1326 1102 1519 1206 conversic-

293 1207 429 1281 tionem
446 1229 525 1281 cum
542 1207 605 1292 iis,
638 1224 758 1295 vetat,
800 1228 845 1278 ne
864 1209 1032 1298 adtingere
1059 1200 1203 1299 quidem
1237 1227 1336 1277 manu
1363 1206 1404 1279 in
1432 1203 1521 1277 salu-

293 1301 400 1374 tando
432 1300 630 1397 permittit,
672 1300 736 1372 nisr
761 1298 876 1373 v'elata
912 1300 1032 1387 velle3
1073 1298 1294 1372 mentionem
1323 1300 1399 1395 jam
1425 1298 1524 1374 fecit

245 1459 248 1467 .
290 1394 526 1471 foeminarum
562 1419 641 1468 curn
679 1395 766 1468 viris
790 1394 910 1491 specie
935 1395 1179 1469 continentiae
1205 1394 1514 1485 cohabitantium,

292 1512 330 1565 et
345 1495 440 1566 viros
457 1491 590 1589 carpit,
622 1491 683 1587 qui
708 1490 745 1563 id
763 1489 917 1580 faciunt,
957 1489 1051 1587 quod
1069 1487 1210 1562 serioris
1241 1488 1293 1563 est
1308 1490 1414 1578 aevi3
1439 1490 1512 1566 uti·
1544 1489 1549 1496 ’

290 1607 348 1661 tur
377 1589 448 1685 jam
481 1586 596 1684 phrafi
619 1592 817 1677 ,exorcizare
847 1607 886 1660 et
910 1582 1109 1679 exorcistae,
1158 1583 1219 1657 ubi
1246 1582 1291 1658 de
1317 1584 1413 1660 dono
1448 1585 1512 1674 ea·

173 1711 174 1714 ¹
289 1684 443 1780 pellendi
480 1683 663 1756 daemonia
686 1683 861 1779 loquitur:
905 1678 1146 1757 eucharistiam
1169 1677 1318 1775 adpellat
1343 1683 1512 1772 divinam,

290 1799 328 1852 et
358 1776 562 1887 Apostolum
588 1783 750 1868 diuinum,
791 1801 870 1851 cum
895 1774 1072 1875 Apostolis
1095 1796 1167 1848 nou
1192 1773 1295 1849 fuiffe
1317 1776 1509 1852 conversa-

289 1892 365 1947 turn
393 1874 549 1963 indicat,
576 1875 749 1969 denique,
782 1896 827 1946 ne
854 1872 956 1969 plura
983 1892 1196 1967 congeram,
1229 1870 1403 1948 Christum
1432 1896 1508 1951 non

288 1988 424 2043 tantuna
456 1971 618 2066 nusquam
651 1970 758 2043 Deum
782 1986 909 2056 vocat,
948 1967 1007 2042 sed
1037 1985 1076 2038 et
1099 1963 1191 2039 nihil
1227 1968 1326 2041 divini
1357 1967 1401 2042 de
1426 1968 1507 2065 ipso

288 2065 401 2154 dicit;
425 2063 521 2138 secus
545 2088 585 2136 ac
610 2065 770 2138 Clemens
793 2064 881 2137 fecit
904 2061 942 2137 in
967 2086 989 2138 e
1015 2058 1069 2135 ist
1118 2060 1256 2161 Quibus
1279 2061 1421 2138 tandem
1446 2088 1504 2139 ac-

288 2162 407 2249 cedit,
432 2162 562 2233 nullum
589 2162 784 2251 Veterum,
817 2178 971 2255 excepto
1037 2156 1223 2253 ieronymo
1246 2177 1372 2232 contra
1395 2160 1502 2256 Jovi-

178 2315 181 2321 .
285 2255 401 2346 nian,
425 2279 543 2329 earum
557 2255 771 2345 meminisse,
798 2254 1018 2352 Epiphanius
1057 2249 1173 2341 enim,
1216 2276 1318 2349 quem
1343 2254 1505 2331 Wetste·

146 2349 156 2370 ⁴
286 2353 364 2426 nius
391 2351 496 2440 citat,
539 2376 596 2425 eas
628 2351 665 2425 in
691 2351 800 2426 oculis
829 2374 902 2424 non
926 2348 1069 2438 habuit,
1110 2345 1190 2444 quia
1222 2370 1280 2422 eas
1311 2346 1349 2423 in
1372 2348 1506 2446 sonuit

287 2446 449 2540 Ecclestr‘s
473 2446 542 2554 legi
569 2447 678 2536 dicit,
710 2470 777 2521 nec
802 2469 875 2519 non
899 2445 1076 2531 Davidem
1101 2466 1142 2517 ac
1166 2441 1362 2519 Simsonem
1389 2446 1431 2522 in
1457 2448 1505 2525 iit

289 2542 440 2628 laudari,
466 2566 524 2635 qm
554 2543 591 2615 in
617 2542 713 2616 hisce
739 2543 935 2640 culpantur.
1458 2621 1463 2632 ⁸

328 2635 358 2732 ᾗ.
385 2639 540 2711 CCLIH.
573 2638 671 2712 Libri
687 2637 981 2732 Recognitionum,
1005 2635 1221 2734 ἁιγνῦσω,
1249 2643 1502 2739 &apocopen

284 2731 465 2808 aRuffino
490 2731 527 2805 in
550 2733 635 2831 ling.
660 2735 739 2809 Lat.
766 2732 940 2822 transsati,
966 2734 1073 2809 variis
1096 2735 1247 2809 veniunt
1272 2736 1500 2829 nominibus,

284 2829 358 2903 five
376 2826 546 2924 partium,
573 2829 644 2902 srve
659 2831 769 2903 totius
787 2830 925 2928 operis,
950 2827 1135 2927 respeiiu3
1169 2830 1385 2925 adpellantur
1401 2820 1510 2912 enimff

284 2924 475 3000 Clementis
498 2930 692 3021 recognitio,
719 2931 921 3001 itinerarium
940 2982 950 3016 ,
971 2926 1086 3024 gesta,
1114 2925 1245 3024 historia
1271 2945 1341 3001 etc.
1400 2928 1513 3006 Petri.

284 3025 425 3120 periodi,
450 3023 673 3113 itinerarium,
699 3026 810 3114 allus,
832 3026 1057 3120 praedicatio,
1082 3023 1253 3120 disputatio
1278 3049 1349 3096 cum
1376 3024 1510 3118 Apione.

282 3139 353 3193 etc.
404 3119 460 3191 Ex
482 3119 656 3192 Veterum
682 3119 910 3207 testimoniis,
934 3119 1019 3194 huic
1040 3118 1127 3193 libro
1151 3120 1187 3193 in
1211 3122 1371 3193 Patribus
1385 3118 1505 3214 Apoll.

278 3213 456 3289 Coteletii
483 3216 692 3308 praemissis,
735 3235 857 3290 notum
881 3212 982 3289 fuisse
1007 3216 1188 3312 hocopus
1213 3234 1311 3310 patet
1335 3220 1505 3312 tempore
1545 3228 1550 3235 '

283 3309 473 3404 origenis,
500 3310 566 3382 sec.
585 3314 673 3401 ill,
696 3311 754 3385 sed
772 3331 810 3383 et
828 3310 1063 3383 communiter
1079 3310 1320 3407 repudiatum,
1339 3330 1511 3410 tanquam

282 3402 460 3497 spurium:
487 3425 552 3476 nec
578 3404 722 3493 iniuria,
747 3427 828 3476 cum
852 3405 981 3498 ubique
1005 3404 1075 3478 sese
1099 3423 1261 3500 tanquam
1286 3407 1353 3480 tale
1376 3408 1505 3503 prodit

275 3497 410 3587 ,leslori
453 3497 555 3572 erito.
604 3498 665 3572 Est
682 3520 772 3571 vero
789 3522 880 3594 opus
907 3497 973 3572 viri
989 3497 1138 3591 eruditi,
1162 3501 1504 3599 Philosophianri·

283 3592 391 3670 entali
417 3525 551 3683 riediri,
587 3593 837 3684 Gnosticorum
864 3594 1111 3690 opinionibus,
1151 3596 1238 3671 hinc
1265 3622 1403 3694 quoque
1428 3598 1505 3675 ‹sis-

244 3752 246 3756 .
285 3689 426 3781 cendia,
452 3688 640 3780 refertum,
675 3689 752 3763 stilo
776 3689 916 3786 insuper
938 3690 1017 3763 satis
1043 3693 1228 3788 elegante,
1259 3694 1379 3790 judice
1403 3695 1501 3770 Pho·

284 3786 338 3860 tio
363 3787 401 3862 in
425 3785 613 3876 Biblioth.,
639 3786 889 3882 conscriptum.
938 3786 1113 3877 Autorem
1128 3789 1278 3884 denique
1296 3789 1396 3863 fuisse
1415 3795 1502 3866 Bar·
1541 3832 1545 3841 ·

279 3881 440 3959 desanem
472 3885 618 3977 Syrum,
650 3908 694 3959 ex
710 3885 834 3958 Euseb.
859 3883 910 3959 H.
935 3883 976 3958 E.
1002 3885 1023 3958 l.
1040 3884 1115 3959 lv.
1138 3904 1175 3957 et
1197 3884 1398 3980 Epiphanio
1416 3887 1502 3963 hae·

282 3979 348 4052 res.
376 3988 423 4076 36
447 3998 590 4069 notum,
623 4005 694 4055 non
720 3983 863 4078 inepte,
897 3979 955 4053 sed
976 3978 1095 4053 nescio
1122 4004 1165 4055 an
1190 3981 1316 4071 solide,
1350 3984 1504 4080 conjicit

280 4077 377 4150 Cave
404 4076 439 4148 in
456 4073 578 4170 Antiq.
604 4077 748 4174 Apost,
774 4079 809 4151 in
832 4081 902 4152 vita
930 4078 1110 4155 crementis.
1159 4079 1216 4151 De
1243 4103 1312 4175 quo
1328 4076 1498 4176 quicquid
1548 4082 1551 4091 '

276 4168 341 4262 stt,
372 4172 522 4246 eundem
538 4194 695 4247 autorem
723 4176 914 4271 agnoscunt
936 4176 1098 4245 Humiliae
1121 4174 1380 4262 clementinae,
1406 4178 1500 4272 quae

280 4268 359 4344 sunt
390 4269 574 4366 κηρύγματα
600 4271 798 4367 colloquia,
824 4272 1018 4358 sermones,
1055 4268 1327 4361 dissertationes,
1367 4272 1498 4370 eodem

281 4362 412 4463 quippe
441 4386 568 4450 tenore
598 4368 840 4473 conscriptae,
877 4363 976 4462 simul
1001 4365 1100 4457 omui
1125 4365 1333 4446 eruditionis
1356 4389 1497 4461 genere

278 4466 442 4550 refertae.
1047 4477 1058 4487 “
1277 4460 1312 4563 5.
1338 4462 1500 4542 CCLIV.
