3609 5500
302 935 355 1045 aa
710 942 1011 1049 mamaccas.
1039 942 1154 1049 anst.

306 1132 378 1207 elle
404 1132 586 1232 ingentem
611 1152 817 1223 numerum,
857 1130 916 1206 sed
941 1155 962 1205 e
985 1151 1065 1206 toto
1089 1140 1258 1208 terrarum
1292 1132 1379 1209 orbe
1401 1137 1537 1238 magis,¹

303 1254 409 1327 quam
434 1256 479 1304 ex
506 1231 625 1304 Gente
650 1230 802 1325 Judaea,
836 1227 1064 1305 collectorum
1088 1228 1175 1304 ibid.
1205 1252 1363 1326 23-30.

355 1327 387 1426 ᾗ.
413 1329 506 1400 LXI.
532 1327 634 1401 Haec
658 1350 736 1399 cum
763 1324 940 1417 Christus,
965 1326 1004 1400 in
1027 1326 1167 1401 ditione
1193 1326 1350 1400 Herodis
1368 1326 1530 1427 Antipae

301 1423 375 1521 jam
395 1424 570 1513 versatus,
600 1423 759 1496 elocutus
782 1421 922 1511 suisset,
947 1424 1158 1498 anonnullis
1182 1420 1372 1498 Pharisaeis
1399 1426 1443 1499 ad
1461 1421 1532 1524 disg'

302 1519 434 1594 celsum
461 1519 531 1592 fuit
556 1520 749 1609 excitatus,
775 1539 815 1593 ut
841 1539 1014 1611 mortem,
1038 1522 1081 1594 ab
1107 1519 1254 1595 Herode
1280 1518 1343 1617 ipsi
1369 1520 1527 1604 intenta·

300 1635 395 1707 tarn,
420 1616 606 1712 effugeret.
657 1615 757 1722 Quae
779 1615 861 1689 ficia
877 1634 953 1689 etat
976 1615 1120 1707 relatio,
1148 1616 1245 1689 secus
1266 1639 1308 1689 ac
1324 1618 1430 1713 vulgo
1457 1613 1525 1715 pu-

302 1731 417 1801 tatur,
442 1736 486 1786 eo
514 1712 683 1802 tendens,
707 1734 746 1785 ut
763 1710 937 1802 Christus,
963 1713 1001 1786 in
1025 1712 1162 1788 ditione
1187 1713 1343 1786 Herodis
1370 1714 1451 1787 satis
1469 1709 1528 1791 tul

300 1827 381 1901 tus,
406 1808 443 1882 in
468 1807 634 1905 Judaeam
659 1806 730 1883 sele
757 1808 956 1899 conferret,
992 1808 1052 1882 ubi
1077 1830 1203 1882 necem
1226 1809 1300 1904 ejus
1326 1810 1445 1905 quaeri
1470 1811 1527 1887 sai

295 1906 348 1979 tis
372 1902 561 1980 constabat.
611 1906 726 2010 Quam
757 1929 879 1978 eorum
904 1905 1091 1979 versutiam
1116 1906 1180 1980 srbi
1205 1906 1319 2000 probe
1343 1906 1412 1980 elle
1437 1932 1523 2006 per7

299 2000 474 2098 spectari,
501 2000 678 2075 Dominus
703 2001 784 2098 ipsis
808 2000 1001 2101 significat,
1016 2001 1087 2075 ,ubi
1111 2001 1155 2075 iis
1175 2001 1349 2102 injungit,
1375 2021 1414 2075 ut
1433 2008 1526 2101 vulpi

294 2100 374 2174 'stuic
398 2098 571 2188 reserant,
613 2097 676 2174 fibi
708 2101 820 2195 probe
854 2096 1282 2194 notum·else,··quando
1301 2118 1355 2188 ,et
1383 2098 1443 2171 ubi
1476 2102 1523 2176 lit

295 2210 412 2270 morte
437 2194 675 2283 adficiendus,
701 2194 827 2267 nonin
848 2194 1020 2283 Galilaea,
1046 2193 1416 2307 sedJlierosolymae,
1440 2194 1522 2290 san·²

295 2291 405 2390 guine
428 2291 683 2388 prophetarum
706 2292 851 2388 a'longo
877 2309 1039 2387 tempore
1065 2289 1247 2380 foedatae3
1271 2310 1309 2363 et
1326 2309 1520 2387 propterea

290 2411 456 2485 quoque,
498 2410 580 2463 cum
611 2386 714 2461 nullis
749 2384 878 2460 mediis
911 2386 1088 2460 emendari
1119 2388 1243 2483 pollit,
1286 2386 1543 2470 destruendae·

292 2485 381 2558 Luc.
417 2484 517 2556 Xlll:
554 2506 713 2580 31-35.
771 2484 844 2557 Ubi
876 2483 994 2580 itaque
1027 2483 1190 2575 Herodi,
1230 2485 1337 2578 vulpis
1366 2484 1517 2570 nomine

292 2580 478 2667 adhibito,
510 2579 593 2655 illud
619 2579 882 2676 significandum
908 2580 1005 2669 vult,
1044 2579 1080 2653 se
1099 2603 1179 2685 eupr
1206 2603 1272 2675 pro
1299 2578 1358 2671 tali
1384 2579 1518 2658 habere

289 2699 364 2752 non
389 2675 545 2768 indicat,
570 2675 628 2751 sed
653 2702 673 2751 a
697 2676 887 2751 Pharisaeis
911 2674 1049 2752 traduci
1074 2674 1242 2764 insinuat,
1266 2699 1352 2752 cum·
1370 2676 1436 2775 ipst
1461 2677 1515 2757 illi

290 2773 363 2847 sese
385 2776 496 2868 vulpes
526 2771 787 2857 demonstrem,
833 2774 915 2847 dum
940 2772 1050 2847 astute
1077 2772 1253 2846 Christum
1278 2773 1315 2848 in
1342 2773 1514 2870 Judaeam

291 2868 481 2957 adliciant,
524 2891 564 2945 ut
590 2868 641 2943 ibi
665 2869 858 2945 occidatur.
906 2869 1071 2957 Deinde,
1104 2870 1279 2949 incertum
1307 2871 1446 2966 quando
1472 2892 1512 2946 et

288 2966 372 3054 ubi,
416 2963 454 3037 in
481 2963 589 3040 domo
623 2964 798 3062 principis
830 2963 1112 3054 Pharisaeorum,
1156 2967 1298 3039 sabbato
1329 2990 1410 3040 cum
1434 2966 1513 3042 aliis

290 3063 522 3151 adcumbens,
548 3087 610 3136 eos
635 3060 820 3136 convincit
835 3060 1075 3157 fitperslitionis
1102 3062 1140 3135 in
1156 3062 1297 3137 sabbato
1322 3063 1508 3138 obserran·

288 3159 356 3250 do,
381 3161 462 3234 dum
488 3159 722 3257 hydopricum
750 3158 862 3248 sanat,
888 3162 1053 3254 exemplo
1079 3181 1226 3255 quoque¹
1242 3157 1421 3254 ipsorum,
1448 3157 1511 3257 qui

288 3258 421 3331 asinum
440 3259 496 3329 vel
517 3261 646 3332 bovem
660 3255 756 3359 aquis
773 3256 911 3350 eripere
934 3257 1109 3341 solebant,
1136 3279 1202 3331 nec
1223 3278 1295 3352 non
1313 3252 1509 3353 superbiae,

190 3351 193 3361 '
288 3351 328 3426 in
382 3353 471 3422 rimo
503 3351 640 3446 semper
665 3355 746 3422 loco
777 3350 814 3419 in
845 3350 1023 3422 conviviis
1052 3350 1114 3424 srbi
1148 3349 1382 3440 vindicando,
1423 3352 1508 3430 dum

286 3466 408 3543 potrus
425 3446 585 3519 infimum
602 3447 793 3533 deberent,
819 3461 858 3516 ut
875 3446 1105 3536 extollantur,
1130 3443 1155 3518 fi
1171 3443 1271 3541 digni
1284 3447 1505 3544 judicentur,

288 3559 467 3617 conternans
495 3565 633 3639 quoque
666 3563 877 3637 pauperum,
920 3541 1002 3615 dum
1025 3543 1065 3614 ad
1091 3541 1259 3618 convivia
1289 3568 1351 3618 eos
1375 3564 1512 3624 tantum

286 3635 464 3727 invitent,
488 3638 547 3749 qui
572 3635 785 3711 remunerari
802 3656 957 3730 queunt:
985 3637 1157 3736 denique,
1185 3663 1265 3713 cum
1283 3634 1404 3736 aliquis
1419 3644 1503 3718 bea·

286 3754 360 3811 tum
385 3734 627 3829 praedicaret,
653 3731 713 3833 qui
737 3733 853 3804 cibum
878 3731 915 3804 in
940 3757 1052 3831 regno
1076 3735 1255 3811 coelorum
1279 3736 1415 3812 sumere
1439 3730 1509 3837 po÷

285 3830 380 3918 test,
408 3829 452 3901 iis
476 3833 520 3904 ob
547 3832 668 3904 oculos
684 3827 808 3924 ponit,
832 3825 990 3907 adhibita
1013 3833 1175 3926 parabola
1198 3858 1218 3905 e
1245 3833 1293 3908 uli
1315 3835 1358 3908 ab
1382 3834 1504 3932 aliquo

285 3924 465 4015 insimili,
491 3929 582 3999 bona
605 3927 707 4023 regni
726 3925 925 4011 coelorum,
957 3950 1029 4001 non
1049 3945 1119 4004 tam
1133 3952 1153 4002 a
1169 3858 1340 4023 Juiaeis,
1355 3929 1414 4027 qui
1433 3936 1505 4006 tcrss

282 4021 404 4097 restria
436 4023 667 4117 praeferent,
706 4020 870 4095 coelestia
902 4020 1098 4116 spernent,
1138 4048 1239 4120 quam
1274 4050 1295 4099 a
1328 4026 1506 4104 Gentibus

282 4116 503 4214 undiquaque
522 4116 726 4217 colligendis
738 4145 749 4205 ;
772 4117 879 4192 etiam
909 4120 1074 4213 cogendis,
1099 4119 1169 4193 hoc
1195 4120 1266 4211 est,
1293 4120 1344 4194 ita
1367 4118 1502 4198 docen-

280 4218 357 4304 dis,
399 4233 438 4288 ut
469 4216 589 4288 blanda
622 4213 823 4288 necestitate
856 4213 897 4287 ad
930 4212 1105 4288 adsensum
1139 4216 1229 4312 quasi
1263 4235 1420 4311 cogantur
1447 4211 1506 4319 (id

280 4313 378 4389 enim
412 4310 473 4385 hic
503 4312 648 4385 denotat
684 4309 831 4386 uerbum
863 4313 1052 4406 ἀναγκαζων
1085 4337 1198 4410 cogere
1215 4339 1228 4402 ς
1272 4312 1324 4387 nti
1357 4317 1505 4414 egregie

174 4440 177 4457 ¹
277 4411 388 4493 ctiam
410 4409 532 4486 docuit
556 4410 606 4488 Cl.
632 4404 908 4505 Valckenarius,
940 4408 984 4513 ad
1006 4409 1129 4521 Euam,
1146 4409 1305 4522 *Hippoi
1331 4433 1366 4493 v.
1391 4409 1505 4597 ppffg
