3609 5500
575 756 626 853 ι’,ἶ
653 761 662 819 -'
675 824 681 831 .
722 760 842 855 -St'cltsi
873 765 919 841 s:

338 940 426 1023 Pone
440 935 678 1044 'Tigellinum
706 951 783 1023 teda
806 944 925 1025 tacebis
949 948 982 1019 in
996 942 1076 1019 issa.
1154 976 1162 987 ·
1195 948 1199 957 '

339 1048 422 1146 Qu
437 1049 571 1149 stantes
595 1046 729 1145 ardent,
756 1051 812 1141 qui
828 1049 902 1144 fixo
924 1038 1224 1170 gutturestainans.⁸

192 1232 299 1335 Quod
322 1238 441 1309 runica
459 1243 577 1331 punire
593 1233 869 1330 =molesto1tvocat
894 1235 1077 1332 Iuvenalis
1101 1234 1187 1310 ibid.
1213 1238 1284 1310 Sat.
1313 1246 1345 1317 8.
1381 1255 1426 1326 ee

192 1332 376 1502 fflifffflss
400 1333 525 1431 Epigt„
551 1340 573 1409 l
596 1336 647 1407 X.
670 1356 730 1429 ep.
760 1356 825 1426 253·
863 1334 1088 1434 Quo'etiam
1106 1335 1248 1407 Seneca
1264 1332 1426 1431 respexid
1447 1408 1461 1423 A,

248 1454 259 1501 ι
294 1486 304 1501 .
428 1486 436 1502 .
503 1459 507 1472 ·
846 1452 851 1459 ·
1231 1457 1236 1480 ·
1394 1456 1426 1503 't

235 1525 268 1624 §L
295 1525 528 1601 ccxxxix.
562 1524 727 1622 Viguisse
750 1544 868 1599 autem
896 1520 1179 1619 persecutionem
1205 1525 1446 1625 praecipuep·

190 1617 314 1694 sinon
338 1620 464 1710 unice,
490 1624 649 1703 Romae,
681 1623 888 1697 ex·Tacito
915 1640 1034 1715 patet,
1077 1620 1204 1716 Sulpit.
1229 1625 1311 1699 Sev.
1336 1626 1358 1700 l.
1386 1648 1423 1704 cs

191 1718 304 1791 etiam
329 1715 484 1806 indicam·
509 1737 567 1809 et,
592 1718 685 1815 quod
711 1718 950 1814 majoria‘est,
988 1716 1225 1789 Tertullianus
1250 1722 1356 1817 Apol.
1382 1746 1421 1799 cc

195 1836 228 1903 5.
250 1812 314 1909 qui
337 1812 467 1903 tradit,
505 1815 587 1888 eum
615 1810 781 1910 ferodiss'e
815 1820 848 1887 in
881 1814 965 1886 hant
988 1812 1136 1907 sesiam,
1178 1838 1250 1887 cum
1276 1821 1421 1893 maximi

190 1909 318 1982 nomae
338 1914 506 1984 orientem.
538 1911 734 2000 secedim
761 1910 897 2005 crimen
926 1909 1108 1998 incendii,
1132 1911 1242 1983 ¹'unde
1266 1934 1346 1987 orta
1367 1912 1421 1989 est

196 2004 413 2099 persecutio,
442 2006 539 2095 aliis,
565 2004 629 2080 nisi
649 2008 789 2100 Romae
803 2006 1035 2104 degdiitibus5
1062 2029 1144 2079 cum
1160 2005 1273 2102 aliqua
1297 2008 1419 2105 specio

199 2099 350 2196 inputari
376 2122 450 2173 non
473 2099 636 2197 potuisse.
688 2102 798 2176 Nullo
824 2102 977 2197 denique
1011 2100 1148 2175 constat
1177 2102 1342 2196 indicio,·
1358 2102 1419 2179 ali·

199 2196 237 2273 bi
260 2215 425 2271 terrarum
448 2196 665 2274 Christianos
690 2198 812 2273 suilie⁴
827 2218 989 2272 vexatos.
1036 2198 1120 2271 Nec
1151 2194 1236 2272 illud
1269 2224 1315 2274 ex
1343 2200 1419 2276 Ve-

196 2310 272 2368 tere
305 2292 562 2391 suscriptione,
605 2294 728 2368 Pisver
750 2320 793 2369 ae
825 2292 865 2367 in
888 2292 1064 2390 Hispania
1092 2314 1254 2391 reperta,
1296 2295 1378 2373 colli
1403 2294 1419 2373 i

243 2386 331 2480 tesi,
364 2412 463 2485 qnae·
480 2408 519 2462 et
542 2390 617 2487 ipsa
631 2391 672 2464 in
689 2392 710 2464 d
761 2394 841 2465 ium
863 2408 1014 2463 vocatur
1033 2414 1053 2463 a
1071 2392 1249 2486 Scaligero
1264 2322 1419 2473 Emenfi.
1441 2463 1442 2472 ,

192 2508 349 2581 ·emp.‚
400 2485 436 2559 ui
459 2508 536 2558 eam
566 2487 737 2563 recenset.
787 2484 914 2561 Ediiia
940 2485 1082 2583 quidem
1106 2508 1126 2559 a
1150 2488 1284 2581 Plinio,
1310 2488 1421 2565 notis

195 2581 277 2657 sima
299 2508 412 2678 Epist
435 2580 481 2653 de
507 2580 732 2675 Christianis,
758 2603 999 2658 memorantur
1020 2579 1226 2659 Christianis
1248 2584 1419 2679 inimica,

196 2677 257 2753 sod
278 2698 322 2750 ea
343 2700 363 2750 a
385 2677 535 2751 Nerone
563 2676 664 2754 foiffe
689 2682 948 2778 promulgatas
969 2698 1030 2754 aut
1055 2679 1092 2752 in
1119 2679 1258 2776 specie,
1289 2700 1419 2758 contra

201 2771 411 2848 Christianos
426 2776 513 2862 lata,
536 2797 609 2849 non
625 2775 772 2855 constat.
819 2779 878 2852 De
894 2800 965 2873 quo
1009 2774 1114 2850 ostea.
1160 2777 1317 2875 Tempus
1334 2798 1419 2873 per·¹

200 2867 390 2944 secationis
406 2869 556 2959 incidit,
581 2870 767 2946 secundum
781 2872 944 2948 Pearson.
1007 2894 1066 2945 nn.
1093 2870 1244 2960 Paulin,
1270 2873 1310 2946 in
1330 2892 1415 2949 ann.

198 2963 356 3042 Netonia
375 2987 528 3056 tornum,
551 2967 722 3042 anns.
749 2976 818 3058 64,
840 2966 899 3039 sed
918 2966 963 3038 de
986 2988 1031 3038 eo
1053 2965 1247 3039 accuratius
1264 2967 1421 3062 disputa.-

202 3062 256 3136 vit
277 3061 386 3157 Alph.
426 3063 619 3159 Vignolius
653 3061 692 3136 in
721 3062 884 3138 Masson..
907 3058 1002 3136 Hist.
1038 3058 1126 3136 Crit.
1165 3061 1256 3158 reip.
1287 3063 1420 3146 Litter.

202 3177 283 3233 tom.
310 3157 418 3240 VIll.
443 3159 503 3232 ubi
528 3181 573 3233 ex
597 3156 714 3250 sestis,
739 3181 851 3256 quae,
877 3156 1056 3230 referente
1075 3155 1228 3248 Tacito,
1253 3159 1418 3240 incendi-

196 3278 253 3330 um
277 3256 418 3328 Romae
443 3277 528 3327 mox
551 3251 688 3344 secuta,
719 3275 757 3328 et
778 3274 860 3329 ante
883 3251 1004 3343 finita,
1043 3253 1150 3344 sunt,
1175 3277 1276 3350 quam
1299 3254 1417 3352 perse·

200 3349 298 3424 cutio
340 3348 500 3445 incepit,
539 3349 781 3440 demonstrat,
823 3373 901 3424 eam
943 3346 1113 3444 incepisse
1145 3372 1225 3426 ann.
1257 3352 1418 3428 Neronia

204 3447 305 3520 illino
327 3446 425 3520 circa
455 3467 498 3534 ις
522 3444 623 3519 Nov.
659 3447 801 3527 Causam
826 3468 915 3521 vero
939 3443 1040 3521 fuisse
1065 3443 1224 3520 incendii
1247 3447 1416 3545 suspicio·

200 3565 301 3633 nem,
326 3543 386 3616 vel
412 3543 596 3636 malignam
623 3540 953 3643 interpretationem
963 3597 980 3628 ,,
999 3539 1096 3614 idem
1124 3542 1303 3616 nobiscum
1328 3567 1416 3619 con·

198 3640 312 3714 tendit
337 3657 461 3712 contra
479 3637 698 3727 imitantium
723 3659 761 3712 et
784 3642 890 3726 alios,
915 3635 1002 3710 ibid.
1029 3654 1115 3710 tom.
1140 3637 1204 3712 IX.
1251 3639 1336 3714 Nec
1352 3638 1416 3718 diu

200 3729 337 3810 dui-avit
368 3731 587 3844 persecutio,
628 3735 973 3825 maiomam-‘hon
1007 3733 1236 3822 continuata3
1276 3734 1418 3835 dequo

197 3830 269 3906 vid.
294 3835 383 3926 Paga
408 3829 451 3903 ad
467 3832 616 3919 Baton,
640 3829 731 3904 adeo
749 3848 788 3904 ut
804 3827 980 3904 Ecclesiae
1005 3826 1096 3903 haud
1112 3829 1258 3904 multum
1283 3853 1417 3908 nocue·
1486 3875 1490 3884 ·

199 3925 257 4002 tit.
304 3924 403 4008 Pauli
426 3949 516 4000 vero
538 3927 764 4024 martyrium,
787 3924 827 4016 'et
844 3923 1032 3999 Timothei
1050 3921 1304 4016 incarceratio,
1329 3949 1415 4002 con·

199 4023 284 4118 tigit
304 4023 408 4098 finita
434 4021 699 4117 persecutione,
733 4029 782 4096 ut'·
797 4022 837 4121 in
867 4019 943 4095 vita
965 4017 1062 4104 ¹Pauli
1083 4039 1121 4094 et
1148 4020 1336 4095 Timothei
1359 4023 1419 4100 vi=
1555 4017 1558 4026 ’

201 4118 324 4194 dimna.
372 4117 542 4213 Lepidam
568 4115 749 4192 historiam
775 4116 895 4193 causae
920 4115 995 4190 odii
1013 4117 1173 4192 Neronis
1200 4117 1238 4189 in
1254 4117 1417 4212 Paulum,

202 4237 311 4312 quam,
336 4233 452 4290 narrat
488 4209 663 4321 Chrysost.
696 4215 776 4291 adv.
811 4229 1005 4314 oppugnat.
1038 4211 1106 4291 vit.
1138 4209 1283 4290 monast.
1317 4212 1418 4306 1.1.,

257 4307 344 4392 Tm.
372 4311 446 4386 HI.
772 4309 814 4388 N
820 4331 846 4388 n
1341 4311 1425 4413 quiq
