3609 5500
356 811 362 821 .
792 860 899 947 Secal.
923 868 998 946 ΙΙΙ.
1352 881 1355 887 “
1442 871 1514 973 '637

244 1090 249 1102 ·
285 1046 468 1138 Dollaett‘s,
492 1039 573 1143 post
596 1039 701 1137 alios,
730 1046 773 1120 de
795 1067 887 1144 pout.
911 1066 944 1122 et
959 1047 1136 1147 sotisjall.
1162 1045 1336 1126 t.1v.c.
1364 1070 1420 1125 10.
1447 1048 1507 1147 agi

288 1146 482 1225 contendit
514 1144 558 1217 de
591 1144 835 1241 poenitentiae
868 1146 1046 1219 doloribus
1088 1165 1124 1218 et
1155 1146 1382 1235 cruciatibus,
1424 1169 1512 1242 quos

284 1262 514 1344 peccatores,
541 1262 726 1336 antequam
743 1239 785 1311 ad
801 1241 1087 1315 communionem
1105 1241 1278 1314 Ecclesiae
1294 1242 1431 1314 admitti
1449 1266 1512 1339 po·

285 1351 424 1427 terant,
448 1336 562 1410 subire
586 1338 781 1421 debebant3
804 1338 971 1433 aquibus
994 1358 1164 1435 martyres
1189 1357 1227 1409 et
1251 1335 1410 1432 virgines
1428 1337 1509 1412 sunt

285 1434 460 1513 bimones.
513 1430 577 1505 Cui
594 1429 756 1526 opinioni
777 1430 874 1505 favet
890 1432 1032 1529 quidem
1050 1433 1174 1527 scopus
1190 1450 1227 1505 et
1243 1454 1373 1520 nexus,
1402 1431 1510 1507 etiam

309 1527 441 1617 brasis,
469 1526 561 1623 stare
586 1529 628 1601 ad
646 1529 792 1616 oenum,
821 1528 877 1601 sed
895 1529 1006 1603 obstat
1025 1552 1055 1602 a.
1083 1531 1225 1602 aliarum
1251 1524 1425 1621 phraltum
1452 1525 1508 1600 in·

285 1627 435 1706 dolentia
458 1631 501 1698 de
528 1622 774 1721 poenitentiae
809 1621 897 1697 statu
931 1630 964 1699 b.
992 1624 1152 1721 inprimis
1179 1623 1302 1696 vocula
1324 1621 1439 1717 statim
1462 1621 1509 1696 de
1533 1720 1535 1725 Ι

285 1722 469 1820 virginum
490 1737 733 1815 etmartyrum
761 1721 1014 1809 coronatione,
1047 1744 1135 1818 quae
1166 1718 1440 1815 poenitentibus
1470 1717 1509 1794 id

289 1842 366 1894 nou
393 1817 603 1912 contingere
628 1812 764 1901 innuit,
806 1838 876 1908 quo
900 1817 942 1889 ad
968 1814 1095 1889 statum
1123 1816 1378 1909 postmortem
1411 1814 1510 1887 duci·
1578 1894 1581 1898 ἢ

284 1931 376 1988 mur.
426 1913 508 2009 Quo
536 1930 573 1982 et
593 1909 676 1982 illud
702 1935 731 1983 c.
756 1908 864 2002 lacit,
906 1912 998 2007 quod
1019 1913 1157 2006 pendete
1182 1915 1228 1985 ad
1257 1914 1338 1986 diem
1366 1911 1509 2007 judicii,

288 2007 394 2085 statui
426 2007 504 2101 post
529 2024 679 2078 mortem
707 2004 810 2079 unice
834 2007 1038 2081 conveniat.
1363 2077 1365 2079 ,

334 2104 366 2203 l.
391 2102 581 2176 XXXVII.
607 2101 768 2174 Aliorum
783 2100 854 2175 fert
872 2101 1018 2199 opinio,
1046 2101 1090 2175 de
1119 2100 1331 2179 cruciatibus
1359 2099 1528 2199 castiga?

286 2200 391 2276 'coriis
415 2217 453 2270 et
477 2196 688 2293 purgatoriis
713 2194 791 2291 post
817 2218 968 2272 mortem
993 2197 1134 2297 quidem
1157 2199 1237 2296 agi,
1272 2200 1331 2275 sed
1354 2198 1509 2296 digitum

294 2297 340 2371 ad
365 2296 484 2391 ignem
520 2290 631 2365 ultimi
655 2292 803 2388 judicii,
838 2317 941 2390 quem
967 2292 1108 2369 transire
1132 2294 1265 2385 debent
1289 2316 1512 2392 peccatores,
1666 2382 1691 2394 ἢ

285 2391 478 2468 fecundum
507 2387 680 2460 Veterum
707 2390 951 2463 nonnullorum
980 2387 1209 2479 sententiam,
1243 2390 1394 2465 intendi.
1448 2392 1509 2463 ln·
1600 2404 1637 2441 -’

288 2482 433 2562 valuiffe
456 2484 548 2557 illam
574 2482 780 2578 opinionem
806 2483 900 2557 inter
921 2485 1079 2566 Veteres,
1107 2506 1179 2557 non
1211 2508 1328 2583 nego;
1360 2487 1410 2559 'de
1436 2498 1509 2582 quo

286 2580 364 2661 'vida
384 2583 546 2654 Potterus
562 2579 606 2651 ad
622 2579 730 2653 Clem.
749 2580 852 2655 Alex.
873 2583 1004 2657 Strom.
1023 2582 1090 2656 Vl.
1115 2581 1281 2675 Spencer.
1300 2583 1342 2656 ad
1360 2581 1510 2678 Origen.

289 2685 416 2753 contra
440 2672 548 2764 Cels.,
580 2691 617 2747 et
641 2674 752 2747 Huet.
777 2674 815 2747 in
841 2677 989 2775 Origen.
1041 2675 1164 2776 Quid?
1195 2677 1309 2773 quod,
1344 2698 1384 2752 ut
1407 2696 1509 2775 puta·

284 2792 366 2862 tur,
409 2771 558 2845 Tertull.
591 2770 635 2843 de
668 2768 798 2844 Anima
833 2794 864 2847 c.
900 2796 960 2867 35,
993 2792 1031 2846 et
1055 2781 1192 2863 58.'eo
1219 2773 1349 2849 referat
1372 2774 1508 2850 dicium

290 2864 423 2943 Christi
449 2867 558 2940 Matt.
585 2865 634 2940 V.
659 2864 703 2938 de
726 2867 835 2940 ultimo
858 2872 1048 2962 quadrante.
1097 2865 1202 2965 Quod
1228 2870 1315 2944 mibi
1337 2871 1437 2947 secus
1451 2871 1506 2945 vi·
1586 2915 1588 2918 -

282 2963 414 3052 detur,
437 2984 525 3042 cum
542 2961 586 3034 de
611 2962 876 3056 peccatoribus,
902 2984 939 3039 et
955 2988 1026 3039 non
1044 2964 1086 3038 de
1113 2965 1293 3055 fidelibus,
1323 2987 1425 3066 agat,
1448 2963 1509 3063 qui

288 3057 468 3133 inanima
491 3056 704 3154 puniuntur,
744 3079 827 3131 ante
854 3057 1166 3147 resurreetionem,
1201 3062 1247 3132 ob
1274 3083 1314 3133 ea
1339 3082 1506 3157 peccata,
1535 3117 1537 3121 -

317 3178 378 3229 uae
405 3152 534 3227 sociata
558 3175 685 3241 carne,
710 3171 749 3225 ut
772 3153 946 3248 loquitur,
971 3155 1049 3229 sunt
1073 3151 1277 3242 commilla3
1305 3155 1368 3228 ,sed
1394 3154 1518 3232 obstat

290 3178 326 3326 l
351 3248 445 3346 quod
470 3247 558 3322 nibil
583 3247 692 3320 fimile
717 3249 910 3344 reperiatur
934 3251 1025 3346 apud
1043 3251 1209 3348 Cyprian.
1237 3272 1269 3325 2.
1296 3249 1371 3325 imo
1398 3250 1505 3326 diser·

290 3363 330 3420 te
354 3354 482 3441 neg'et,
507 3342 598 3438 conse
625 3365 728 3415 runem
751 3346 867 3418 locum
891 3346 1022 3421 habere
1049 3347 1140 3441 apud
1165 3345 1303 3421 lnferos
1330 3371 1362 3443 3.
1387 3348 1506 3424 locum

290 3440 404 3516 Mart.
431 3441 480 3515 V.
507 3440 551 3512 de
603 3440 737 3513 delibus
759 3439 796 3513 in
822 3441 888 3515 hac
912 3443 987 3517 vita
1008 3441 1218 3540 castigandis
1245 3441 1340 3517 inter
1366 3464 1506 3531 retetur

289 3534 330 3611 Τ
331 3555 396 3610 ert.
422 3535 486 3610 Ill.
511 3556 541 3608 c.
568 3558 626 3630 57.
677 3537 842 3632 Denique
876 3562 912 3630 4.
939 3538 1019 3636 lapli
1044 3538 1290 3638 poenitentes,
1331 3468 1509 3618 lleclefiae

289 3629 533 3720 reconciliati,
574 3631 767 3728 dequibus
801 3633 880 3708 solis
903 3636 999 3732 agit,
1040 3637 1109 3710 tale
1134 3632 1218 3732 quid
1250 3660 1334 3732 prae
1360 3639 1505 3734 reliquis

288 3725 475 3811 fidelibus,
516 3748 589 3800 non
612 3726 730 3822 lapsis,
772 3731 845 3822 pati
868 3730 1007 3805 necelle
1032 3755 1102 3803 non
1139 3731 1300 3807 habeant.
1350 3732 1508 3807 Videtur

288 3821 411 3915 itaque
437 3817 548 3908 milri,
583 3839 622 3895 ut
647 3840 802 3895 mentem
836 3827 958 3920 paucis
982 3825 1179 3921 explicem,
1220 3824 1414 3920 Cyprianus
1438 3828 1509 3904 duo

244 3959 248 3967 ·
289 3937 451 3992 extrema
476 3914 633 3988 oratorio
669 3939 881 4011 exaggerare
913 3919 1010 4009 stilo,
1051 3919 1177 3993 statum
1204 3918 1336 3993 scilicet
1360 3919 1508 4019 miserum

289 4009 575 4112 poenitentium,
608 4031 792 4109 antequam
808 4013 1033 4112 recipiantur
1052 4018 1095 4090 ab
1112 4014 1286 4105 Ecclefia,
1312 4034 1350 4091 et
1378 4021 1509 4098 duliam

287 4108 406 4184 adhuc
427 4103 506 4203 post
531 4131 607 4180 eam
633 4108 891 4199 admistionem,
933 4130 972 4185 et
1001 4113 1043 4186 ab
1069 4113 1176 4187 altera
1199 4131 1299 4209 parte
1322 4114 1507 4211 gloriosam

288 4206 468 4299 virginum
493 4222 529 4277 et
554 4225 745 4300 martyrum
779 4207 1046 4298 conditionem,
1079 4232 1146 4303 qua
1176 4212 1219 4283 ab
1252 4212 1416 4285 omnibus
1440 4210 1507 4290 illit

289 4299 531 4398 poenitentiae
564 4302 779 4382 cruciatibus
809 4327 881 4377 non
917 4324 1051 4383 tantum
1085 4304 1190 4383 liberi
1222 4301 1332 4400 sunt,
1378 4307 1437 4382 sed
1471 4327 1509 4385 et

821 4398 911 4475 Llll
932 4423 954 4499 3
1421 4423 1509 4506 praa¹
1589 4458 1597 4466 .
