3609 5500
547 796 552 823 τ
578 803 585 826 ‚
648 793 652 798 .
685 723 792 802 mcor.
815 719 870 800 ΙΙ.
976 755 983 765 ·
1316 723 1399 826 357³

187 898 261 974 ratio
280 897 500 995 adtendatur,
526 923 613 1002 quac
638 905 777 980 eumad
803 903 874 978 hoc
897 901 1033 992 movit,
1059 899 1098 979 in
1119 925 1165 979 eo
1179 899 1261 998 fita,
1285 905 1384 1005 quod

182 995 327 1094 Episcopi
340 999 410 1096 jam
436 999 567 1076 fuerint
591 1000 703 1075 habiti
721 1024 788 1098 pro
807 998 936 1074 Christi
955 997 1227 1094 saccelloribua,
1251 1021 1289 1077 et
1306 1003 1388 1076 Le·''

186 1093 279 1188 gatis,
317 1117 394 1170 cum
428 1119 577 1194 quorum
610 1096 862 1170 communione
901 1095 1079 1170 Eccleliae
1111 1095 1196 1171 salue
1235 1118 1274 1172 et
1311 1121 1383 1196 pax

182 1189 347 1281 cohaeret,
382 1215 470 1289 quae
493 1216 559 1288 per
582 1212 722 1266 exortas
745 1191 904 1265 haereses
926 1213 1092 1289 magnum
1116 1191 1156 1265 in
1209 1193 1382 1269 ericulum

183 1304 328 1378 venerat,
351 1310 438 1378 nec,
458 1287 579 1384 judice
605 1289 769 1385 Ignatio,
794 1287 923 1361 reiiius
946 1311 988 1362 ac
1010 1287 1147 1364 cercius
1173 1216 1262 1364 luta
1287 1288 1382 1371 tedia

182 1401 300 1454 manere
315 1401 479 1478 poterat,
504 1408 607 1482 quam
623 1406 689 1480 per
696 1385 730 1456 Ε
754 1381 953 1480 iscoporum
968 1382 1206 1458 autoritatem.
1231 1386 1290 1459 De
1306 1408 1386 1484 quo

182 1474 285 1574 postea
306 1481 460 1575 pluribus
483 1503 529 1554 ex
555 1503 670 1554 onam.
716 1408 892 1572 llccedit,
924 1480 969 1557 de
994 1478 1215 1579 Presbyterie
1239 1503 1381 1580 quoque
1428 1543 1436 1552 .

183 1589 324 1668 tauquam
346 1597 428 1650 curn
453 1505 637 1672 Epiliopis
660 1573 880 1667 con'uniiis,
905 1577 957 1652 ita
983 1593 1023 1650 ut
1046 1575 1086 1652 hi
1110 1576 1182 1653 stne
1205 1575 1273 1652 ilus
1288 1577 1379 1654 nihil
1435 1584 1442 1600 ’

184 1669 322 1760 valeant,
346 1671 543 1746 sermonem
567 1672 697 1768 ubique
720 1599 812 1747 ileri.

224 1762 252 1861 i.
273 1767 351 1845 llll.
381 1768 565 1857 Alterum,
590 1767 683 1864 quod
709 1768 751 1841 ad
767 1767 1022 1857 Valentinum,
1045 1769 1065 1842 I
1134 1765 1186 1842 tio
1208 1766 1387 1864 posterio-¹

185 1880 264 1949 rem,
299 1861 525 1959 respiciatur,
564 1885 609 1938 ex
642 1860 754 1958 Epist.
786 1863 829 1938 ad
861 1865 1032 1960 Magnet·
1081 1871 1151 1944 .8.
1186 1862 1225 1936 in
1258 1864 1387 1962 primia

185 1953 319 2048 eruitur,
350 1958 412 2034 ubi
436 1957 586 2049 dicitur,
620 1957 798 2055 Cirislum,
820 1957 1000 2054 sermonem
1023 1960 1136 2034 Patris
1158 1966 1196 2034 aia
1218 1963 1281 2037 riri
1300 1958 1387 2060 capia

184 2073 237 2122 aon
254 2076 273 2125 o
292 2054 425 2145 filontio
445 2054 641 2152 progrepum
675 2054 755 2150 effe,
796 2053 875 2151 quia
909 2054 1005 2130 inter
1035 2079 1163 2131 aeonae
1198 2059 1385 2134 Valentini

186 2152 318 2225 occurrit
345 2151 421 2250 cayti
435 2151 614 2246 sticarium.
664 2151 783 2224 Multa
808 2150 935 2242 dolie,
971 2151 1076 2226 etad
1100 2175 1196 2244 rem,
1237 2178 1276 2228 re
1303 2155 1382 2231 ellit
1433 2201 1440 2214 ·

183 2241 277 2320 Pears.
297 2249 317 2322 l.
342 2273 376 2324 e.
405 2273 439 2346 p.
465 2249 521 2321 lla.
536 2270 567 2321 c.
592 2269 631 2336 4.
657 2267 729 2320 etc.
755 2269 801 2320 ex
832 2270 884 2344 gr.
911 2246 1106 2322 Valentino
1134 2247 1204 2324 elle
1241 2251 1386 2349 quidem
1469 2288 1474 2301 ·

183 2333 253 2414 illud
276 2345 471 2444 antiquius,
496 2343 608 2422 itaut
633 2339 717 2416 illud
741 2341 778 2414 in
806 2342 916 2416 oculis
942 2343 1072 2417 habere
1097 2346 1256 2440 potuerit
1279 2347 1384 2444 lgna·
1507 2381 1513 2394 ·

183 2433 257 2526 tius,
296 2439 353 2516 sed
381 2463 464 2514 eum
506 2437 549 2514 ad
583 2437 849 2522 Cerinthianos‚
890 2461 933 2513 ac
957 2437 1140 2514 Ebionitar
1173 2443 1385 2540 respexilie,

184 2551 241 2604 nec
262 2535 455 2612 convenire
479 2533 611 2610 dietum
644 2533 719 2628 ejus
750 2532 787 2606 in
815 2535 1015 2625 Valentia,
1055 2559 1135 2611 cum
1160 2539 1253 2637 quod
1276 2547 1391 2642 xpeto·

180 2625 324 2710 'iuriam
355 2650 398 2706 et
423 2653 494 2705 non
518 2633 732 2729 ηοεςχισθιι
763 2647 905 2704 utantur
932 2631 1174 2707 Valentiniani
1198 2635 1243 2708 de
1266 2640 1385 2712 aeoni-

185 2724 256 2816 bus,
285 2750 357 2804 tum
382 2750 478 2825 tepor
490 2727 598 2824 stirme
621 2752 694 2803 non
721 2750 766 2801 ex
792 2756 864 2823 rapa
880 2724 1032 2822 filontio,
1066 2727 1124 2801 sed
1149 2755 1194 2804 ex
1218 2750 1323 2805 mente
1338 2746 1395 2809 'et-

184 2826 305 2899 acritate
326 2824 468 2900 emilius
497 2824 540 2901 srt
563 2822 752 2899 secundum
769 2825 951 2900 Valentio.
999 2828 1165 2899 Attamen
1192 2827 1261 2899 alio
1277 2830 1387 2903 modo

186 2916 264 2991 mihi
279 2944 331 2995 res
346 2920 569 3017 expedienda
584 2918 742 3007 videtur,
763 2917 814 2992 uti
832 2919 933 2993 facile
952 2918 1089 3013 potest,
1115 2918 1241 2995 fivera
1255 2922 1385 3015 teatio,

186 3035 264 3109 quae
291 3016 348 3093 hie
375 3017 500 3091 vitiata
523 3015 595 3106 est,
627 3012 851 3103 reilituatur3
883 3013 971 3088 sicut
994 3011 1030 3085 in
1054 3013 1142 3089 Dili.
1167 3036 1290 3094 contra
1319 3022 1388 3095 Ar·

185 3110 367 3187 temouium
397 3116 470 3211 jam
500 3110 583 3190 feci.
634 3111 774 3185 Vocula
796 3118 832 3185 ἐκ
853 3134 914 3183 non
945 3128 1028 3183 ante
1057 3109 1119 3183 tiri
1141 3122 1225 3208 asyle
1247 3114 1387 3211 ostien.

187 3209 230 3279 tio
251 3210 418 3293 emedio¹
434 3206 584 3297 sublata,
611 3208 709 3281 locus
735 3206 805 3281 hoc
830 3206 938 3281 modo
961 3208 1128 3298 legendus
1150 3211 1203 3282 est
1227 3231 1267 3285 et
1281 3214 1387 3303 intel·

186 3298 351 3395 ligandus:
385 3308 466 3399 qood
488 3328 570 3381 unus
591 3301 637 3395 fit
664 3302 777 3391 Deus,
819 3309 872 3399 qui
888 3304 931 3396 se
955 3303 1057 3400 ipsum
1078 3304 1301 3401 manifestavit
1325 3332 1387 3408 prr

187 3394 291 3489 Jesum
315 3400 494 3496 Cluiflum,
525 3400 771 3496 filiumjuum,
805 3404 859 3495 qui
883 3397 930 3495 est
944 3400 1052 3492 serino
1069 3403 1141 3495 ejus
1164 3421 1315 3481 aeternus
1339 3434 1383 3483 ex

182 3488 297 3581 filontio
317 3502 500 3595 proselitis,
525 3500 637 3592 quique
661 3500 861 3571 inomnibur
887 3498 1030 3569 ratiatensi
1053 3494 1156 3591 ipsum
1178 3504 1384 3595 complacuit.

188 3586 251 3757 Sui
264 3592 423 3687 sermonis
439 3590 618 3687 progrrffias
644 3616 686 3663 ex
695 3587 825 3681 filontio
858 3592 999 3684 duplice
1031 3592 1159 3679 modo,
1198 3594 1386 3673 secundum
1475 3610 1481 3617 '

195 3706 353 3764 ,ererum
383 3687 591 3785 opiniones,
632 3683 784 3780 intelligi
818 3684 956 3780 potest,
998 3710 1078 3773 uno,
1119 3710 1190 3782 quo
1223 3694 1388 3773 condidit

189 3782 365 3875 muudum,
390 3789 513 3871 altaro,
546 3804 615 3879 quo
640 3776 750 3853 fellus
769 3778 820 3853 est
842 3780 963 3856 homo.
1011 3784 1209 3858 Secundum
1234 3790 1393 3885 priorem

188 3874 290 3953 sensus
312 3882 402 3973 erit;
429 3879 604 3953 Christum
636 3874 705 3949 elle
720 3874 900 3970 sermonem
920 3876 1010 3966 Dei,
1033 3877 1120 3966 intra
1145 3903 1300 3959 mentem
1320 3886 1391 3959 Dei

190 3968 367 4069 latentem,
391 3996 430 4052 et
454 3975 492 4050 in
511 3972 648 4047 silentio
667 3973 876 4067 degentem,
904 3972 983 4065 sed,
1009 3996 1088 4046 cum
1104 3976 1202 4049 Deus
1224 3982 1420 4053 mundum,

190 4086 333 4163 crearet,
373 4074 570 4149 sermonem
588 4070 681 4143 hunc
697 4065 857 4141 emiliam
882 4070 973 4159 effe,
1008 4068 1057 4142 ita
1082 4087 1121 4143 ut
1144 4093 1166 4143 e
1189 4071 1326 4147 silencio
1351 4074 1394 4149 fit

192 4166 353 4263 cgrellus,
386 4192 469 4247 cum
487 4169 585 4243 Deus
604 4162 718 4257 dixit,
729 4162 814 4333 'fsto
833 4166 902 4241 loa.
951 4168 1127 4252 Veterum
1150 4169 1395 4340 nonnullopum

772 4286 796 4359 y
821 4284 841 4362 3
1334 4289 1402 4345 ane
