3609 5500
274 585 344 661 330
669 565 812 666 Historia
839 564 967 662 Eccles.
999 560 1109 651 Christ.

277 739 623 856 Pseudo-Cyprianus
649 743 699 820 de
726 741 994 842 relaptlsmm,
1033 740 1077 818 td
1104 737 1241 816 calm
1257 807 1261 814 .
1277 735 1388 834 Ope*
1429 727 1501 826 05·

281 853 647 1029 pn§imt'ICLIIXlIIlL
681 928 866 1026 Successor
892 933 986 1030 ejui,
1027 950 1068 1006 ut
1090 929 1225 1019 fertur,
1253 919 1328 1000 fuit
1356 923 1505 998 iim

281 1029 359 1117 der,
392 1045 430 1100 et
457 1028 533 1124 ipse
560 1028 814 1117 Samaritanus,
846 1033 977 1103 evico
1001 1021 1254 1126 apparetur,
1275 1015 1366 1128 Just.
1391 1017 1507 1090 Mm·

281 1123 374 1218 apol.
399 1124 429 1195 l:
457 1145 514 1219 34„
548 1125 646 1220 cujus
678 1121 895 1290 hypotheses
925 1146 1051 1291 {arum
1079 1116 1278 1196 asimonir
1305 1111 1507 1198 differunt·

282 1219 832 1420 lnrlerll‘llllgnll·
863 1220 1053 1405 {lulli
1079 1215 1329 1417 linia,
1356 1209 1509 1384 lma

283 1403 490 1486 elIentiamt
536 1425 671 1481 tantuin
703 1431 748 1482 eir
777 1408 1060 1486 emanationibus
1092 1404 1280 1502 cognosci:
1321 1397 1358 1474 se
1385 1411 1509 1472 autem

284 1499 423 1578 milium
446 1499 518 1575 elle
539 1501 741 1597 salvatorem
772 1503 979 1595 hominum,
1018 1499 1153 1578 scilicet
1177 1515 1346 1597 quateuua
1381 1493 1440 1568 vel
1468 1491 1510 1568 in

285 1598 323 1672 se
344 1598 510 1693 praetulit
534 1599 769 1686 servatorem,
795 1601 853 1672 vel
869 1599 944 1695 ejus
968 1619 1182 1695 praeconem
1205 1587 1326 1690 gestit,
1351 1608 1412 1665 uti
1427 1603 1509 1696 mo:

284 1693 334 1768 do
367 1691 412 1764 de
443 1693 588 1766 Simone
622 1692 757 1766 notavi.
809 1693 916 1796 Quod
951 1715 1040 1767 vero
1066 1689 1252 1787 discipulos
1281 1687 1361 1760 suot
1398 1700 1510 1758 morti

286 1807 363 1864 non
389 1783 461 1860 elle
493 1787 668 1861 obnoxios
699 1786 852 1880 dixerit,
893 1787 1011 1864 verbis
1044 1809 1089 1861 ex
1117 1785 1203 1893 Joh.
1228 1782 1335 1859 VIII:
1357 1799 1424 1870 si,
1456 1778 1512 1873 prii

284 1888 321 1960 in
343 1905 392 1958 ιιι
415 1883 536 1972 credit,
560 1897 693 1958 inertem
717 1907 779 1957 nori
800 1887 943 1975 ridebit,
979 1880 1165 1970 desumtia,
1192 1877 1275 1954 illud
1292 1899 1339 1951 ex
1354 1875 1510 1949 Irenaeo

134 2055 139 2063 .
286 1976 457 2076 explieari
484 1976 638 2073 poterit,
663 1978 723 2074 qui
740 1979 868 2068 tradit,
892 1977 1084 2075 discipulos
1102 1975 1197 2071 ejus,
1218 1970 1415 2048 secundum
1429 1967 1510 2064 ejus

286 2072 506 2160 doetrinam,
528 2093 587 2166 per
608 2075 652 2147 ba
673 2077 801 2166 illinunt
824 2078 972 2171 accipere
995 2071 1272 2168 resurrellimem,
1295 2084 1335 2140 et
1352 2063 1401 2139 Ile
1416 2067 1512 2138 ultra

286 2172 367 2243 morl
398 2188 458 2239 non
479 2167 575 2263 poffe.
662 2169 760 2241 enuit
784 2167 924 2266 itaque,
949 2189 1030 2244 cum
1054 2163 1196 2262 reliquit
1220 2159 1423 2247 Gnosticis,
1451 2179 1507 2232 re·

287 2257 541 2339 runcationem
564 2262 639 2370 Jain
664 2261 809 2352 fabiam,
832 2287 980 2361 eamque
1008 2260 1046 2335 in
1070 2258 1305 2335 renovatione
1329 2255 1505 2353 spiritu.

261 2359 349 2436 ¹seu
379 2374 651 2451 regeneratione
678 2353 776 2432 fitam
812 2355 901 2433 elle:
943 2377 1024 2433 cum
1055 2353 1274 2430 crassatam
1304 2350 1409 2426 adse
1434 2369 1506 2460 non

287 2449 486 2553 pertineat,
524 2450 585 2526 sed
609 2448 694 2524 illud
719 2469 873 2544 tantum,
918 2453 1011 2550 quod
1039 2449 1217 2559 spirituale
1235 2445 1312 2539 est,
1351 2445 1388 2520 se
1412 2465 1502 2540 mori

287 2570 361 2659 non
380 2541 479 2644 polle
494 2543 632 2637 statuit,
665 2545 724 2621 sed
741 2546 821 2624 fieri
839 2566 955 2624 totum
971 2547 1216 2652 spiritualem,
1248 2564 1356 2618 carne
1374 2561 1413 2616 et
1429 2563 1503 2617 ear·

288 2648 661 2850 wiliagCiiIiiiiiiii
678 2739 838 2852 ‘Praeter
861 2738 1069 2851 Gnosticos,
1097 2737 1246 2849 proprie
1268 2731 1404 2849 fiilios,
1431 2752 1506 2805 ¹1¹0·

288 2854 470 2912 morantur
499 2855 592 2909 inter
626 2836 729 2930 hujus
768 2837 942 2913 intervalli
974 2838 1169 2909 haereticos
1206 2830 1422 2914 cerinthiani,
1464 2828 1507 2905 ab

289 2929 529 3007 haeresiarcha
557 2931 618 3003 suo
643 2932 815 3005 Cerintho
842 2954 974 3004 nomen
1003 2929 1107 3002 naui.
1156 2931 1213 3002 De
1238 2949 1329 3023 qu0,
1362 2921 1505 3018 ejusque

290 3023 537 3119 opinionibus,
568 3023 687 3116 itaque
711 3021 945 3102 differendum
974 3022 1035 3097 est.
1088 3026 1208 3096 Parum
1234 3020 1323 3095 certi
1356 3018 1401 3090 de
1427 3008 1534 3115 ipso.

289 3116 445 3192 constat:
474 3115 511 3188 in
535 3116 715 3212 AEgypto
738 3138 819 3188 eum
845 3114 1090 3212 Philosophiae
1118 3140 1261 3209 opernm
1286 3112 1438 3200 dedilse,
1468 3128 1506 3185 et

290 3212 375 3289 dein
396 3208 665 3307 Hierosolymis,
692 3210 897 3298 Caesareae,
922 3232 960 3285 et
974 3212 1079 3303 alibi,
1106 3209 1270 3284 restitisse
1299 3208 1505 3305 Apostolh,

290 3305 398 3384 tradit
422 3304 642 3378 Theodoret.
675 3303 807 3380 haeret.
842 3306 913 3379 fab.
938 3307 960 3381 l.
988 3310 1033 3380 ΙΙ.
1069 3308 1104 3381 in
1133 3307 1212 3380 Asia
1237 3328 1325 3378 vero
1349 3302 1507 3379 haeresin

290 3408 397 3502 longe
417 3403 555 3494 lateque
580 3397 811 3475 disseminasse
839 3400 948 3475 refert
967 3403 1139 3501 Epiphan.
1166 3404 1259 3477 haer.
1287 3409 1343 3480 28.
1394 3398 1531 3473 Addi·'

288 3520 366 3588 tur,
393 3518 472 3571 eum
490 3490 619 3589 Ephesi
637 3494 737 3570 ruina
756 3499 957 3572 balneorum
980 3499 1179 3598 oppressum
1197 3495 1288 3583 elle3
1314 3493 1408 3590 quod
1428 3514 1506 3567 tan·

312 3617 391 3669 uam
415 3592 622 3691 figmentum
644 3592 716 3685 jam
744 3594 867 3690 rejecit
886 3596 1073 3671 Reinesius
1098 3620 1156 3692 ep.
1183 3616 1241 3688 57.
1293 3594 1420 3666 Ortum
1449 3589 1504 3663 vi·

351 3708 392 3763 ur
415 3710 461 3760 ex
494 3684 671 3761 historiola
698 3689 886 3783 Johan-nis,
920 3691 1135 3765 'Cerinthum
1159 3688 1195 3762 in
1229 3688 1353 3762 balneo
1379 3685 1505 3759 viden·

286 3787 357 3876 tia,
382 3801 419 3856 et
442 3779 613 3871 dicentis,
636 3782 834 3877 fugiamus,
861 3810 899 3858 ne
924 3791 1072 3861 balneum
1090 3787 1256 3872 concidat,
1285 3787 1360 3880 quiri
1389 3783 1503 3855 Corin·

285 3882 359 3957 ilius
393 3881 437 3951 ibi
474 3875 531 3976 ιβ.
582 3879 642 3952 De
680 3902 751 3973 quo
782 3878 881 3977 supra
923 3881 1009 3955 dixi.
1061 3883 1176 3977 Hujus
1209 3881 1279 3954 viri
1314 3876 1507 3976 opiniones

265 3998 330 4079 ‘pii
357 3975 504 4051 Irenaeo
533 3975 613 4052 ll.
651 3995 682 4046 c.
709 3982 789 4068 26,
833 3974 962 4053 restim
998 4001 1101 4075 quam
1136 4001 1183 4051 eir
1206 3972 1505 4146 Epiphaniogffiet

319 4134 320 4139 ,
423 4130 429 4153 ,
1264 4132 1269 4141 .
1466 4090 1505 4158 s,
