3609 5500
302 941 376 1018 544
480 1021 484 1032 Ι
706 913 855 1017 rustam
877 916 1009 1020 Ectltsa
1034 913 1147 1020 trust.

304 1103 389 1192 Deo
416 1095 571 1183 summo,
596 1092 655 1169 sed
679 1097 754 1194 ejus
779 1118 914 1175 tantum
940 1101 1183 1191 concessione,
1207 1096 1454 1197 etsapientite
1469 1092 1534 1180 im·

305 1191 485 1296 perfetiae
514 1188 692 1267 effectum.
741 1192 840 1295 Quae
866 1195 956 1271 ratio
981 1195 1051 1272 elie
1077 1196 1241 1284 videtur,
1276 1193 1372 1295 quod
1398 1194 1530 1282 soemis

306 1313 393 1380 nae,
420 1286 734 1363 amasculoaeone
753 1301 950 1383 reparatae,
984 1293 1072 1367 haec
1104 1288 1294 1388 produuio
1320 1289 1430 1365 suerit
1463 1290 1511 1368 ad

304 1385 453 1483 scripta,
480 1383 611 1481 quippe

661 1407 707 1458 uo
725 1383 900 1461 indicatur
917 1386 1146 1486 produclum,
1172 1410 1245 1461 non
1261 1387 1425 1483 placens,
1454 1409 1534 1464 non

303 1481 454 1583 justum,
480 1503 551 1554 non
573 1406 771 1648 potyrium,
806 1483 899 1578 quod
929 1484 1099 1574 theletos,
1132 1482 1302 1556 masculus
1324 1505 1442 1574 aeon,
1474 1482 1539 1558 de·

308 1598 431 1674 notat,
456 1599 537 1649 curn
555 1574 674 1671 sopsia
698 1575 860 1651 ultimum
886 1603 949 1675 par
973 1603 1122 1652 aeonum
1139 1575 1383 1667 constituens,
1404 1575 1476 1654 sed
1493 1577 1535 1654 ss

307 1698 456 1772 nequo,
484 1694 550 1767 per
565 1670 670 1744 solam
680 1671 845 1766 sophiam,
871 1673 989 1751 omnia
1006 1671 1209 1762 factasunt,
1232 1690 1471 1770 argumento,
1486 1674 1537 1750 sa·

305 1759 478 1874 pientiam
504 1764 715 1864 iupsrfaiiam
737 1766 900 1867 intelligi.
949 1770 1032 1869 Quo
1057 1766 1280 1865 Eutlrpmefis,
1313 1767 1402 1842 inde
1428 1790 1531 1862 nata,

308 1888 450 1968 quoque
467 1862 591 1954 ducit3
616 1863 786 1961 fignificat
805 1869 901 1940 enim
926 1868 1326 1954 remotissimam,
1360 1859 1534 1942 effeshrm
1580 1949 1585 1958 ,

307 1964 390 2063 ua'yu
412 1959 565 2057 sermonis
589 1983 657 2070 per
671 1960 838 2070 sophiam:
864 1960 1114 2058 praesupponit
1131 1964 1228 2035 enirn
1245 1961 1460 2035 ratiocinatio
1478 1964 1536 2074 ig·

306 2056 507 2139 morantium
530 2074 569 2129 et
585 2056 895 2147 incertitudinem,
937 2058 1020 2154 quid
1042 2056 1239 2153 agendum,
1275 2054 1408 2151 quidve
1434 2078 1532 2156 optr-

305 2180 403 2234 mum
429 2150 483 2225 stt.
529 2172 566 2240 4.
590 2150 758 2252 Quartum
777 2170 900 2243 tenet,
925 2153 1094 2227 mundum
1118 2151 1364 2249 adspeilabilcor
1386 2172 1436 2228 ex
1462 2177 1536 2229 ma·

305 2248 398 2332 teria
424 2243 599 2322 existente
622 2268 686 2343 pet
713 2246 892 2344 Angelum
919 2248 1070 2346 aliquem
1096 2248 1166 2323 elle
1182 2245 1401 2344 produuum.
1456 2250 1532 2324 De·

305 2346 464 2445 miurgus
486 2340 583 2416 enim
606 2340 725 2415 mundi
750 2362 889 2417 creator
915 2343 984 2433 est,
1010 2365 1047 2417 et
1064 2346 1205 2441 angelus
1220 2341 1390 2430 inferior,
1416 2342 1460 2419 in
1481 2343 1534 2422 di÷

305 2444 395 2524 vino
446 2441 615 2514 leromate
641 2436 757 2513 sedem
775 2461 847 2526 non
865 2440 1013 2529 habens,
1039 2466 1059 2515 a
1082 2440 1164 2512 Deo
1181 2438 1334 2526 summo,
1362 2433 1439 2514 solo
1466 2442 1533 2532 bo÷

306 2563 379 2628 no,
403 2536 580 2625 diversus,
605 2556 672 2607 nec
697 2533 801 2609 malus
818 2534 1045 2632 fimpliciter,
1069 2534 1228 2631 adeoque
1249 2532 1445 2610 aDiabolo
1461 2525 1531 2636 dil}

308 2632 462 2722 patrus,
495 2630 552 2703 sed
573 2626 686 2725 justus
709 2647 746 2701 et
773 2628 925 2726 rigidus:
953 2649 991 2704 ut
1020 2633 1242 2705 Ptolemaeus
1265 2629 1374 2704 habet
1397 2632 1440 2706 in
1462 2633 1533 2731 Ep.

309 2729 356 2815 ad
382 2727 524 2801 Florum
539 2725 630 2821 apud
649 2724 766 2798 Grabe
781 2722 819 2798 in
839 2724 949 2822 spicil.
973 2727 994 2802 l.
1020 2750 1052 2801 c.
1099 2748 1133 2818 5.
1159 2726 1320 2841 Quintum
1339 2722 1412 2820 est,
1430 2752 1536 2804 mun·

309 2824 413 2915 dum,
439 2846 459 2896 a
483 2818 663 2919 superiore
686 2842 796 2893 aeone
820 2844 892 2896 non
916 2821 1142 2920 produtlum,
1169 2847 1246 2921 eJus
1270 2842 1390 2897 tamen
1411 2822 1527 2899 direc-

307 2922 412 2999 tione
434 2939 471 2993 et
498 2914 658 3016 potentia
694 2913 823 2990 fusium
839 2918 908 2991 elle
925 2942 945 2991 a
960 2920 1176 3013 Demiurgo,
1202 2918 1297 2993 srmul
1314 2914 1435 2993 semen
1456 2921 1527 3016 spi.-

308 3018 454 3108 rituale,
479 3013 571 3115 quod
597 3019 716 3109 miupa
730 3010 887 3110 spiritum
910 3013 1059 3111 adpellit
1084 3015 1300 3088 Marcionita
1315 3014 1420 3110 apud
1446 3017 1529 3090 Ori·

339 3140 395 3191 en.
422 3134 544 3188 contra
567 3111 769 3201 Marcion,
795 3111 970 3184 nonnullis
986 3109 1150 3185 ,creaturis
1168 3109 1237 3184 elie
1264 3134 1282 3180 a
1289 3107 1464 3211 servatore
1482 3113 1536 3188 in·

309 3143 444 3299 inum,
470 3207 631 3282 omnibus
655 3206 772 3281 autem
794 3209 1008 3286 rationalibus
1024 3207 1188 3281 creaturis
1206 3210 1371 3281 rariorem.
1426 3208 1531 3308 Quae

310 3333 358 3399 erc
393 3303 499 3379 modo
533 3301 636 3381 disiis
667 3304 710 3377 de
726 3301 823 3467 stlesu
855 3323 894 3373 et
927 3300 1066 3385 Christo
1099 3299 1283 3374 evidenter
1315 3302 1533 3382 elucescunt.

308 3407 344 3477 6.
371 3403 505 3471 Sestum
528 3391 679 3490 denique
704 3421 724 3469 e
764 3447 774 3478 ,
807 3395 972 3471 mundum
997 3395 1204 3493 produilum
1227 3398 1442 3508 respondere
1466 3399 1528 3474 ali·

309 3513 478 3593 quatenus
503 3490 686 3584 pleromati
712 3489 904 3584 superiori3
933 3492 982 3564 uti
1009 3493 1116 3564 modo
1168 3495 1310 3579 robavt,
1336 3492 1532 3572 secundum

309 3612 412 3688 quam
440 3583 633 3676 analogiam
665 3606 777 3657 mater
799 3586 978 3659 Achamoth
1004 3517 1240 3682 repracAEntat
1269 3586 1457 3684 spiritum,
1489 3610 1529 3669 et

308 3682 496 3786 Sophiam,
521 3679 719 3775 Demiurgus
737 3679 931 3753 sermonem
948 3703 984 3756 et
1001 3682 1231 3773 seruatorem,
1259 3683 1318 3779 qui
1345 3684 1528 3763 universa·

309 3784 352 3861 lis
374 3777 503 3857 dicitur
528 3775 760 3873 Demiurgus,
786 3795 822 3849 et
849 3777 949 3850 Pater
966 3777 1135 3862 uniuerh,
1162 3768 1318 3857 Christus
1336 3779 1432 3869 ,fitius
1451 3785 1531 3861 e'ur

310 3880 349 3958 in
374 3881 531 3976 pleroma
555 3875 730 3965 evolavit,
763 3898 804 3948 ac
821 3872 916 3968 Jesus
940 3898 1078 3971 quoque
1115 3872 1205 3964 filius
1228 3877 1263 3948 se
1288 3875 1399 3970 ipsum
1424 3808 1530 3955 essin-

310 3977 385 4060 xit,
411 3970 482 4044 stre
508 3968 680 4050 Christum
709 3990 746 4042 et
770 3968 929 4065 spiritum
958 3973 995 4045 in
1020 3972 1209 4064 pleromate
1234 3971 1419 4067 supremo:
1457 3966 1525 4047 Ar·

306 4065 468 4162 changeii
494 4087 579 4137 veto
605 4066 756 4161 reliquos
779 4090 924 4152 aeonas,
950 4088 987 4138 et
1012 4067 1139 4146 Annali
1165 4067 1322 4151 satellites
1363 4067 1445 4156 esu3
1468 4066 1521 4142 ses

306 4191 390 4253 men
414 4159 564 4255 denique
583 4157 760 4252 spirituale
785 4160 944 4237 Gnostici
961 4160 1171 4256 Ecclcfiam,
1196 4182 1234 4242 et
1256 4162 1440 4255 hominem
1466 4162 1487 4248 s
1508 4202 1522 4220 ·

305 4261 496 4365 periorem.
546 4254 630 4363 Vid.
656 4256 830 4365 ,Excerpt
858 4258 1043 4352 Theodoti
1076 4258 1107 4373 s.
1133 4281 1192 4353 47.
1240 4257 1309 4332 Sed
1343 4258 1428 4354 quid
1455 4259 1526 4356 fig·

302 4357 432 4448 mentis
454 4352 549 4434 hisce
574 4353 705 4432 druuus
728 4355 915 4431 sumator?

880 4479 882 4482 ⁴
1225 4445 1259 4550 §s
1282 4445 1523 4528 CLXXVIII.
