3609 5500
845 917 1013 997 Secul'I.
1493 951 1551 1026 -ῃ

293 1101 374 1192 tls,
402 1089 480 1171 ¹ex
507 1091 649 1169 formula
670 1089 859 1189 foederati,
891 1124 949 1196 rgo
961 1099 1038 1196 firm
1063 1099 1156 1173 Deus
1180 1100 1363 1176 Abraham·
1385 1120 1454 1179 etc.
1481 1104 1543 1180 de·

295 1193 526 1281 monstrat,
553 1213 625 1263 cum
647 1190 687 1264 stt
710 1196 855 1268 rivorum
879 1217 918 1269 et
943 1219 1015 1270 non
1044 1215 1237 1270 mortuorum
1262 1199 1376 1290 Deus,
1400 1202 1537 1276 Matth.

298 1293 437 1370 xxm:
473 1311 590 1382 ηπ·
609 1289 697 1362 unde
719 1290 944 1364 manifestum
960 1313 1056 1382 erat,
1082 1312 1213 1387 corpora
1229 1317 1339 1387 aeque
1357 1318 1399 1370 ac
1409 1297 1541 1371 animas

298 1391 450 1464 vivere
487 1383 626 1456 debere.
672 1385 816 1457 Deinde
843 1386 1090 1484 legisperito,
1121 1392 1166 1463 de
1191 1392 1349 1463 omnium
1383 1391 1539 1466 maximo

298 1497 525 1586 praecepto
548 1479 699 1586 roganti,
724 1487 876 1555 tentandi
894 1487 1005 1579 ipsum
1033 1507 1140 1580 ergo,
1165 1507 1239 1558 non
1258 1484 1453 1576 malitiose,
1476 1487 1537 1560 sed

298 1579 442 1706 aa
469 1574 780 1745 stlfflltttlh
802 1579 1207 1749 “armelausa
1232 1581 1301 1749 Dr·
1320 1584 1536 1752 suh

299 1693 513 1864 iersslieogii
532 1763 673 1870 dodlor,
699 1699 1090 1857 decta'ravirnctniilus,
1119 1728 1198 1843 euni
1228 1700 1421 1869 rionellolgl)
1430 1702 1537 1869 :lolli

1724 1971 1726 1976 ·

298 1961 612 2164 ffiiitiristffe'cum
644 2075 751 2126 nemo
780 2017 912 2165 aliquid
945 1986 1093 2153 amplius
1130 1986 1334 2167 proponeqre
1362 2007 1533 2156 auderet,
1594 2053 1597 2059 ’

293 2151 413 2262 -ipse,
441 2173 480 2224 rn
510 2145 674 2221 docendo
701 2171 853 2245 pergens
882 2173 921 2224 rn
947 2153 1117 2250 Templo,
1159 2153 1350 2248 quaesrvrt,
1384 2179 1450 2252 qua
1474 2179 1529 2229 ra·

307 2269 415 2322 tione
442 2243 584 2318 Mellias
608 2241 649 2314 srt
667 2244 763 2340 filius
786 2245 948 2336 Doridis,
972 2246 1070 2322 limul
1092 2248 1250 2322 Dominus
1274 2254 1367 2346 ejus,
1393 2267 1432 2323 ut
1456 2246 1532 2347 ipse

309 2339 436 2422 David
458 2338 513 2413 Ps.
535 2339 611 2412 CX.
634 2339 845 2434 profitetur,
882 2343 943 2416 sed
968 2342 1169 2439 responsum
1196 2366 1269 2418 non
1296 2345 1437 2432 retulit;
1477 2368 1532 2419 ar·

396 2453 509 2524 ento,
539 2435 663 2508 clarem
711 2439 849 2510 cienriar
869 2437 1037 2535 salutaris
1060 2436 1163 2513 fuisse
1194 2438 1432 2536 deperditam,
1475 2441 1531 2517 uti

293 2565 303 2572 ·
341 2529 476 2610 hristus
499 2527 611 2638 Legis
629 2433 834 2605 dodoribus
859 2533 993 2640 objecit
1018 2533 1105 2608 Luc.
1131 2533 1195 2606 XI:
1221 2557 1281 2623 52.
1306 2534 1402 2611 litam
1426 2534 1531 2635 quip-

301 2629 420 2805 glin
439 2624 604 2700 dodlnna
628 2624 674 2697 de
691 2625 837 2717 Melita,
867 2628 945 2702 filio
972 2654 1110 2728 quoque
1133 2629 1227 2717 Del,
1253 2649 1290 2704 et
1307 2631 1445 2722 salutis,
1471 2631 1526 2729 ip·

303 2850 332 2900 e

282 2776 288 2783 .
359 2752 392 2895 ,1
392 2743 550 2895 e{ponne
574 2720 747 2814 Davidis,
789 2742 932 2816 autore,
973 2750 1015 2800 ac
1044 2748 1157 2825 regno
1189 2726 1264 2825 ejus
1288 2727 1459 2829 spirituali
1485 2752 1529 2804 ac

331 2848 379 2899 oe
461 2875 472 2894 .

353 2918 392 3019 ς.
417 2914 567 2989 LXXV.
631 2913 732 2989 uibus
760 2916 921 2992 omnibus
945 2914 1116 3014 peradlis,
1139 2916 1277 2993 muneri
1303 2919 1365 2994 suo
1381 2918 1528 3017 publico

297 3016 412 3094 inter
433 3009 598 3085 Israelitas
648 3032 732 3085 nem
756 3011 911 3110 inposuit
936 3014 1170 3102 vehemente,
1195 3034 1233 3088 et
1258 3014 1525 3111 increpatorio,

284 3112 507 3193 semme,
529 3130 638 3179 eoram
663 3108 798 3204 populo
823 3108 969 3196 habito,
995 3130 1065 3202 quo
1093 3106 1130 3178 in
1147 3109 1347 3183 Pharisaeos
1374 3129 1411 3181 et
1432 3109 1527 3180 Scri·

305 3206 385 3283 bas
407 3200 572 3274 acerrime
591 3202 795 3291 invehitur,
821 3198 951 3297 eosque
972 3217 1133 3295 tanquam
1158 3201 1382 3296 hypocritas,
1408 3201 1527 3295 super·

299 3296 493 3387 stitiosos,
521 3320 656 3387 avaros,
689 3297 876 3408 superbos,
910 3319 953 3370 ac
972 3298 1216 3391 persecutores
1242 3294 1338 3372 vivis
1360 3297 1403 3372 de
1430 3294 1525 3394 ingit

301 3394 512 3485 coloribus,
554 3414 591 3468 et
621 3391 824 3494 prostituit,
866 3392 962 3466 ssmul
993 3391 1228 3490 gravissimum
1252 3392 1323 3468 Dei
1350 3394 1388 3491 ju
1414 3392 1526 3468 icium

305 3494 375 3582 iis,
400 3509 440 3565 et
465 3488 645 3565 uniuersae
668 3492 759 3587 reip.
784 3487 973 3585 Judaicae,
998 3488 1210 3578 denunciat,
1242 3491 1353 3565 Matt.
1380 3489 1520 3565 XXlll.

307 3588 385 3695 Qui
414 3583 561 3660 ultimus
584 3583 715 3660 Christi
747 3584 863 3658 sermo
887 3581 1006 3657 multis
1036 3583 1237 3659 nominibus
1260 3582 1311 3658 est
1335 3586 1522 3678 notabilis,

283 3682 455 3762 -maximi
481 3705 527 3754 ue
548 3683 625 3757 usus
649 3680 758 3755 etiam
783 3681 821 3754 in
844 3678 999 3753 Ecclesia
1017 3677 1230 3770 Christiana,
1256 3679 1421 3756 similibus
1433 3683 1523 3757 Pha·

298 3779 428 3856 risaeis
451 3706 714 3853 dominantibus
738 3798 809 3849 non
833 3774 1016 3850 destituta:
1051 3775 1086 3848 di
1115 3774 1264 3851 nillimus
1287 3777 1426 3873 itaque,
1459 3777 1522 3875 qui

283 3875 527 3964 ¹illustretur,
559 3893 611 3971 uet
643 3870 768 3947 animis
805 3871 1022 3946 inscribatur.
1118 3894 1138 3944 e
1194 3895 1239 3944 uo
1272 3871 1333 3946 hic
1364 3895 1436 3944 non
1467 3870 1520 3947 est
1629 3918 1633 3925 ·

298 3970 438 4085 agendi
463 3972 570 4044 loeus.
619 3969 771 4043 Primam
796 3967 870 4063 ejus
903 3987 1041 4063 partem
1067 3896 1212 4062 expoliri
1239 3964 1276 4041 in
1303 3989 1521 4045 commenta·

300 4096 362 4145 no
389 4067 429 4142 in
457 4067 618 4177 opusculis
643 4062 787 4140 ineditis
808 4063 986 4152 creditis,
1012 4084 1125 4231 nuper
1151 4086 1231 4137 cum
1259 4063 1401 4160 publico
1423 4088 1522 4140 com·

309 4165 505 4239 municatrs.
553 4164 710 4255 Templo
733 4157 926 4256 egressurus
954 4157 1051 4232 offen
1075 4159 1105 4232 it
1128 4182 1317 4255 pauperem
1350 4159 1521 4251 uiduam,¹

313 4261 397 4333 duos
416 4257 584 4333 minimos
607 4256 801 4331 nummulos
822 4252 861 4328 in
890 4256 1059 4329 aerarium
1084 4255 1215 4330 sacrum
1233 4256 1392 4342 dantem,
1417 4277 1521 4347 quam

309 4354 496 4451 divitibus,
529 4354 685 4454 largiora
706 4353 797 4430 dona
823 4349 1078 4524 migrentihus,
1104 4351 1281 4450 praefert,
1313 4370 1393 4425 cum
1421 4345 1525 4522 quiea

1439 4465 1499 4541 qut
