3609 5500
285 511 352 600 376
676 501 817 598 lnssnia
856 505 976 597 Fsa'as.
1007 505 1117 599 Οἴη-ιβ.

284 679 519 779 colligendum
540 676 611 770 est,
637 700 736 756 autea
752 702 931 758 exaratum
956 686 1076 778 fuiffe,
1104 710 1186 762 cum
1202 686 1285 761 loeo
1310 669 1548 763 citatoffie‘

283 803 408 856 verum
433 778 515 851 ideo
546 778 678 852 eximat
712 800 849 854 tantum
882 783 1151 876 persecutorum
1188 805 1366 873 numero,
1400 807 1438 879 qu
1462 774 1541 828 ‘³

285 878 416 951 nullum
439 876 482 948 ab
508 872 586 971 ipso
609 879 827 951 emanaverit
851 876 1027 969 edidum,
1076 904 1145 952 nec
1176 880 1260 954 inde
1287 902 1362 954 orta
1392 879 1444 952 luc

285 970 504 1072 persecutio:
520 968 582 1046 uti
599 969 720 1065 postea
734 972 893 1068 liquebit.
948 977 1137 1064 Ceterum,
1155 977 1445 1074 Apologeticutn
1483 965 1548 1016 Δ

287 1067 339 1143 est
355 1069 513 1153 Romae,
540 1064 596 1138 sed
614 1067 851 1165 Carthagine,
879 1070 1045 1166 scriptus,
1070 1079 1138 1145 nec
1155 1073 1198 1144 ad
1213 1074 1401 1160 Senatum,
1431 1061 1547 1176 Γξ

285 1161 546 1240 Provinciarum
563 1161 755 1252 Praelides,
779 1161 914 1253 millae,
941 1167 992 1239 uti
1010 1190 1054 1239 ex
1077 1190 1108 1241 c.
1136 1186 1210 1239 aet
1229 1190 1289 1257 50.
1314 1156 1548 1241 elucescl-¹

283 1263 425 1336 videtur
449 1281 585 1353 quoque
614 1259 861 1353 compendium
885 1260 954 1334 elle
980 1261 1145 1335 librorum
1167 1262 1242 1357 ejus
1258 1263 1302 1337 ad
1319 1266 1506 1335 Notion?
1519 1259 1548 1312 ³

285 1379 433 1453 quorum
458 1376 578 1448 parum
604 1354 766 1451 superest.
818 1356 1034 1444 Novillrma,
1078 1376 1115 1430 et
1142 1357 1280 1453 optima
1303 1358 1417 1432 editio
1449 1365 1543 1427 β

284 1456 325 1527 ll.
351 1448 605 1544 Haverkampii
623 1475 653 1523 a.
684 1460 788 1544 1718.
817 1453 933 1525 multis
956 1454 1058 1525 notis'
1077 1452 1199 1527 ditata.
1247 1456 1433 1542 Durante,
1478 1451 1548 1512 6

286 1549 331 1623 ad
346 1549 451 1621 finem
468 1564 660 1640 vergente,
694 1548 960 1641 persecutione,
995 1546 1128 1643 scripsit
1149 1572 1215 1642 pro
1239 1546 1446 1622 Christianis
1464 1555 1547 1613 a

286 1646 492 1740 Scapulam,
519 1659 603 1714 tunc
620 1639 657 1714 in
672 1640 829 1716 Africam
847 1643 983 1718 millum
1000 1643 1257 1718 Proconsulem.
1308 1644 1413 1717 Alios
1428 1641 1548 1738 eju!

287 1740 394 1815 libror
419 1732 599 1810 recensere
624 1735 777 1826 omitto,
810 1737 929 1836 postea
951 1736 1018 1812 suis
1038 1738 1127 1813 locis
1150 1739 1417 1831 memorandos,
1449 1739 1544 1811 u(

284 1855 408 1911 contra
425 1835 609 1920 Praxean,
637 1833 922 1930 Hermogenem,
942 1833 1234 1921 Valentinianos,
1255 1835 1410 1930 Judaeos
1427 1852 1548 1938 etc5

283 1933 342 2008 De
371 1926 557 2016 dodlrina,
599 1926 851 2024 opinionibus,
903 1946 943 2003 et
972 1927 1172 2004 austeritate
1216 1931 1290 2003 e‘us
1330 1929 1368 2002 in
1402 1951 1484 2026 prax

197 2089 201 2099 .
284 2025 500 2112 Christiana,
528 2020 594 2097 suis
617 2024 704 2096 locis
721 2025 888 2119 quaedam
904 2022 1041 2113 dicam3
1066 2026 1127 2099 hic
1145 1956 1276 2099 notai‘e
1300 2021 1492 2113 suffecerit,

283 2148 366 2197 eum
393 2143 472 2195 cum
498 2118 573 2192 aliis
599 2120 793 2193 Veteribus
818 2116 1007 2210 censuiffe,
1032 2120 1164 2196 animas
1185 2118 1435 2194 defunctorum
1457 2121 1488 2192 in

284 2214 428 2304 inferis,
447 2232 609 2307 tanquam
626 2212 782 2288 custodia
794 2213 966 2304 detineri,
985 2235 1273 2315 martyrumvero
1289 2215 1328 2289 in
1339 2212 1492 2311 paradiso

160 2364 162 2368 ψ
283 2313 377 2388 infra
393 2309 551 2396 coelum,
586 2308 636 2383 ita
653 2310 690 2382 in
706 2311 765 2385 lib.
791 2309 835 2383 de
860 2311 1005 2401 Aninta,
1046 2311 1199 2398 unctos,
1226 2323 1310 2384 ante
1333 2311 1494 2386 ultimum

282 2405 456 2511 judicium
475 2400 713 2496 resuscitatos,
745 2430 849 2481 1000.
874 2421 954 2482 ano.
980 2425 1060 2481 cum
1077 2404 1216 2481 Christo
1231 2424 1444 2501 regnaturos
1458 2405 1495 2480 in

280 2525 399 2592 terra,
439 2500 518 2576 adv.
543 2501 656 2574 Marc.
681 2501 703 2578 l.
729 2502 795 2574 111.
840 2501 1000 2598 Angelos
1024 2525 1106 2578 cum
1135 2501 1337 2575 mulieribus
1367 2524 1498 2580 concu-

280 2599 391 2682 buille
407 2600 455 2675 ib.
480 2598 503 2671 l.
528 2598 573 2671 ΙΙ.
597 2595 769 2696 denique,
794 2597 886 2694 quod
902 2596 1045 2693 majoris
1061 2595 1131 2688 est,
1155 2620 1280 2671 omnes
1294 2594 1499 2672 substantias

284 2700 331 2776 de
365 2722 426 2775 eor
452 2692 602 2768 oreitate
636 2694 719 2791 quid
753 2694 911 2784 habere,
952 2717 999 2769 ne
1032 2696 1113 2771 Deo
1144 2693 1285 2791 quidem
1320 2715 1411 2769 exce
1438 2712 1504 2781 to;

285 2797 366 2870 adv.
414 2814 569 2888 ermog.
595 2809 634 2862 et
665 2793 841 2865 Praxeam.
890 2789 1061 2865 Confudit
1094 2813 1220 2900 corpus
1242 2810 1321 2863 cum
1347 2718 1502 2865 subflau-

285 2892 357 2977 tia,
397 2887 458 2961 ubi
492 2885 569 2959 adv.
603 2886 824 2981 Hermogen.
850 2906 882 2957 c.
911 2908 970 2978 35.
993 2882 1100 2972 dicit,
1133 2911 1167 2959 er
1185 2883 1402 2967 concedere,
1429 2886 1504 2962 elle

233 3008 236 3015 ·
283 2986 408 3074 aliquid
430 2982 624 3069 incorporale
641 2981 678 3050 de
691 2977 888 3073 substantiis
919 2980 1102 3068 duntaxat,
1151 3007 1223 3056 cum
1246 2978 1316 3075 ipsa
1332 2977 1504 3089 snbstan-

285 3087 335 3157 tia
359 3098 471 3173 corpus
488 3075 537 3168 stt
564 3077 610 3146 rei
636 3073 804 3168 cujusque,
848 3071 895 3145 fic
929 3092 966 3146 et
998 3072 1041 3146 de
1074 3097 1177 3148 carne
1213 3072 1341 3150 Christi
1376 3100 1409 3152 c.
1437 3100 1502 3156 11.

281 3202 390 3262 omne,
416 3175 496 3268 qnod
509 3168 574 3265 afl,
601 3190 712 3261 carpat
729 3166 841 3264 eslsat'
862 3172 1011 3262 generis:
1037 3171 1114 3242 niitil
1136 3171 1182 3264 tsi
1201 3173 1423 3268 incorporale,
1450 3179 1504 3246 ni·

278 3272 418 3373 fiatad
453 3291 511 3340 non
536 3263 592 3359 eli.
639 3264 858 3338 Sedrconfer
880 3264 924 3336 de
962 3264 1077 3338 anima
1107 3274 1242 3362 capo.
1277 3286 1314 3340 et
1340 3267 1410 3363 seq.
1436 3269 1504 3346 ubi

283 3364 566 3466 corporalitatem
584 3358 719 3433 animae
752 3357 891 3448 statuit,
917 3378 954 3432 et
977 3385 1008 3436 c.
1036 3384 1092 3437 aa.
1118 3362 1223 3453 dicit,
1255 3361 1344 3459 quod
1371 3384 1503 3440 notatu

286 3470 433 3560 dignum
457 3455 529 3546 est,
554 3457 724 3551 definimus
748 3461 910 3544 animam,
936 3457 1097 3531 Drinum
1121 3481 1250 3544 natam,
1275 3461 1501 3553 inmortalem,

283 3559 495 3655 corporalem,
519 3551 724 3649 effigiatam,
755 3552 939 3650 [adstantia
956 3553 1155 3650 stmplitem,
1173 3553 1500 3650 desuajapientam,

280 3661 373 3738 narie
410 3653 658 3747 procedentem,
705 3654 842 3723 liberam
876 3653 1007 3722 arbitrii
1023 3705 1033 3736 ‚
1076 3653 1263 3724 accidentiis
1298 3653 1499 3743 alnon-iam,

275 3780 335 3856 per
352 3750 483 3842 ingenia
498 3750 704 3838 rnutabt’ltm,
729 3747 940 3836 rationalem,
962 3747 1224 3837 dominatricem,
1250 3749 1499 3841 dittnam'cem,

172 3870 175 3877 '
280 3878 324 3929 ta·
347 3871 412 3920 una
429 3843 667 3917 redundantem.

276 3938 285 3969 ³
320 3946 352 4053 ς,
378 3940 554 4028 XXVIIl.
590 3937 824 4081 Tradatione
853 3939 897 4018 de
923 3938 1151 4039 scriptoribus
1174 3935 1276 4033 huid
1291 3934 1359 4015 sec·
1375 3958 1499 4111 '‘iffi-
