3609 5500
623 730 630 742 ·
706 655 857 785 'uelut
880 709 914 783 I.
1031 699 1036 706 ’
1389 711 1446 800 ’μ’

205 905 315 972 nem,
336 889 441 981 priano
463 885 623 959 muneris
651 888 784 984 publici
807 911 924 978 anno,
959 885 999 960 in
1027 881 1198 980 Galilaea,
1225 886 1317 962 forte
1343 884 1438 960 circa

208 980 320 1052 linem
346 985 444 1077 ejus,
469 1005 550 1055 cum
567 1007 649 1055 mox
675 987 712 1057 in
730 986 895 1083 Judaeum
921 1001 1081 1080 tempore
1100 984 1272 1058 Paschatis
1295 983 1331 1056 sc
1351 1005 1436 1055 con·

205 1075 348 1166 derret,
377 1097 422 1150 ut
448 1079 540 1173 quasi
566 1080 815 1154 valedirloriae
843 1078 948 1151 instar
972 1080 1014 1152 srt
1042 1080 1248 1171 concionis,
1282 1097 1436 1176 autuma-

208 1178 361 1262 verunt,
400 1175 493 1247 serre
533 1176 741 1260 narrationis
774 1174 983 1266 Matthaei,
1026 1197 1130 1269 quarn
1164 1199 1231 1272 pro
1273 1173 1436 1248 adcurata

210 1271 351 1358 habeo,
386 1270 483 1343 secus
507 1295 549 1344 ac
580 1271 812 1346 communiter
835 1291 1000 1367 putatur,
1032 1272 1146 1344 nima
1197 1273 1254 1344 De
1277 1293 1350 1366 quo
1373 1265 1436 1343 hie

207 1367 274 1438 dis
294 1388 394 1437 utare
418 1369 612 1440 nonlicet.
708 1411 713 1418 -
917 1435 934 1453 ,

287 1517 296 1532 .
325 1463 494 1534 XXXIX.
526 1465 634 1534 Anno
652 1460 813 1555 secundo,
838 1486 910 1537 aer.
936 1461 1046 1557 Vulg.
1073 1485 1137 1557 30,
1163 1461 1359 1536 asecnndo
1377 1485 1435 1558 pa·

210 1557 335 1632 schate
362 1557 538 1652 usquead
564 1557 728 1647 tertium,
753 1581 793 1650 ιιι
820 1560 919 1655 supra
942 1557 1117 1646 vidimus,
1142 1558 1330 1632 secundum
1356 1581 1434 1632 nar·

210 1655 390 1728 rationem
406 1653 490 1749 Joh
516 1655 555 1726 V
580 1672 617 1724 et
644 1655 707 1727 Vl.
755 1658 843 1728 Luc.
871 1654 1045 1727 vl-lx:
1076 1675 1131 1746 ιγ.
1158 1656 1321 1741 brevem,
1349 1677 1436 1728 mox

211 1749 405 1839 inanitio,
429 1749 490 1822 die
506 1747 616 1845 ipsius
640 1747 741 1837 sesti,
768 1751 859 1824 seclt
884 1749 1066 1820 excursum
1094 1747 1376 1844 Hierosolymam
1393 1750 1436 1824 ad

214 1844 364 1935 testum,
398 1863 439 1918 ut
472 1844 627 1932 solebat,
661 1845 927 1955 celelprandum,
954 1844 1034 1938 Joh.
1061 1845 1110 1918 V.
1134 1863 1275 1956 tantum
1302 1863 1436 1936 memo·

208 1938 1351 2134 {lffi‘alllllfftlhizlllllallsffllllillul
1365 1939 1437 2109 agg,

218 2135 355 2236 gregis,
388 2134 509 2208 versus
533 2151 650 2204 ortum
674 2133 771 2207 urbis
797 2152 835 2206 et
864 2133 1030 2228 Templi,
1067 2130 1361 2222 decumbentem,
1395 2155 1437 2207 ac

212 2255 379 2330 aquarum
402 2227 702 2316 commotionem,
744 2228 835 2301 stato
857 2247 1023 2393 tempope
1057 2227 1334 2336 extraordinario
1357 2251 1435 2302 mo·
1501 2317 1507 2328 ·

213 2320 981 2528 hamunt
995 2322 1435 2527 armillata?

212 2514 341 2614 trouu)
366 2517 448 2590 suen
481 2514 637 2606 solitam,
676 2513 957 2612 exspesiantem,
983 2514 1058 2587 sed
1090 2514 1150 2587 dru
1180 2507 1325 2606 frustra,
1351 2541 1435 2591 cum

213 2637 325 2690 nemo
351 2614 389 2686 in
420 2630 588 2706 tempore
620 2635 699 2683 etun
734 2611 771 2684 in
802 2635 879 2684 eam
916 2608 1092 2698 deferret,
1133 2613 1244 2684 verbo
1277 2611 1436 2701 sanavit3

217 2715 270 2787 ita
292 2729 334 2783 ut
350 2707 515 2783 lectulum
540 2705 637 2780 suum
662 2704 854 2796 sustulerit,
877 2705 968 2801 jussu
991 2703 1140 2796 Christi,
1167 2725 1206 2779 et
1231 2707 1360 2782 abierit
1385 2708 1433 2783 sa·

214 2832 286 2883 noa
309 2826 352 2877 et
368 2806 442 2877 inte
468 2827 515 2876 er.
568 2802 674 2903 Quod
700 2827 780 2876 cum
807 2804 948 2877 sabbato
976 2802 1105 2875 fastum
1125 2802 1231 2892 esset,
1257 2821 1294 2875 et
1309 2829 1329 2875 a
1346 2803 1436 2877 Pha·

225 2898 354 2975 risaeis
378 2828 681 2986 condemnaretur,
702 2898 863 2969 Christus
884 2897 959 2967 sese
983 2898 1161 2966 luculento
1190 2897 1350 2968 sermone
1374 2897 1437 2967 de·

219 2996 349 3075 sendit
370 2992 527 3089 exemplo
547 2994 772 3089 Dei,quem
788 2994 926 3066 Patrem
945 2989 1042 3063 suurn
1063 2986 1132 3060 else
1153 2987 1321 3080 declarat,
1347 2990 1437 3065 sem·

247 3118 287 3166 er
304 3088 565 3164 benefaciendo
582 3089 782 3185 operantis3
807 3110 908 3185 quam
926 3085 1018 3159 suam
1040 3083 1247 3157 relationem
1268 3104 1434 3184 tanquam

213 3190 283 3268 litii
307 3186 354 3261 ad
376 3188 493 3260 Deum
517 3187 655 3259 Patrem
678 3186 794 3274 suum,
833 3206 922 3279 quae
953 3182 1102 3278 ludaeos
1134 3179 1223 3253 adeo
1256 3180 1434 3276 offendit,

218 3308 262 3363 ut
283 3306 414 3358 necem
442 3282 475 3355 ei
510 3280 750 3368 intenderint,
788 3277 893 3353 claris
924 3302 965 3350 ac
997 3276 1103 3351 certis
1133 3280 1349 3372 argumentis
1372 3280 1434 3355 de·

219 3381 415 3468 monstrat3
456 3377 673 3473 judaeosque
697 3374 819 3448 severe
839 3372 1090 3468 reprehendit,
1129 3392 1292 3469 tanquam
1317 3376 1434 3449 incre·

219 3482 340 3565 dulos,
375 3498 445 3549 nec
469 3476 553 3547 Deo
577 3495 648 3545 nec
671 3471 766 3545 Most
801 3468 1033 3565 obsequiosus.
1082 3466 1181 3566 Quae
1206 3470 1336 3545 summa
1361 3470 1434 3567 est,

223 3578 299 3675 Joh.
327 3576 380 3648 V.
430 3572 515 3671 Quo
536 3566 651 3653 sasso,
687 3567 769 3643 inde
791 3588 879 3639 mox
901 3562 1051 3637 disceffit
1074 3563 1194 3635 versus
1217 3566 1435 3659 Galilaeam,

225 3674 395 3757 Sabbato,
420 3665 586 3764 pronime
599 3666 837 3759 praecedente
857 3662 973 3748 diem,
1000 3682 1069 3755 quo
1092 3657 1206 3755 spicae
1224 3681 1323 3735 erant
1339 3662 1434 3738 offe·

219 3768 366 3852 rendae,
393 3760 488 3860 quod
504 3758 803 3855 secundoprimum
827 3756 996 3853 adpellat,
1028 3755 1116 3827 Luc.
1141 3756 1207 3829 VI:
1236 3779 1266 3833 1.
1292 3758 1435 3855 dequo

223 3866 317 3959 supra
340 3856 515 3958 exposui:
542 3879 611 3951 quo
635 3856 693 3928 die
715 3878 798 3929 cum
823 3850 998 3948 Discipuli
1014 3848 1051 3921 in
1076 3850 1204 3923 itinere
1222 3850 1339 3951 fruges
1357 3876 1435 3926 car·

226 3977 342 4055 petent
372 3980 418 4030 ac
442 3954 694 4041 comederent,
727 3947 822 4045 quod
846 3967 928 4022 ante
951 3944 1102 4043 postridie
1125 3948 1265 4021 Sabbatr'
1286 3970 1363 4020 non
1389 3948 1432 4021 li·

226 4057 336 4139 celat,
363 4075 435 4125 nec
459 4045 590 4147 Judaei
612 4045 686 4143 ipso
712 4046 886 4135 Sabbato,
920 4042 1148 4141 qualicunque
1173 4042 1262 4131 alio,
1295 4040 1433 4118 licitum

228 4147 458 4245 snpenutiose
486 4143 678 4245 putabant,
703 4138 861 4220 Christus
884 4164 946 4217 eos
965 4156 1092 4245 contra
1105 4138 1323 4223 Pharisaeos,
1349 4134 1443 4215 illud

267 4246 354 4327 som.
376 4244 459 4323 ΙΙΙ.
852 4238 885 4315 F
1207 4244 1436 4339 carpenta,
