<?xml version="1.0" encoding="UTF-8"?>
<!DOCTYPE html PUBLIC "-//W3C//DTD XHTML 1.0 Transitional//EN"
    "http://www.w3.org/TR/xhtml1/DTD/xhtml1-transitional.dtd">
<html xmlns="http://www.w3.org/1999/xhtml" xml:lang="en" lang="en">
 <head>
  <title>
</title>
<meta http-equiv="Content-Type" content="text/html;charset=utf-8" />
  <meta name='ocr-system' content='tesseract 3.04.00' />
  <meta name='ocr-capabilities' content='ocr_page ocr_carea ocr_par ocr_line ocrx_word'/>
</head>
<body>
  <div class='ocr_page' id='page_1' title='image "./hermannivenemai05venegoog_0425.png"; bbox 0 0 3609 5500; ppageno 0'>
   <div class='ocr_carea' id='block_1_1' title="bbox 609 702 1403 821">
    <p class='ocr_par' dir='ltr' id='par_1_1' title="bbox 609 702 1403 821">
     <span class='ocr_line' id='line_1_1' title="bbox 609 702 1403 821; baseline 0.008 -20"><span class='ocrx_word' id='word_1_1' title='bbox 609 702 612 709; x_wconf 61' lang='grc'><strong>’</strong></span> <span class='ocrx_word' id='word_1_2' title='bbox 702 718 891 803; x_wconf 70' lang='lat' dir='ltr'>Seruili.</span> <span class='ocrx_word' id='word_1_3' title='bbox 1327 748 1403 821; x_wconf 74' lang='lat'>42¹.</span> 
     </span>
    </p>
   </div>
   <div class='ocr_carea' id='block_1_2' title="bbox 180 902 1399 3774">
    <p class='ocr_par' dir='ltr' id='par_1_2' title="bbox 180 902 1399 3774">
     <span class='ocr_line' id='line_1_2' title="bbox 183 902 1399 1003; baseline 0.007 -26"><span class='ocrx_word' id='word_1_4' title='bbox 183 907 282 1002; x_wconf 56' lang='grc' dir='ltr'>βων,</span> <span class='ocrx_word' id='word_1_5' title='bbox 307 904 438 1001; x_wconf 50' lang='lat' dir='ltr'>Quam</span> <span class='ocrx_word' id='word_1_6' title='bbox 451 904 562 1001; x_wconf 78' lang='lat' dir='ltr'>pilium</span> <span class='ocrx_word' id='word_1_7' title='bbox 584 908 702 981; x_wconf 80' lang='lat' dir='ltr'>mentis</span> <span class='ocrx_word' id='word_1_8' title='bbox 722 909 796 983; x_wconf 82' lang='lat' dir='ltr'>acie</span> <span class='ocrx_word' id='word_1_9' title='bbox 822 902 1055 997; x_wconf 75' lang='lat' dir='ltr'>conflictatum</span> <span class='ocrx_word' id='word_1_10' title='bbox 1073 920 1112 979; x_wconf 88' lang='lat' dir='ltr'>et</span> <span class='ocrx_word' id='word_1_11' title='bbox 1127 904 1372 1003; x_wconf 74' lang='lat' dir='ltr'><em>inseparabilem</em></span> <span class='ocrx_word' id='word_1_12' title='bbox 1384 960 1399 1003; x_wconf 88' lang='lat'><em>‚</em></span> 
     </span>
     <span class='ocr_line' id='line_1_3' title="bbox 187 1000 1398 1099; baseline 0.003 -22"><span class='ocrx_word' id='word_1_13' title='bbox 187 1002 285 1077; x_wconf 74' lang='lat' dir='ltr'>uideri</span> <span class='ocrx_word' id='word_1_14' title='bbox 307 1000 425 1098; x_wconf 87' lang='lat' dir='ltr'>potest</span> <span class='ocrx_word' id='word_1_15' title='bbox 448 1002 642 1077; x_wconf 88' lang='lat' dir='ltr'>indicatum</span> <span class='ocrx_word' id='word_1_16' title='bbox 665 1004 777 1091; x_wconf 82' lang='lat' dir='ltr'>veile,</span> <span class='ocrx_word' id='word_1_17' title='bbox 792 1000 977 1099; x_wconf 81' lang='lat' dir='ltr'>sermonem</span> <span class='ocrx_word' id='word_1_18' title='bbox 1002 1024 1075 1075; x_wconf 91' lang='lat' dir='ltr'>non</span> <span class='ocrx_word' id='word_1_19' title='bbox 1099 1000 1190 1093; x_wconf 77' lang='lat' dir='ltr'>ene,</span> <span class='ocrx_word' id='word_1_20' title='bbox 1207 1003 1398 1081; x_wconf 87' lang='lat' dir='ltr'>secundum</span> 
     </span>
     <span class='ocr_line' id='line_1_4' title="bbox 189 1095 1399 1193; baseline 0.007 -26"><span class='ocrx_word' id='word_1_21' title='bbox 189 1098 370 1193; x_wconf 82' lang='lat' dir='ltr'>propriam</span> <span class='ocrx_word' id='word_1_22' title='bbox 386 1096 487 1171; x_wconf 85' lang='lat' dir='ltr'>votis</span> <span class='ocrx_word' id='word_1_23' title='bbox 501 1097 598 1187; x_wconf 90' lang='lat' dir='ltr'>vim,</span> <span class='ocrx_word' id='word_1_24' title='bbox 625 1095 1023 1186; x_wconf 86' lang='lat' dir='ltr'>substantialemfilium,</span> <span class='ocrx_word' id='word_1_25' title='bbox 1046 1095 1105 1170; x_wconf 88' lang='lat' dir='ltr'>sed</span> <span class='ocrx_word' id='word_1_26' title='bbox 1122 1120 1211 1193; x_wconf 87' lang='lat' dir='ltr'>opus</span> <span class='ocrx_word' id='word_1_27' title='bbox 1220 1098 1289 1173; x_wconf 83' lang='lat' dir='ltr'>eiie</span> <span class='ocrx_word' id='word_1_28' title='bbox 1308 1104 1399 1187; x_wconf 70' lang='lat' dir='ltr'>roim</span> 
     </span>
     <span class='ocr_line' id='line_1_5' title="bbox 186 1191 1395 1293; baseline 0.005 -28"><span class='ocrx_word' id='word_1_29' title='bbox 186 1202 300 1267; x_wconf 79' lang='lat' dir='ltr'>mentis</span> <span class='ocrx_word' id='word_1_30' title='bbox 321 1195 518 1283; x_wconf 80' lang='lat' dir='ltr'>intentione,</span> <span class='ocrx_word' id='word_1_31' title='bbox 541 1211 581 1267; x_wconf 93' lang='lat' dir='ltr'>ut</span> <span class='ocrx_word' id='word_1_32' title='bbox 601 1192 798 1269; x_wconf 87' lang='lat' dir='ltr'>sermonem</span> <span class='ocrx_word' id='word_1_33' title='bbox 822 1210 984 1289; x_wconf 85' lang='lat' dir='ltr'><strong>tanquam</strong></span> <span class='ocrx_word' id='word_1_34' title='bbox 999 1192 1109 1267; x_wconf 79' lang='lat' dir='ltr'>filium</span> <span class='ocrx_word' id='word_1_35' title='bbox 1127 1191 1200 1266; x_wconf 91' lang='lat' dir='ltr'>Dei</span> <span class='ocrx_word' id='word_1_36' title='bbox 1218 1197 1395 1293; x_wconf 87' lang='lat' dir='ltr'>percipia-</span> 
     </span>
     <span class='ocr_line' id='line_1_6' title="bbox 180 1287 1394 1389; baseline 0.007 -30"><span class='ocrx_word' id='word_1_37' title='bbox 180 1308 264 1360; x_wconf 83' lang='lat' dir='ltr'>mur.</span> <span class='ocrx_word' id='word_1_38' title='bbox 319 1310 356 1363; x_wconf 85' lang='lat'>2.</span> <span class='ocrx_word' id='word_1_39' title='bbox 382 1287 556 1386; x_wconf 82' lang='lat' dir='ltr'>Agnoscit</span> <span class='ocrx_word' id='word_1_40' title='bbox 572 1296 667 1365; x_wconf 70' lang='lat' dir='ltr'>hmo</span> <span class='ocrx_word' id='word_1_41' title='bbox 691 1300 744 1366; x_wconf 73' lang='lat' dir='ltr'>ui</span> <span class='ocrx_word' id='word_1_42' title='bbox 767 1288 907 1389; x_wconf 66' lang='lat' dir='ltr'>troium</span> <span class='ocrx_word' id='word_1_43' title='bbox 923 1293 1083 1363; x_wconf 78' lang='lat' dir='ltr'>unitatem</span> <span class='ocrx_word' id='word_1_44' title='bbox 1103 1306 1141 1361; x_wconf 90' lang='lat' dir='ltr'>et</span> <span class='ocrx_word' id='word_1_45' title='bbox 1155 1287 1394 1385; x_wconf 77' lang='lat' dir='ltr'>diuerſstatem,</span> 
     </span>
     <span class='ocr_line' id='line_1_7' title="bbox 185 1382 1393 1484; baseline 0.007 -31"><span class='ocrx_word' id='word_1_46' title='bbox 185 1404 270 1479; x_wconf 85' lang='lat' dir='ltr'>quae</span> <span class='ocrx_word' id='word_1_47' title='bbox 294 1382 360 1459; x_wconf 80' lang='lat' dir='ltr'>vin</span> <span class='ocrx_word' id='word_1_48' title='bbox 386 1383 657 1478; x_wconf 81' lang='lat' dir='ltr'>dirimeretur,</span> <span class='ocrx_word' id='word_1_49' title='bbox 690 1387 809 1462; x_wconf 77' lang='lat' dir='ltr'>sisoia</span> <span class='ocrx_word' id='word_1_50' title='bbox 829 1388 978 1484; x_wconf 82' lang='lat' dir='ltr'>porentia</span> <span class='ocrx_word' id='word_1_51' title='bbox 1003 1383 1115 1459; x_wconf 85' lang='lat' dir='ltr'>Patris</span> <span class='ocrx_word' id='word_1_52' title='bbox 1149 1382 1237 1459; x_wconf 82' lang='lat' dir='ltr'>eiset</span> <span class='ocrx_word' id='word_1_53' title='bbox 1258 1385 1393 1480; x_wconf 84' lang='lat' dir='ltr'>sermo,</span> 
     </span>
     <span class='ocr_line' id='line_1_8' title="bbox 182 1476 1397 1577; baseline 0.006 -26"><span class='ocrx_word' id='word_1_54' title='bbox 182 1498 247 1551; x_wconf 87' lang='lat' dir='ltr'>uec</span> <span class='ocrx_word' id='word_1_55' title='bbox 292 1476 562 1553; x_wconf 82' lang='lat' dir='ltr'>substantialiter</span> <span class='ocrx_word' id='word_1_56' title='bbox 596 1480 801 1558; x_wconf 78' lang='lat' dir='ltr'>subsisteret.</span> <span class='ocrx_word' id='word_1_57' title='bbox 849 1506 884 1577; x_wconf 84' lang='lat'>3.</span> <span class='ocrx_word' id='word_1_58' title='bbox 907 1483 1045 1556; x_wconf 88' lang='lat' dir='ltr'>Patrem</span> <span class='ocrx_word' id='word_1_59' title='bbox 1079 1501 1158 1572; x_wconf 85' lang='lat' dir='ltr'>cum</span> <span class='ocrx_word' id='word_1_60' title='bbox 1198 1478 1288 1555; x_wconf 88' lang='lat' dir='ltr'>dicit</span> <span class='ocrx_word' id='word_1_61' title='bbox 1326 1480 1397 1558; x_wconf 83' lang='lat' dir='ltr'>effe</span> 
     </span>
     <span class='ocr_line' id='line_1_9' title="bbox 185 1573 1395 1685; baseline 0.002 -35"><span class='ocrx_word' id='word_1_62' title='bbox 185 1576 223 1655; x_wconf 91' lang='lat' dir='ltr'>iu</span> <span class='ocrx_word' id='word_1_63' title='bbox 248 1574 364 1665; x_wconf 81' lang='lat' dir='ltr'>Filio,</span> <span class='ocrx_word' id='word_1_64' title='bbox 389 1592 427 1647; x_wconf 88' lang='lat' dir='ltr'>et</span> <span class='ocrx_word' id='word_1_65' title='bbox 448 1573 545 1649; x_wconf 83' lang='lat' dir='ltr'>huuc</span> <span class='ocrx_word' id='word_1_66' title='bbox 567 1574 606 1649; x_wconf 92' lang='lat' dir='ltr'>in</span> <span class='ocrx_word' id='word_1_67' title='bbox 630 1579 731 1676; x_wconf 86' lang='lat' dir='ltr'>lpso,</span> <span class='ocrx_word' id='word_1_68' title='bbox 755 1574 1084 1665; x_wconf 22' lang='lat' dir='ltr'>essentias-videtur</span> <span class='ocrx_word' id='word_1_69' title='bbox 1100 1574 1297 1685; x_wconf 80' lang='lat' dir='ltr'>percepiiie</span> <span class='ocrx_word' id='word_1_70' title='bbox 1310 1576 1395 1677; x_wconf 69' lang='lat' dir='ltr'>pr07</span> 
     </span>
     <span class='ocr_line' id='line_1_10' title="bbox 186 1666 1394 1780; baseline 0.003 -37"><span class='ocrx_word' id='word_1_71' title='bbox 186 1680 296 1778; x_wconf 71' lang='lat' dir='ltr'>priam</span> <span class='ocrx_word' id='word_1_72' title='bbox 316 1670 490 1744; x_wconf 79' lang='lat' dir='ltr'>habentes</span> <span class='ocrx_word' id='word_1_73' title='bbox 511 1670 784 1764; x_wconf 64' lang='lat' dir='ltr'>subsistentiam</span> <span class='ocrx_word' id='word_1_74' title='bbox 809 1674 855 1746; x_wconf 92' lang='lat' dir='ltr'>de</span> <span class='ocrx_word' id='word_1_75' title='bbox 877 1670 1003 1780; x_wconf 75' lang='lat' dir='ltr'>quibua</span> <span class='ocrx_word' id='word_1_76' title='bbox 1023 1668 1121 1745; x_wconf 80' lang='lat' dir='ltr'>reue</span> <span class='ocrx_word' id='word_1_77' title='bbox 1145 1672 1296 1761; x_wconf 77' lang='lat' dir='ltr'>dicitur,</span> <span class='ocrx_word' id='word_1_78' title='bbox 1321 1666 1394 1747; x_wconf 79' lang='lat' dir='ltr'>effe</span> 
     </span>
     <span class='ocr_line' id='line_1_11' title="bbox 185 1756 1396 1873; baseline 0.004 -34"><span class='ocrx_word' id='word_1_79' title='bbox 185 1796 250 1873; x_wconf 81' lang='lat' dir='ltr'>per</span> <span class='ocrx_word' id='word_1_80' title='bbox 272 1763 498 1869; x_wconf 55' lang='lat' dir='ltr'>{principum</span> <span class='ocrx_word' id='word_1_81' title='bbox 532 1766 622 1865; x_wconf 81' lang='lat' dir='ltr'>inse</span> <span class='ocrx_word' id='word_1_82' title='bbox 646 1756 957 1858; x_wconf 56' lang='lat' dir='ltr'>invicem,&#39;1&#39;n1nus</span> <span class='ocrx_word' id='word_1_83' title='bbox 982 1784 1064 1863; x_wconf 79' lang='lat' dir='ltr'>apte</span> <span class='ocrx_word' id='word_1_84' title='bbox 1095 1764 1140 1838; x_wconf 86' lang='lat' dir='ltr'>de</span> <span class='ocrx_word' id='word_1_85' title='bbox 1173 1765 1330 1863; x_wconf 59' lang='lat' dir='ltr'>subjeiffl</span> <span class='ocrx_word' id='word_1_86' title='bbox 1356 1784 1396 1845; x_wconf 88' lang='lat' dir='ltr'>et</span> 
     </span>
     <span class='ocr_line' id='line_1_12' title="bbox 183 1858 1397 1958; baseline -0.004 -14"><span class='ocrx_word' id='word_1_87' title='bbox 183 1870 371 1945; x_wconf 89' lang='lat' dir='ltr'>adtributo.</span> <span class='ocrx_word' id='word_1_88' title='bbox 424 1862 480 1935; x_wconf 82' lang='lat' dir='ltr'>Ex</span> <span class='ocrx_word' id='word_1_89' title='bbox 506 1858 688 1958; x_wconf 80' lang='lat' dir='ltr'>disputatis</span> <span class='ocrx_word' id='word_1_90' title='bbox 714 1864 823 1938; x_wconf 75' lang='lat' dir='ltr'>tutius</span> <span class='ocrx_word' id='word_1_91' title='bbox 855 1862 1097 1954; x_wconf 89' lang='lat' dir='ltr'><strong>concluditur,</strong></span> <span class='ocrx_word' id='word_1_92' title='bbox 1137 1859 1207 1936; x_wconf 78' lang='lat' dir='ltr'>effe</span> <span class='ocrx_word' id='word_1_93' title='bbox 1238 1859 1397 1939; x_wconf 81' lang='lat' dir='ltr'>menteni</span> 
     </span>
     <span class='ocr_line' id='line_1_13' title="bbox 185 1955 1394 2057; baseline -0.002 -20"><span class='ocrx_word' id='word_1_94' title='bbox 185 1964 431 2057; x_wconf 72' lang='lat' dir='ltr'>Athenagorae</span> <span class='ocrx_word' id='word_1_95' title='bbox 460 1955 529 2031; x_wconf 88' lang='lat' dir='ltr'>hac</span> <span class='ocrx_word' id='word_1_96' title='bbox 555 1977 654 2056; x_wconf 91' lang='lat' dir='ltr'>parte</span> <span class='ocrx_word' id='word_1_97' title='bbox 678 1958 840 2050; x_wconf 88' lang='lat' dir='ltr'>dubiam,</span> <span class='ocrx_word' id='word_1_98' title='bbox 907 1958 1105 2049; x_wconf 88' lang='lat' dir='ltr'>raesertim,</span> <span class='ocrx_word' id='word_1_99' title='bbox 1148 1980 1230 2032; x_wconf 90' lang='lat' dir='ltr'>cum</span> <span class='ocrx_word' id='word_1_100' title='bbox 1264 1977 1302 2031; x_wconf 88' lang='lat' dir='ltr'>et</span> <span class='ocrx_word' id='word_1_101' title='bbox 1333 1958 1394 2053; x_wconf 81' lang='lat' dir='ltr'>alii</span> 
     </span>
     <span class='ocr_line' id='line_1_14' title="bbox 183 1982 904 2227; baseline -0.012 -91"><span class='ocrx_word' id='word_1_102' title='bbox 183 2061 359 2227; x_wconf 57' lang='lat' dir='ltr'>i&#39;etereg(i</span> <span class='ocrx_word' id='word_1_103' title='bbox 385 2050 682 2130; x_wconf 84' lang='lat' dir='ltr'>aSabeiliunismo</span> <span class='ocrx_word' id='word_1_104' title='bbox 704 2052 830 2145; x_wconf 78' lang='lat' dir='ltr'>alieni,</span> <span class='ocrx_word' id='word_1_105' title='bbox 861 1982 904 2127; x_wconf 78' lang='lat' dir='ltr'>sp</span> 
     </span>
     <span class='ocr_line' id='line_1_15' title="bbox 183 2171 1391 2235; baseline -0.012 -1"><span class='ocrx_word' id='word_1_106' title='bbox 183 2174 251 2235; x_wconf 83' lang='lat' dir='ltr'>unt</span> <span class='ocrx_word' id='word_1_107' title='bbox 270 2178 306 2228; x_wconf 88' lang='lat' dir='ltr'>m</span> <span class='ocrx_word' id='word_1_108' title='bbox 360 2171 393 2223; x_wconf 89' lang='lat' dir='ltr'>o.</span> <span class='ocrx_word' id='word_1_109' title='bbox 537 2180 543 2193; x_wconf 86' lang='lat'><strong>.</strong></span> <span class='ocrx_word' id='word_1_110' title='bbox 1388 2206 1391 2213; x_wconf 93' lang='lat'>.</span> 
     </span>
     <span class='ocr_line' id='line_1_16' title="bbox 225 2237 1395 2413; baseline 0 -90"><span class='ocrx_word' id='word_1_111' title='bbox 225 2249 255 2349; x_wconf 58' lang='grc' dir='ltr'>ᾖ.</span> <span class='ocrx_word' id='word_1_112' title='bbox 279 2243 416 2323; x_wconf 83' lang='lat' dir='ltr'>Lx1x.</span> <span class='ocrx_word' id='word_1_113' title='bbox 432 2242 508 2351; x_wconf 28' lang='lat' dir='ltr'>&#39;De</span> <span class='ocrx_word' id='word_1_114' title='bbox 533 2237 709 2338; x_wconf 84' lang='lat' dir='ltr'>Tatiano,</span> <span class='ocrx_word' id='word_1_115' title='bbox 732 2242 861 2413; x_wconf 58' lang='lat' dir='ltr'>pustini</span> <span class='ocrx_word' id='word_1_116' title='bbox 887 2246 1000 2320; x_wconf 89' lang='lat' dir='ltr'>Mart.</span> <span class='ocrx_word' id='word_1_117' title='bbox 1026 2242 1218 2341; x_wconf 82' lang='lat' dir='ltr'>discipulo,</span> <span class='ocrx_word' id='word_1_118' title='bbox 1244 2264 1283 2321; x_wconf 89' lang='lat' dir='ltr'>et</span> <span class='ocrx_word' id='word_1_119' title='bbox 1306 2238 1395 2345; x_wconf 78' lang='lat' dir='ltr'>ejus·</span> 
     </span>
     <span class='ocr_line' id='line_1_17' title="bbox 185 2336 1398 2439; baseline 0 -19"><span class='ocrx_word' id='word_1_120' title='bbox 185 2344 261 2420; x_wconf 83' lang='lat' dir='ltr'>dem</span> <span class='ocrx_word' id='word_1_121' title='bbox 285 2344 503 2429; x_wconf 79' lang='lat' dir='ltr'>sententiae,</span> <span class='ocrx_word' id='word_1_122' title='bbox 581 2338 656 2415; x_wconf 86' lang='lat' dir='ltr'>ueis</span> <span class='ocrx_word' id='word_1_123' title='bbox 685 2341 730 2416; x_wconf 91' lang='lat' dir='ltr'>de</span> <span class='ocrx_word' id='word_1_124' title='bbox 748 2364 868 2439; x_wconf 87' lang='lat' dir='ltr'>ungar.</span> <span class='ocrx_word' id='word_1_125' title='bbox 920 2336 1093 2414; x_wconf 88' lang='lat' dir='ltr'>Christum</span> <span class='ocrx_word' id='word_1_126' title='bbox 1116 2341 1186 2416; x_wconf 74' lang='lat' dir='ltr'>ene</span> <span class='ocrx_word' id='word_1_127' title='bbox 1211 2344 1328 2417; x_wconf 90' lang='lat' dir='ltr'>Deum</span> <span class='ocrx_word' id='word_1_128' title='bbox 1355 2343 1398 2421; x_wconf 87' lang='lat' dir='ltr'>in</span> 
     </span>
     <span class='ocr_line' id='line_1_18' title="bbox 185 2434 1395 2529; baseline -0.002 -14"><span class='ocrx_word' id='word_1_129' title='bbox 185 2460 267 2517; x_wconf 90' lang='lat' dir='ltr'>orat.</span> <span class='ocrx_word' id='word_1_130' title='bbox 283 2440 328 2514; x_wconf 88' lang='lat' dir='ltr'>ad</span> <span class='ocrx_word' id='word_1_131' title='bbox 347 2436 505 2509; x_wconf 83' lang='lat' dir='ltr'>Graecos</span> <span class='ocrx_word' id='word_1_132' title='bbox 544 2491 552 2510; x_wconf 92' lang='lat'><strong>.</strong></span> <span class='ocrx_word' id='word_1_133' title='bbox 571 2456 633 2529; x_wconf 82' lang='lat'>35.</span> <span class='ocrx_word' id='word_1_134' title='bbox 657 2454 695 2510; x_wconf 92' lang='lat' dir='ltr'>et</span> <span class='ocrx_word' id='word_1_135' title='bbox 710 2436 812 2527; x_wconf 89' lang='lat' dir='ltr'>alibi,</span> <span class='ocrx_word' id='word_1_136' title='bbox 838 2436 967 2513; x_wconf 87' lang='lat' dir='ltr'>diserte</span> <span class='ocrx_word' id='word_1_137' title='bbox 984 2434 1194 2528; x_wconf 83' lang='lat' dir='ltr'>confitetur,</span> <span class='ocrx_word' id='word_1_138' title='bbox 1218 2437 1279 2513; x_wconf 87' lang='lat' dir='ltr'>sed</span> <span class='ocrx_word' id='word_1_139' title='bbox 1294 2438 1395 2513; x_wconf 63' lang='lat' dir='ltr'>menss</span> 
     </span>
     <span class='ocr_line' id='line_1_19' title="bbox 184 2518 1395 2629; baseline 0 -18"><span class='ocrx_word' id='word_1_140' title='bbox 184 2552 254 2611; x_wconf 87' lang='lat' dir='ltr'>tem</span> <span class='ocrx_word' id='word_1_141' title='bbox 276 2534 322 2610; x_wconf 91' lang='lat' dir='ltr'>de</span> <span class='ocrx_word' id='word_1_142' title='bbox 346 2531 428 2627; x_wconf 68' lang='lat' dir='ltr'>atyn</span> <span class='ocrx_word' id='word_1_143' title='bbox 442 2526 602 2626; x_wconf 69' lang='lat' dir='ltr'>sunnonis</span> <span class='ocrx_word' id='word_1_144' title='bbox 626 2529 836 2621; x_wconf 87' lang='lat' dir='ltr'>divinitate,</span> <span class='ocrx_word' id='word_1_145' title='bbox 861 2549 900 2606; x_wconf 90' lang='lat' dir='ltr'>et</span> <span class='ocrx_word' id='word_1_146' title='bbox 915 2536 1145 2629; x_wconf 84' lang='lat' dir='ltr'>generatione</span> <span class='ocrx_word' id='word_1_147' title='bbox 1169 2553 1311 2619; x_wconf 85' lang='lat' dir='ltr'>aeterna</span> <span class='ocrx_word' id='word_1_148' title='bbox 1326 2518 1395 2611; x_wconf 79' lang='lat' dir='ltr'>cta-¹</span> 
     </span>
     <span class='ocr_line' id='line_1_20' title="bbox 189 2624 1395 2731; baseline 0.005 -33"><span class='ocrx_word' id='word_1_149' title='bbox 189 2628 304 2731; x_wconf 54' lang='grc' dir='ltr'>ἠως.</span> <span class='ocrx_word' id='word_1_150' title='bbox 332 2650 368 2723; x_wconf 84' lang='lat'>7,</span> <span class='ocrx_word' id='word_1_151' title='bbox 397 2633 431 2705; x_wconf 90' lang='lat'>8.</span> <span class='ocrx_word' id='word_1_152' title='bbox 456 2624 628 2722; x_wconf 81' lang='lat' dir='ltr'>exponit3</span> <span class='ocrx_word' id='word_1_153' title='bbox 653 2628 766 2719; x_wconf 89' lang='lat' dir='ltr'>uude,</span> <span class='ocrx_word' id='word_1_154' title='bbox 791 2626 1061 2709; x_wconf 82' lang='lat' dir='ltr'>omnibusinter</span> <span class='ocrx_word' id='word_1_155' title='bbox 1079 2628 1277 2719; x_wconf 78' lang='lat' dir='ltr'>secoliatia,</span> <span class='ocrx_word' id='word_1_156' title='bbox 1302 2630 1395 2705; x_wconf 85' lang='lat' dir='ltr'>hant</span> 
     </span>
     <span class='ocr_line' id='line_1_21' title="bbox 184 2718 1394 2820; baseline -0.001 -19"><span class='ocrx_word' id='word_1_157' title='bbox 184 2722 325 2803; x_wconf 85' lang='lat' dir='ltr'>Tatiani</span> <span class='ocrx_word' id='word_1_158' title='bbox 375 2718 479 2797; x_wconf 77' lang='lat' dir='ltr'>suffe</span> <span class='ocrx_word' id='word_1_159' title='bbox 511 2739 694 2814; x_wconf 86' lang='lat' dir='ltr'>mentem,</span> <span class='ocrx_word' id='word_1_160' title='bbox 742 2724 833 2798; x_wconf 84' lang='lat' dir='ltr'>clare</span> <span class='ocrx_word' id='word_1_161' title='bbox 871 2721 958 2796; x_wconf 90' lang='lat' dir='ltr'>mihi</span> <span class='ocrx_word' id='word_1_162' title='bbox 998 2720 1211 2820; x_wconf 81' lang='lat' dir='ltr'>perspexiffe</span> <span class='ocrx_word' id='word_1_163' title='bbox 1257 2724 1394 2801; x_wconf 76' lang='lat' dir='ltr'>videor.</span> 
     </span>
     <span class='ocr_line' id='line_1_22' title="bbox 185 2816 1395 2916; baseline -0.005 -20"><span class='ocrx_word' id='word_1_164' title='bbox 185 2843 219 2896; x_wconf 86' lang='lat'>1.</span> <span class='ocrx_word' id='word_1_165' title='bbox 241 2824 424 2896; x_wconf 71' lang='lat' dir='ltr'>Simonem</span> <span class='ocrx_word' id='word_1_166' title='bbox 452 2816 632 2912; x_wconf 88' lang='lat' dir='ltr'>proriam</span> <span class='ocrx_word' id='word_1_167' title='bbox 663 2840 738 2891; x_wconf 88' lang='lat' dir='ltr'>non</span> <span class='ocrx_word' id='word_1_168' title='bbox 775 2818 932 2903; x_wconf 72' lang='lat' dir='ltr'>habuisse</span> <span class='ocrx_word' id='word_1_169' title='bbox 962 2820 1005 2892; x_wconf 88' lang='lat' dir='ltr'>ab</span> <span class='ocrx_word' id='word_1_170' title='bbox 1044 2818 1151 2908; x_wconf 41' lang='lat' dir='ltr'>omni,</span> <span class='ocrx_word' id='word_1_171' title='bbox 1183 2818 1395 2916; x_wconf 75' lang='lat' dir='ltr'>aeternitate</span> 
     </span>
     <span class='ocr_line' id='line_1_23' title="bbox 185 2907 1393 3021; baseline -0.003 -31"><span class='ocrx_word' id='word_1_172' title='bbox 185 2915 450 3001; x_wconf 79' lang='lat' dir='ltr'>subfistentiam,</span> <span class='ocrx_word' id='word_1_173' title='bbox 475 2911 509 2986; x_wconf 87' lang='lat' dir='ltr'>se</span> <span class='ocrx_word' id='word_1_174' title='bbox 551 2912 659 3021; x_wconf 86' lang='lat' dir='ltr'>ipsam</span> <span class='ocrx_word' id='word_1_175' title='bbox 677 2910 788 2987; x_wconf 79' lang='lat' dir='ltr'>Patris</span> <span class='ocrx_word' id='word_1_176' title='bbox 803 2911 903 2986; x_wconf 85' lang='lat' dir='ltr'>fuiffe</span> <span class='ocrx_word' id='word_1_177' title='bbox 919 2913 1113 3000; x_wconf 84' lang='lat' dir='ltr'>rationem,</span> <span class='ocrx_word' id='word_1_178' title='bbox 1137 2911 1187 2984; x_wconf 88' lang='lat' dir='ltr'>ita</span> <span class='ocrx_word' id='word_1_179' title='bbox 1213 2930 1254 2987; x_wconf 93' lang='lat' dir='ltr'>ut</span> <span class='ocrx_word' id='word_1_180' title='bbox 1269 2907 1393 3008; x_wconf 62' lang='lat' dir='ltr'>irripere</span> 
     </span>
     <span class='ocr_line' id='line_1_24' title="bbox 189 3003 1393 3115; baseline -0.002 -28"><span class='ocrx_word' id='word_1_181' title='bbox 189 3009 387 3106; x_wconf 68' lang='lat' dir='ltr'>exilientium</span> <span class='ocrx_word' id='word_1_182' title='bbox 426 3007 464 3080; x_wconf 91' lang='lat' dir='ltr'>iu</span> <span class='ocrx_word' id='word_1_183' title='bbox 504 3006 666 3082; x_wconf 77' lang='lat' dir='ltr'>rationali</span> <span class='ocrx_word' id='word_1_184' title='bbox 703 3025 837 3082; x_wconf 90' lang='lat' dir='ltr'>tantum</span> <span class='ocrx_word' id='word_1_185' title='bbox 869 3006 980 3080; x_wconf 86' lang='lat' dir='ltr'>Patris</span> <span class='ocrx_word' id='word_1_186' title='bbox 1018 3003 1180 3082; x_wconf 88' lang='lat' dir='ltr'>habuerit</span> <span class='ocrx_word' id='word_1_187' title='bbox 1218 3011 1393 3115; x_wconf 87' lang='lat' dir='ltr'>potentia.</span> 
     </span>
     <span class='ocr_line' id='line_1_25' title="bbox 189 3098 1392 3203; baseline -0.003 -21"><span class='ocrx_word' id='word_1_188' title='bbox 189 3103 384 3203; x_wconf 74' lang='lat' dir='ltr'>Antequam</span> <span class='ocrx_word' id='word_1_189' title='bbox 415 3099 511 3176; x_wconf 88' lang='lat' dir='ltr'>enirn</span> <span class='ocrx_word' id='word_1_190' title='bbox 538 3123 586 3177; x_wconf 84' lang='lat' dir='ltr'>ex</span> <span class='ocrx_word' id='word_1_191' title='bbox 615 3105 716 3176; x_wconf 86' lang='lat' dir='ltr'>Patre</span> <span class='ocrx_word' id='word_1_192' title='bbox 740 3101 914 3200; x_wconf 76' lang='lat' dir='ltr'>prosiliret</span> <span class='ocrx_word' id='word_1_193' title='bbox 930 3099 1061 3198; x_wconf 76' lang='lat' dir='ltr'>samu,</span> <span class='ocrx_word' id='word_1_194' title='bbox 1094 3098 1277 3178; x_wconf 82' lang='lat' dir='ltr'>substitrffe</span> <span class='ocrx_word' id='word_1_195' title='bbox 1290 3104 1392 3198; x_wconf 54' lang='lat' dir='ltr'>¹dicre</span> 
     </span>
     <span class='ocr_line' id='line_1_26' title="bbox 185 3195 1395 3300; baseline 0.002 -24"><span class='ocrx_word' id='word_1_196' title='bbox 185 3220 242 3276; x_wconf 91' lang='lat' dir='ltr'>tur</span> <span class='ocrx_word' id='word_1_197' title='bbox 270 3209 324 3280; x_wconf 66' lang='lat' dir='ltr'>im</span> <span class='ocrx_word' id='word_1_198' title='bbox 347 3195 469 3300; x_wconf 69' lang='lat' dir='ltr'>anystis</span> <span class='ocrx_word' id='word_1_199' title='bbox 498 3196 651 3298; x_wconf 68' lang='grc' dir='ltr'>δυνάμεως</span> <span class='ocrx_word' id='word_1_200' title='bbox 681 3201 717 3272; x_wconf 83' lang='lat' dir='ltr'>in</span> <span class='ocrx_word' id='word_1_201' title='bbox 748 3197 905 3282; x_wconf 79' lang='lat' dir='ltr'>rationali</span> <span class='ocrx_word' id='word_1_202' title='bbox 930 3203 1076 3294; x_wconf 80' lang='lat' dir='ltr'>potentia</span> <span class='ocrx_word' id='word_1_203' title='bbox 1103 3195 1225 3273; x_wconf 84' lang='lat' dir='ltr'>Patris.</span> <span class='ocrx_word' id='word_1_204' title='bbox 1271 3199 1395 3278; x_wconf 89' lang='lat' dir='ltr'>Verba</span> 
     </span>
     <span class='ocr_line' id='line_1_27' title="bbox 186 3293 1393 3395; baseline 0 -23"><span class='ocrx_word' id='word_1_205' title='bbox 186 3299 277 3375; x_wconf 86' lang='lat' dir='ltr'>euim</span> <span class='ocrx_word' id='word_1_206' title='bbox 299 3324 340 3375; x_wconf 87' lang='lat' dir='ltr'>ea</span> <span class='ocrx_word' id='word_1_207' title='bbox 363 3294 565 3392; x_wconf 88' lang='lat' dir='ltr'>neutiquam</span> <span class='ocrx_word' id='word_1_208' title='bbox 590 3294 808 3391; x_wconf 83' lang='lat' dir='ltr'>fignificant,</span> <span class='ocrx_word' id='word_1_209' title='bbox 840 3313 879 3368; x_wconf 92' lang='lat' dir='ltr'>ut</span> <span class='ocrx_word' id='word_1_210' title='bbox 903 3313 1068 3390; x_wconf 80' lang='lat' dir='ltr'>putatur,</span> <span class='ocrx_word' id='word_1_211' title='bbox 1109 3293 1305 3370; x_wconf 86' lang='lat' dir='ltr'>sermonem</span> <span class='ocrx_word' id='word_1_212' title='bbox 1329 3321 1393 3395; x_wconf 86' lang='lat' dir='ltr'>per</span> 
     </span>
     <span class='ocr_line' id='line_1_28' title="bbox 186 3381 1395 3494; baseline 0 -24"><span class='ocrx_word' id='word_1_213' title='bbox 186 3415 259 3470; x_wconf 75' lang='lat' dir='ltr'>tam</span> <span class='ocrx_word' id='word_1_214' title='bbox 281 3393 481 3494; x_wconf 87' lang='lat' dir='ltr'>potentiam</span> <span class='ocrx_word' id='word_1_215' title='bbox 507 3389 669 3488; x_wconf 86' lang='lat' dir='ltr'>genitum</span> <span class='ocrx_word' id='word_1_216' title='bbox 693 3381 881 3477; x_wconf 81' lang='lat' dir='ltr'>exstitiffe‚</span> <span class='ocrx_word' id='word_1_217' title='bbox 914 3413 996 3462; x_wconf 86' lang='lat' dir='ltr'>narn</span> <span class='ocrx_word' id='word_1_218' title='bbox 1021 3409 1102 3463; x_wconf 90' lang='lat' dir='ltr'>ante</span> <span class='ocrx_word' id='word_1_219' title='bbox 1129 3392 1395 3486; x_wconf 84' lang='lat' dir='ltr'>generationem</span> 
     </span>
     <span class='ocr_line' id='line_1_29' title="bbox 187 3475 1394 3584; baseline 0.002 -20"><span class='ocrx_word' id='word_1_220' title='bbox 187 3487 238 3564; x_wconf 91' lang='lat' dir='ltr'>ibi</span> <span class='ocrx_word' id='word_1_221' title='bbox 260 3489 457 3567; x_wconf 77' lang='lat' dir='ltr'>subsistebat</span> <span class='ocrx_word' id='word_1_222' title='bbox 479 3485 667 3560; x_wconf 85' lang='lat' dir='ltr'>seeundum</span> <span class='ocrx_word' id='word_1_223' title='bbox 694 3484 898 3574; x_wconf 88' lang='lat' dir='ltr'>Tatiauum,</span> <span class='ocrx_word' id='word_1_224' title='bbox 924 3505 1006 3578; x_wconf 82' lang='lat' dir='ltr'>cunr</span> <span class='ocrx_word' id='word_1_225' title='bbox 1031 3483 1151 3582; x_wconf 87' lang='lat' dir='ltr'>postea</span> <span class='ocrx_word' id='word_1_226' title='bbox 1175 3485 1313 3584; x_wconf 89' lang='lat' dir='ltr'>demum</span> <span class='ocrx_word' id='word_1_227' title='bbox 1331 3475 1394 3584; x_wconf 62' lang='lat' dir='ltr'>ge&#39;e</span> 
     </span>
     <span class='ocr_line' id='line_1_30' title="bbox 186 3575 1393 3678; baseline -0.002 -20"><span class='ocrx_word' id='word_1_228' title='bbox 186 3585 371 3662; x_wconf 77' lang='lat' dir='ltr'>iterationis</span> <span class='ocrx_word' id='word_1_229' title='bbox 395 3582 613 3656; x_wconf 87' lang='lat' dir='ltr'>mentionem</span> <span class='ocrx_word' id='word_1_230' title='bbox 640 3583 767 3670; x_wconf 85' lang='lat' dir='ltr'>faciat,</span> <span class='ocrx_word' id='word_1_231' title='bbox 801 3599 997 3678; x_wconf 75' lang='lat' dir='ltr'>praeterea,</span> <span class='ocrx_word' id='word_1_232' title='bbox 1008 3577 1194 3677; x_wconf 85' lang='lat' dir='ltr'>generatio</span> <span class='ocrx_word' id='word_1_233' title='bbox 1211 3578 1278 3676; x_wconf 83' lang='lat' dir='ltr'>lpfi</span> <span class='ocrx_word' id='word_1_234' title='bbox 1301 3575 1393 3673; x_wconf 62' lang='lat' dir='ltr'>faciei</span> 
     </span>
     <span class='ocr_line' id='line_1_31' title="bbox 186 3677 1394 3774; baseline -0.001 -21"><span class='ocrx_word' id='word_1_235' title='bbox 186 3678 332 3771; x_wconf 85' lang='lat' dir='ltr'>dicitur,</span> <span class='ocrx_word' id='word_1_236' title='bbox 357 3702 429 3754; x_wconf 90' lang='lat' dir='ltr'>non</span> <span class='ocrx_word' id='word_1_237' title='bbox 456 3678 513 3751; x_wconf 74' lang='lat' dir='ltr'>irai</span> <span class='ocrx_word' id='word_1_238' title='bbox 530 3697 603 3772; x_wconf 79' lang='lat' dir='ltr'>prr,</span> <span class='ocrx_word' id='word_1_239' title='bbox 630 3677 687 3752; x_wconf 86' lang='lat' dir='ltr'>sed</span> <span class='ocrx_word' id='word_1_240' title='bbox 710 3688 742 3749; x_wconf 75' lang='lat' dir='ltr'>ia</span> <span class='ocrx_word' id='word_1_241' title='bbox 763 3699 839 3773; x_wconf 74' lang='lat' dir='ltr'>aoy.</span> <span class='ocrx_word' id='word_1_242' title='bbox 866 3683 979 3773; x_wconf 65' lang='lat' dir='ltr'>mapa.</span> <span class='ocrx_word' id='word_1_243' title='bbox 1002 3702 1043 3750; x_wconf 82' lang='lat' dir='ltr'>en·</span> <span class='ocrx_word' id='word_1_244' title='bbox 1060 3679 1214 3750; x_wconf 81' lang='lat' dir='ltr'>rationali</span> <span class='ocrx_word' id='word_1_245' title='bbox 1225 3685 1394 3774; x_wconf 77' lang='lat' dir='ltr'>potentia,</span> 
     </span>
    </p>
   </div>
   <div class='ocr_carea' id='block_1_3' title="bbox 877 2051 1397 2131">
    <p class='ocr_par' dir='ltr' id='par_1_3' title="bbox 877 2051 1397 2131">
     <span class='ocr_line' id='line_1_32' title="bbox 877 2051 1397 2131; baseline 0.006 -3"><span class='ocrx_word' id='word_1_246' title='bbox 877 2051 1007 2131; x_wconf 89' lang='lat' dir='ltr'>ubinde</span> <span class='ocrx_word' id='word_1_247' title='bbox 1031 2054 1158 2131; x_wconf 89' lang='lat' dir='ltr'>eodem</span> <span class='ocrx_word' id='word_1_248' title='bbox 1181 2053 1292 2131; x_wconf 85' lang='lat' dir='ltr'>locuti</span> <span class='ocrx_word' id='word_1_249' title='bbox 1312 2053 1397 2131; x_wconf 76' lang='lat' dir='ltr'>‘fue-</span> 
     </span>
    </p>
   </div>
   <div class='ocr_carea' id='block_1_4' title="bbox 179 3771 1399 4352">
    <p class='ocr_par' dir='ltr' id='par_1_4' title="bbox 179 3771 1399 4352">
     <span class='ocr_line' id='line_1_33' title="bbox 184 3771 1396 3944; baseline -0.006 -86"><span class='ocrx_word' id='word_1_250' title='bbox 184 3774 214 3944; x_wconf 40' lang='grc' dir='ltr'>ἓ.</span> <span class='ocrx_word' id='word_1_251' title='bbox 242 3788 262 3858; x_wconf 92' lang='grc'><strong>8</strong></span> <span class='ocrx_word' id='word_1_252' title='bbox 287 3795 324 3853; x_wconf 89' lang='lat' dir='ltr'>et</span> <span class='ocrx_word' id='word_1_253' title='bbox 350 3801 407 3850; x_wconf 88' lang='lat'>10.</span> <span class='ocrx_word' id='word_1_254' title='bbox 459 3775 644 3870; x_wconf 84' lang='lat' dir='ltr'>Denique,</span> <span class='ocrx_word' id='word_1_255' title='bbox 676 3771 702 3846; x_wconf 79' lang='lat' dir='ltr'>fi</span> <span class='ocrx_word' id='word_1_256' title='bbox 730 3774 802 3870; x_wconf 88' lang='lat' dir='ltr'>jam</span> <span class='ocrx_word' id='word_1_257' title='bbox 825 3793 1010 3868; x_wconf 88' lang='lat' dir='ltr'>antequam</span> <span class='ocrx_word' id='word_1_258' title='bbox 1041 3771 1219 3868; x_wconf 76' lang='lat' dir='ltr'>prosiluit,</span> <span class='ocrx_word' id='word_1_259' title='bbox 1254 3775 1396 3869; x_wconf 80' lang='lat' dir='ltr'>genitus</span> 
     </span>
     <span class='ocr_line' id='line_1_34' title="bbox 202 3865 1399 3962; baseline 0.003 -18"><span class='ocrx_word' id='word_1_260' title='bbox 202 3871 300 3947; x_wconf 83' lang='lat' dir='ltr'>uiffet</span> <span class='ocrx_word' id='word_1_261' title='bbox 324 3871 457 3962; x_wconf 89' lang='lat' dir='ltr'>sermo,</span> <span class='ocrx_word' id='word_1_262' title='bbox 483 3869 574 3943; x_wconf 85' lang='lat' dir='ltr'>nulia</span> <span class='ocrx_word' id='word_1_263' title='bbox 600 3888 677 3944; x_wconf 86' lang='lat' dir='ltr'>erat</span> <span class='ocrx_word' id='word_1_264' title='bbox 698 3868 866 3942; x_wconf 90' lang='lat' dir='ltr'>monendi</span> <span class='ocrx_word' id='word_1_265' title='bbox 895 3868 1011 3958; x_wconf 77' lang='lat' dir='ltr'>ratio,</span> <span class='ocrx_word' id='word_1_266' title='bbox 1043 3869 1202 3958; x_wconf 85' lang='lat' dir='ltr'>Patrem,</span> <span class='ocrx_word' id='word_1_267' title='bbox 1236 3865 1399 3948; x_wconf 85' lang='lat' dir='ltr'>sermone</span> 
     </span>
     <span class='ocr_line' id='line_1_35' title="bbox 179 3960 1395 4062; baseline -0.002 -24"><span class='ocrx_word' id='word_1_268' title='bbox 179 3967 402 4062; x_wconf 89' lang='lat' dir='ltr'>prodeunte,</span> <span class='ocrx_word' id='word_1_269' title='bbox 442 3989 517 4040; x_wconf 92' lang='lat' dir='ltr'>non</span> <span class='ocrx_word' id='word_1_270' title='bbox 544 3963 613 4039; x_wconf 79' lang='lat' dir='ltr'>effe</span> <span class='ocrx_word' id='word_1_271' title='bbox 636 3971 763 4044; x_wconf 74' lang='lat' dir='ltr'>ratione</span> <span class='ocrx_word' id='word_1_272' title='bbox 786 3964 984 4060; x_wconf 86' lang='lat' dir='ltr'>priuatum,</span> <span class='ocrx_word' id='word_1_273' title='bbox 1025 3983 1064 4036; x_wconf 90' lang='lat' dir='ltr'>ut</span> <span class='ocrx_word' id='word_1_274' title='bbox 1091 3960 1176 4038; x_wconf 91' lang='lat' dir='ltr'>ibid.</span> <span class='ocrx_word' id='word_1_275' title='bbox 1212 3964 1395 4054; x_wconf 80' lang='lat' dir='ltr'>observat,</span> 
     </span>
     <span class='ocr_line' id='line_1_36' title="bbox 184 4055 1393 4158; baseline 0 -24"><span class='ocrx_word' id='word_1_276' title='bbox 184 4083 284 4151; x_wconf 87' lang='lat' dir='ltr'>cum,</span> <span class='ocrx_word' id='word_1_277' title='bbox 308 4063 496 4138; x_wconf 88' lang='lat' dir='ltr'>secundum</span> <span class='ocrx_word' id='word_1_278' title='bbox 513 4083 592 4133; x_wconf 88' lang='lat' dir='ltr'>eam</span> <span class='ocrx_word' id='word_1_279' title='bbox 609 4061 837 4158; x_wconf 85' lang='lat' dir='ltr'>opinionem,</span> <span class='ocrx_word' id='word_1_280' title='bbox 858 4083 930 4134; x_wconf 89' lang='lat' dir='ltr'>non</span> <span class='ocrx_word' id='word_1_281' title='bbox 957 4079 1041 4134; x_wconf 89' lang='lat' dir='ltr'>tunc</span> <span class='ocrx_word' id='word_1_282' title='bbox 1064 4055 1213 4144; x_wconf 81' lang='lat' dir='ltr'>primunr</span> <span class='ocrx_word' id='word_1_283' title='bbox 1239 4055 1393 4154; x_wconf 87' lang='lat' dir='ltr'>accepis·</span> 
     </span>
     <span class='ocr_line' id='line_1_37' title="bbox 180 4149 1397 4326; baseline -0.012 -86"><span class='ocrx_word' id='word_1_284' title='bbox 180 4155 252 4254; x_wconf 71' lang='lat' dir='ltr'>fet,</span> <span class='ocrx_word' id='word_1_285' title='bbox 275 4155 333 4236; x_wconf 87' lang='lat' dir='ltr'>sed</span> <span class='ocrx_word' id='word_1_286' title='bbox 350 4159 427 4258; x_wconf 81' lang='lat' dir='ltr'>jam</span> <span class='ocrx_word' id='word_1_287' title='bbox 443 4176 550 4236; x_wconf 88' lang='lat' dir='ltr'>antea</span> <span class='ocrx_word' id='word_1_288' title='bbox 572 4157 617 4237; x_wconf 80' lang='lat' dir='ltr'>ab</span> <span class='ocrx_word' id='word_1_289' title='bbox 642 4175 790 4326; x_wconf 61' lang='lat' dir='ltr'>aetergo</span> <span class='ocrx_word' id='word_1_290' title='bbox 815 4153 986 4262; x_wconf 81' lang='lat' dir='ltr'>habuiffet</span> <span class='ocrx_word' id='word_1_291' title='bbox 1006 4149 1397 4266; x_wconf 60' lang='lat' dir='ltr'>iaripzofuifistentiuat&#39;,</span> 
     </span>
     <span class='ocr_line' id='line_1_38' title="bbox 199 4265 1397 4352; baseline -0.004 0"><span class='ocrx_word' id='word_1_292' title='bbox 199 4283 203 4291; x_wconf 88' lang='lat'>&#39;</span> <span class='ocrx_word' id='word_1_293' title='bbox 335 4309 341 4314; x_wconf 97' lang='lat'>·</span> <span class='ocrx_word' id='word_1_294' title='bbox 558 4265 564 4275; x_wconf 51' lang='lat'><em>⁶</em></span> <span class='ocrx_word' id='word_1_295' title='bbox 778 4273 884 4352; x_wconf 71' lang='lat'>383</span> <span class='ocrx_word' id='word_1_296' title='bbox 981 4281 984 4288; x_wconf 86' lang='lat'>&#39;</span> <span class='ocrx_word' id='word_1_297' title='bbox 1264 4267 1397 4347; x_wconf 63' lang='lat' dir='ltr'>‘impl&#39;e</span> 
     </span>
    </p>
   </div>
   <div class='ocr_carea' id='block_1_5' title="bbox 0 0 1810 5500">
    <p class='ocr_par' dir='ltr' id='par_1_5' title="bbox 0 0 1810 5500">
     <span class='ocr_line' id='line_1_39' title="bbox 0 0 1810 5500; baseline 0 0"><span class='ocrx_word' id='word_1_298' title='bbox 0 0 1810 5500; x_wconf 95' lang='lat' dir='ltr'> </span> 
     </span>
    </p>
   </div>
  </div>
 </body>
</html>
