3609 5500
617 633 622 649 ⁶
744 653 852 739 Serui.
877 653 931 739 tl.
1378 618 1459 765 'app'¹

229 838 369 941 corporis
395 835 524 913 Christi
556 836 807 932 constituatur,
846 861 1029 937 praeterea
1050 838 1178 917 diserte
1203 840 1296 933 dici,
1326 858 1448 939 panem

226 944 357 1016 eodem
383 938 489 1011 modo
511 934 632 1009 vocari
659 959 787 1033 corpus
812 937 962 1028 Christi,
988 961 1058 1036 quo
1081 937 1192 1035 ipsum
1217 940 1291 1035 ejus
1317 960 1443 1037 corpur.

224 1037 330 1113 Unio
353 1032 471 1129 itaque
494 1050 637 1128 oportet
653 1032 868 1130 intelligatur
892 1034 969 1108 fere
998 1034 1143 1125 eadem,
1177 1032 1228 1109 ita
1253 1056 1291 1109 ut
1314 1060 1444 1133 panem

227 1130 483 1227 occupaverit3
508 1149 588 1201 cum
612 1127 768 1225 alioquin
789 1129 897 1204 simile
924 1152 995 1205 non
1020 1131 1213 1224 quadraret.
1264 1133 1440 1226 Accedit,

224 1230 302 1305 illas
324 1224 484 1322 phrases,
525 1248 600 1297 caro
611 1222 731 1315 fallar
756 1224 803 1322 ast
824 1227 958 1319 sermo,
991 1245 1028 1300 et
1041 1226 1099 1301 lroc
1116 1225 1164 1322 cst
1187 1245 1298 1321 carpus
1316 1252 1441 1321 mrum,

224 1322 464 1421 aequipollere
485 1320 583 1416 apud
599 1318 685 1414 Just.
710 1322 790 1411 Μ.,
816 1341 856 1395 ut
881 1346 927 1397 ex
951 1342 1053 1397 textu
1068 1341 1187 1418 patet:
1211 1346 1278 1419 qua
1303 1324 1443 1399 ratione

224 1422 347 1519 itaque
370 1441 446 1493 raro
470 1415 601 1490 dicitur
622 1418 713 1489 uerbi
737 1436 869 1512 corpur,
894 1437 1028 1493 etcum
1052 1423 1147 1492 rerba
1164 1418 1358 1510 unitaest,
1382 1444 1441 1495 ea·

223 1518 313 1606 dem⁸
334 1514 443 1589 etiam
461 1515 559 1609 panis
588 1531 667 1585 cum
691 1510 787 1587 rr‘rbo
818 1514 1027 1611 conjuncius
1066 1513 1295 1589 constituitur
1327 1535 1442 1611 corpur

219 1608 382 1783 dChristi,
421 1628 595 1708 quatenus
630 1607 728 1683 idem
752 1608 896 1707 spiritur
928 1630 965 1685 et
989 1632 1121 1688 caruem
1153 1630 1192 1688 et
1218 1629 1339 1706 parram
1362 1612 1446 1711 inst·

247 1728 295 1786 et.
1437 1774 1441 1787 .

270 1804 302 1905 5.
326 1802 478 1878 CXVII.
510 1802 568 1876 De
590 1802 727 1877 Irenaei
750 1800 910 1879 doctrina
929 1801 1102 1900 judicium
1127 1800 1439 1891 estfereadumex

220 1901 357 1980 duobus
378 1895 484 1987 locis,
510 1898 626 1971 secum
641 1900 797 1992 collatis,
827 1900 907 1975 adv.
933 1903 1028 1974 haer.
1054 1900 1075 1977 l.
1099 1902 1168 1978 IV:
1197 1906 1252 1979 18.
1278 1920 1315 1973 et
1338 1902 1360 1975 l.
1387 1902 1441 1979 V.

221 2024 259 2074 c.
287 2018 319 2070 a.
343 2016 429 2093 quae
453 2017 500 2068 eo
525 2011 658 2068 tantum
681 1996 790 2092 scopo
813 1995 1060 2086 confiderabo,
1092 2018 1132 2071 ut
1157 1994 1283 2074 thesros
1301 1994 1440 2071 nolhae

222 2089 356 2170 veritas
379 2089 417 2163 in
445 2090 561 2165 locem
586 2091 746 2187 prodeat.
791 2091 913 2166 Priore
936 2092 1016 2165 loco
1044 2094 1083 2167 in
1108 2088 1246 2179 coest,
1278 2088 1310 2189 5.
1337 2114 1372 2182 5.
1397 2110 1440 2165 ut

219 2186 465 2286 'resurrectionis
488 2182 624 2259 nostrae
651 2186 757 2260 iidem
788 2206 913 2263 contra
938 2184 1127 2261 Gnosticos
1150 2188 1366 2261 demonstret
1391 2209 1437 2261 ex

219 2280 448 2371 eucharistia,
487 2280 647 2369 hirmino
672 2280 800 2358 verbis.
848 2283 1031 2381 offerimur
1057 2286 1141 2356 raim
1169 2285 1218 2373 ei,
1258 2280 1439 2379 quaesunt

217 2386 313 2479 ejus,
330 2392 556 2473 congruenter,
572 2382 816 2451 communionem
826 2398 860 2453 rt
877 2382 1033 2453 unitatem
1047 2381 1300 2469 adnunciantes,
1320 2394 1351 2450 ct
1361 2404 1436 2453 car·

217 2480 276 2553 mir
300 2501 339 2550 at
354 2473 497 2571 spiritur
527 2471 787 2569 resarrciiioncm
817 2476 1026 2572 confitentes:
1067 2480 1324 2571 quenadmodum
1356 2482 1443 2549 cuim

216 2575 274 2671 qui
297 2569 345 2668 eli
367 2594 385 2643 c
409 2587 499 2641 terra
516 2574 633 2665 panis,
678 2573 836 2665 crcipicns
859 2575 1072 2647 evocationem
1097 2573 1165 2645 Dei
1173 2627 1184 2663 ,
1219 2596 1279 2657 nau
1296 2575 1439 2665 anplius

217 2669 392 2742 communis
409 2667 510 2760 panis
531 2661 597 2762 est,
627 2590 694 2762 βό
714 2667 908 2764 caclrariflia
939 2692 957 2739 e
985 2669 1110 2739 duabus
1141 2672 1235 2741 relus
1267 2666 1438 2762 constans,

213 2761 366 2859 'terrestri
389 2776 421 2832 ct
443 2763 590 2861 coelesti,
620 2765 671 2836 ita
694 2777 727 2835 et
750 2783 881 2857 corpora
903 2760 1012 2858 uojira
1032 2767 1246 2854 percipientia
1270 2761 1436 2854 eucharis·

217 2864 326 2947 riom,
363 2859 438 2954 jam
460 2881 519 2932 uon
535 2857 619 2955 suut
644 2862 887 2954 corruptibilia,
896 2861 991 2954 spem
1007 2855 1245 2952 resurrriiionir
1267 2857 1435 2934 labentia.

217 2957 324 3052 Quae
346 2953 559 3049 comparatio
576 2972 634 3045 ut,
659 2955 771 3030 menti
786 2957 923 3028 irenaei
942 2970 1199 3046 congruenter,
1223 2948 1434 3045 illustretur,

213 3054 288 3128 hae
309 3048 441 3125 ratione
465 3049 517 3123 est
539 3050 764 3146 explicanda:
799 3049 889 3143 staur
910 3055 943 3122 ia
967 3065 1053 3142 panc
1083 3045 1135 3120 est
1167 3071 1218 3119 res
1249 3043 1433 3142 terrestris,

211 3151 276 3229 seu
299 3145 374 3243 iple
400 3143 518 3244 pauit,
544 3163 581 3219 et
607 3144 769 3244 coelestis,
795 3143 957 3243 quaeest
982 3143 1038 3218 vis
1060 3161 1098 3215 et
1114 3141 1300 3217 substantia
1319 3145 1436 3224 curis-

209 3245 244 3321 ti
269 3243 412 3332 divina,
454 3242 506 3314 ita
526 3263 676 3339 corpora
697 3241 812 3317 nostra
837 3238 1099 3328 eucharistiam,
1140 3262 1185 3312 err
1211 3240 1342 3314 duabus
1365 3241 1433 3316 illie

207 3337 372 3441 partibus
387 3335 626 3427 constantem,
667 3337 908 3435 articipantia,
924 3356 1064 3434 praeter
1081 3339 1309 3430 corruptibile,
1330 3337 1427 3435 quod

212 3459 293 3510 carr
317 3431 391 3524 est,
416 3433 547 3506 habent
570 3436 738 3506 inmortale
760 3433 995 3531 principium,
1027 3431 1065 3506 in
1089 3431 1128 3506 vi
1153 3433 1210 3506 illa
1235 3431 1355 3504 divina
1373 3457 1435 3508 eu·

213 3527 404 3607 charistiae
435 3527 558 3619 satum,
601 3553 709 3626 quae,
759 3554 885 3626 corpus
923 3549 1120 3634 occupans,
1168 3525 1440 3622 incorruptibile

213 3649 299 3703 cum
331 3649 376 3698 eo
406 3623 643 3699 communicat
676 3625 902 3722 principium.
961 3625 1027 3696 Cur
1068 3619 1364 3718 argumentationi
1397 3641 1437 3696 ut

202 3718 345 3820 aliquid
369 3719 572 3796 infundatur
596 3719 685 3794 lucis
711 3744 743 3796 r.
768 3719 959 3792 notandum
984 3715 1054 3804 est,
1080 3717 1117 3790 in
1144 3715 1354 3792 eucharistia
1371 3717 1433 3792 du·

201 3843 250 3897 as
273 3817 376 3893 statui
402 3819 458 3892 res'
484 3814 577 3890 arole
600 3817 732 3907 unitas,
757 3812 938 3910 terrestrem
952 3831 984 3887 rt
1007 3811 1187 3909 coelestem,
1212 3835 1353 3908 quatum
1376 3816 1437 3886 illa

203 3914 265 3992 est
288 3916 385 4012 panis
411 3913 508 4010 ipse,
536 3935 640 4008 quem
660 3913 745 3986 ideo
760 3911 798 3985 in
821 3911 973 4007 praeced
998 3910 1186 4002 adpellavir
1211 3911 1273 3982 dal
1304 3919 1358 4002 uir
1382 3917 1402 3980 ἁ
1426 3949 1437 3966 ·

203 4045 261 4089 τον
280 4031 400 4110 pancm
424 4025 571 4095 eterra,
596 4009 675 4082 laec
698 4031 809 4098 vero,
828 4007 889 4080 seu
909 4028 964 4082 res
985 4001 1141 4100 carlistis,
1168 4003 1289 4078 divina
1306 4005 1389 4075 Clrri
1424 4006 1433 4021 '

203 4129 336 4190 natura
345 4129 359 4199 3
383 4104 437 4182 uti
464 4127 510 4182 ex
532 4100 607 4200 ipsa
629 4104 805 4274 pericopg
829 4103 1028 4179 luculenter
1052 4119 1172 4200 patet:
1197 4121 1323 4265 panppp
1342 4097 1438 4174 enim

813 4219 910 4295 003
1251 4215 1272 4266 a
1312 4205 1434 4270 umere
