3609 5500
692 764 823 846 aeaut
848 764 880 841 1.
1084 866 1087 883 ι
1343 778 1425 865 231

172 941 432 1019 stbismatibus
454 942 492 1018 in
523 940 674 1021 historia
710 940 961 1023 conscribenda
986 964 1148 1043 agemus:
1189 942 1244 1021 uti
1270 942 1415 1023 historia

169 1064 289 1131 ctrm,
316 1040 455 1136 qualem
478 1042 541 1115 hic
564 1042 753 1137 praefero,
775 1044 894 1117 decet.

221 1136 262 1234 §-
290 1138 402 1209 CCH.
438 1138 696 1229 Haereses,.in
721 1139 855 1237 Script.
881 1139 916 1213 S.
944 1154 1180 1225 memoratae,
1214 1155 1286 1213 tres
1311 1138 1410 1233 sunt,

168 1257 247 1305 una
267 1234 448 1306 assenarica
466 1235 598 1332 magis,
626 1236 716 1312 duae
732 1236 888 1332 reliquae
901 1239 1088 1330 practicae,
1116 1232 1188 1305 slve
1205 1235 1299 1309 circa
1322 1234 1413 1309 ritus

170 1326 396 1424 religiosos,
437 1328 512 1403 sive
543 1330 640 1409 circa
663 1334 773 1405 vitam
799 1350 838 1405 et
861 1354 998 1406 mores:
1032 1352 1116 1427 quas
1139 1351 1241 1421 cum,
1272 1348 1413 1427 praeter

171 1426 293 1513 aiios,
321 1421 545 1497 illustraverit
571 1430 612 1501 C.
638 1426 808 1525 Vittinga
834 1428 917 1502 Obs.
943 1428 978 1499 S.
1005 1427 1028 1501 Ι.
1053 1426 1123 1499 IV.
1150 1428 1332 1501 breviores
1349 1424 1411 1499 hic

169 1520 329 1594 crimus.
379 1520 493 1595 Prima
510 1521 580 1595 suit
605 1521 701 1600 circa
715 1522 867 1619 capitale
889 1522 1017 1619 dogma
1033 1518 1299 1599 resurresiionis
1316 1540 1410 1595 mor·

172 1635 331 1689 tuorum
354 1615 509 1704 versata,
534 1636 573 1693 et
596 1616 635 1691 in
658 1618 813 1709 costa,
847 1620 941 1715 quod
967 1638 1107 1691 omnem
1158 1620 1411 1715 uaierncuuque

171 1734 310 1786 eorum
326 1709 627 1787 resuscitationem
644 1712 851 1812 negaverit,
872 1737 978 1882 quatu
992 1714 1072 1884 qam
1091 1640 1236 1806 faiam,
1263 1736 1337 1791 non
1353 1714 1409 1787 fu·
1472 1744 1475 1751 ¹

178 1828 323 1893 rorata,
350 1804 421 1881 esse
446 1808 651 1884 contendit:
684 1810 738 1884 uti
762 1834 852 1885 exr
902 1832 953 1887 or.
991 1810 1077 1885 rV.
1132 1809 1320 1887 1Tim.1:
1349 1833 1406 1902 14.

174 1922 220 1977 et
248 1902 464 1979 aTim.11:
493 1913 548 1985 18.
574 1904 725 1986 constat.
775 1904 845 1981 Sed
861 1904 1018 2001 quaestio
1036 1902 1209 2001 superest,
1235 1930 1305 2003 quo
1330 1903 1408 1978 sen-

179 2000 246 2087 su,
271 1999 333 2073 seu
360 2022 431 2095 qua
455 2000 571 2073 seusus
592 2001 844 2097 amplitudine,
868 2001 952 2075 illud
975 2000 1271 2079 intellexerinthi
1294 2002 1410 2076 homi·

180 2096 273 2169 nes?
297 2094 349 2169 Cl.
377 2094 466 2186 Vir,
492 2095 601 2169 modo
624 2098 797 2189 laudatus,
831 2098 1012 2172 communi
1041 2096 1199 2171 insistens
1224 2096 1410 2196 opinioni,

184 2188 452 2265 reformationis
477 2190 623 2266 nomine
649 2216 711 2266 eos
734 2195 893 2280 animae,
931 2191 1213 2289 postmortem,
1257 2192 1410 2269 existen-

182 2287 293 2376 tiam,
334 2308 378 2359 ac
401 2308 544 2362 omnem
570 2287 786 2378 felicitatem>
804 2287 883 2386 post
908 2288 1001 2363 hanc
1025 2290 1156 2377 vitam,
1189 2312 1329 2399 quoque
1354 2289 1409 2365 in·

179 2384 282 2458 facias
306 2380 430 2473 issue,
461 2383 619 2481 adeoque
641 2384 941 2460 Saddumeismum
963 2387 1001 2459 in
1027 2384 1326 2463 Christiamsmum
1351 2384 1407 2463 in·

180 2477 400 2566 troduxisse,
440 2480 560 2553 multis
589 2480 761 2576 disputat:
801 2480 862 2553 sed
884 2504 905 2553 a
929 2504 996 2578 qua
1017 2479 1191 2555 sententia
1226 2484 1294 2579 jam
1322 2484 1409 2561 olim

182 2578 223 2651 iu
247 2574 464 2670 disputatione
488 2576 723 2673 Academica,
762 2576 919 2674 praeside
952 2576 1079 2673 Magni
1117 2576 1185 2653 viri
1216 2580 1329 2671 Filio,
1366 2599 1406 2655 et

179 2673 423 2768 adprobante,
450 2669 575 2745 dehac
600 2671 731 2746 naerefi
756 2696 852 2746 ame
877 2670 1096 2772 conscripta,
1122 2696 1164 2750 ac
1180 2676 1350 2753 ventilata
1366 2675 1406 2752 in

184 2771 252 2842 hac
266 2765 483 2855 Academia,
508 2790 567 2840 me
583 2771 734 2845 alienum
761 2767 931 2865 professus
951 2771 1047 2860 sum,
1072 2773 1313 2872 profiteorque
1337 2772 1407 2847 eti·
1481 2785 1484 2792 '

184 2889 337 2940 amotum.
387 2863 445 2938 Ex
470 2886 548 2939 mea
579 2865 696 2962 itaque
730 2865 900 2960 opinione
925 2865 1031 2940 solam
1069 2889 1278 2962 corporum,
1316 2865 1409 2944 salva

184 2962 344 3048 animae,
367 2957 427 3032 sed
454 2956 576 3047 soiius,
601 2980 639 3034 et
680 2958 886 3056 uaiicunque
910 2960 1005 3051 vita,
1029 2959 1323 3035 resurresbionem
1342 2985 1407 3036 nc·

189 3074 338 3156 garant,
376 3052 509 3130 sedita
540 3073 579 3129 ut
602 3054 776 3152 judicium
808 3054 992 3146 ultimum,
1032 3077 1099 3128 una
1132 3077 1212 3129 cum
1238 3056 1411 3138 beatitate

189 3177 268 3228 curn
303 3173 351 3225 eo
379 3172 564 3240 connexa,
602 3151 791 3228 secuudum
820 3150 985 3248 Apostoli
1020 3149 1267 3243 ratiocinium,
1287 3151 1407 3232 umus

186 3249 361 3349 negarint
412 3247 603 3338 Rationes,
626 3250 750 3346 quibus
763 3249 854 3324 haec
870 3248 920 3346 hy
947 3245 1075 3322 otheiis
1091 3247 1213 3322 innixa
1229 3249 1299 3338 est,
1325 3249 1406 3328 sunt

186 3349 382 3444 sequentes.
428 3344 673 3441 Praeterquam
706 3344 800 3442 quod
826 3271 1125 3420 Chritiianismum
1156 3344 1314 3441 professis
1339 3348 1405 3426 vix

190 3440 324 3516 censeri
350 3457 457 3536 queat
481 3437 519 3512 in
543 3458 702 3517 mentem
726 3438 851 3517 venire
874 3441 993 3536 posse,
1019 3463 1160 3515 omnem
1187 3441 1298 3516 vitam
1321 3442 1404 3542 post

187 3559 341 3614 mortem
366 3534 528 3631 corporis
561 3559 711 3635 negare,
750 3561 832 3612 cum
864 3537 978 3634 ipsum
1003 3534 1320 3629 Christianismum,
1365 3558 1404 3622 et

186 3632 364 3711 Christum
388 3629 624 3721 servatorem,
647 3633 715 3708 hac
736 3632 874 3711 ratione
897 3631 1140 3730 abnegassent,
1166 3631 1286 3728 postea
1309 3633 1401 3712 varii

185 3732 342 3818 suerint,
368 3727 513 3802 nomine
530 3727 783 3803 Gnosticorum
807 3727 906 3817 noti,
931 3727 1014 3828 qui,
1042 3725 1131 3802 salva
1155 3727 1290 3804 animae
1306 3730 1403 3825 vita,

186 3847 377 3924 corporum
404 3823 649 3899 resumesiioni
668 3822 976 3913 contradixerunt,
1000 3821 1157 3918 adeoque
1184 3822 1404 3906 tales'etiam

186 3925 254 3998 hos
277 3921 379 3998 fuiffe
403 3919 623 4011 haereticos,
665 3938 791 3996 contra
827 3942 914 4016 quos
939 3916 1064 4016 Apost.
1089 3919 1261 4017 disputat,
1294 3923 1402 4020 longe

187 4019 229 4094 stt
254 4016 487 4116 probabilius:
530 4039 563 4090 1.
588 4017 701 4094 Solius
732 4013 995 4092 resumesiionis
1027 4038 1090 4090 cor
1117 4039 1216 4090 orum
1249 4017 1288 4090 in
1321 4036 1402 4091 toto

187 4139 266 4210 cap.
294 4115 416 4188 1Cor.
440 4113 548 4200 XV„
572 4130 611 4184 et
637 4113 714 4188 aliis
738 4111 777 4187 iu
799 4112 912 4203 locis,
939 4111 1072 4188 saetae
1127 4111 1287 4196 meutio;
1320 4135 1401 4188 cum

185 4213 237 4289 de
263 4205 470 4286 sadducaeis
491 4205 650 4305 expresse
673 4209 849 4301 tradatur,
880 4233 943 4288 eos
963 4209 1105 4309 insuper
1129 4209 1255 4305 Angesi·
1271 4222 1314 4295 es,
1329 4209 1405 4305 Sps,-

242 4304 328 4387 Toat.
350 4305 427 4382 ΙΙΙ.
764 4305 832 4406 Gg
1320 4309 1404 4386 ritas
