3609 5500
662 923 681 992 .'
801 924 910 1004 secut
941 925 973 1002 I.
1429 941 1501 1025 269

304 1101 442 1217 cleda,
477 1107 598 1212 Lysim
624 1105 775 1182 eumad
808 1106 989 1214 Felicem,
1029 1121 1297 1216 procuratorem
1323 1106 1500 1206 Judaeae,
1641 1113 1644 1121 '

299 1225 346 1313 qui
362 1205 545 1282 Caesareae
560 1205 753 1291 residebat,
780 1203 933 1311 militurn
961 1203 1134 1312 praesidio
1151 1203 1336 1314 stipatum,
1359 1210 1497 1306 ablega·

289 1319 361 1470 ενιιὲς
400 1304 540 1426 quando
575 1304 614 1379 in
640 1319 820 1400 praetorio
844 1301 1003 1376 Herodis
1036 1301 1087 1374 ibi
1119 1321 1159 1373 in
1183 1301 1378 1377 custodiam
1401 1305 1501 1382 datur
1567 1415 1570 1422 ἱ

329 1491 361 1592 §-
387 1494 582 1568 CCXXXI.
622 1490 698 1566 Hie
722 1513 849 1565 norum
875 1489 947 1564 sese
972 1506 1010 1563 et
1035 1489 1255 1588 euangelium
1282 1492 1498 1574 defendendi

286 1587 504 1666 occasionem
528 1586 665 1679 nastus,
699 1612 801 1683 quam
830 1588 929 1661 Felix
955 1586 1018 1680 ipss
1040 1588 1224 1681 praebuit,
1255 1588 1435 1684 jubendo,
1460 1613 1500 1670 ut

282 1683 497 1760 accusatores
513 1684 769 1781 Hierosolymis
788 1684 829 1757 ad
848 1683 884 1756 se
902 1682 1069 1755 venirent
1089 1681 1309 1776 Caesaream,
1325 1685 1499 1766 innocen·

284 1780 368 1856 tiam
391 1779 488 1856 suam
522 1803 648 1855 contra
671 1782 882 1876 judaeorum
910 1778 1170 1853 accusationem
1203 1782 1292 1856 adeo
1321 1785 1500 1880 praeclare

284 1874 323 1951 in
342 1879 459 1952 lucem
509 1879 682 1965 retraxit,
706 1877 795 1950 sicut
819 1899 897 1985 cap.
922 1875 1061 1949 XXIV.
1085 1894 1265 1967 narratur,
1298 1879 1367 1954 fide
1383 1883 1442 1960 sua
1458 1884 1498 1963 in

286 1971 458 2048 Christum
481 1901 619 2046 silentio
648 1971 735 2047 licet
759 1994 831 2080 non
868 1971 1047 2060 involuta,
1082 1989 1121 2043 ut
1148 1975 1365 2049 accusatores
1387 1982 1499 2058 causa

286 2068 499 2159 ceciderint,
523 2087 562 2140 et
585 2069 707 2143 Paulus
731 2068 932 2142 liberiorem
957 2087 1030 2138 nori
1047 2077 1181 2141 tanturn
1198 2069 1405 2145 consecutus
1420 2075 1498 2151 sue·

287 2163 334 2237 rit
356 2163 571 2254 custodiam,
594 2164 781 2239 avinculis
806 2163 941 2237 scilicet
962 2159 1147 2269 liberatus,
1172 2184 1208 2236 et
1232 2161 1379 2243 licentia
1391 2168 1496 2265 suos,

290 2259 347 2332 seu
368 2258 450 2334 lidei
476 2259 612 2349 socios,
651 2262 694 2333 ad
722 2261 757 2333 se
782 2257 993 2332 admittendi
1025 2255 1192 2348 donatus,
1233 2261 1291 2334 sed
1316 2282 1354 2335 et
1378 2265 1421 2337 ad
1441 2267 1498 2341 se·

293 2373 423 2430 cretum
442 2354 614 2430 sermonis
640 2356 893 2429 commercium
921 2376 1001 2427 curn
1029 2354 1170 2442 Felice,
1195 2376 1233 2429 et
1250 2357 1396 2432 Drusilla
1422 2363 1498 2439 e'ur

292 2451 455 2550 coniuge,
496 2449 692 2547 dequibus
721 2451 757 2523 in
783 2449 928 2523 historia
951 2447 1094 2544 Judaica
1114 2448 1209 2539 diiii,
1251 2449 1291 2524 sir
1317 2453 1408 2528 admi
1439 2484 1498 2553 us,

286 2549 419 2644 quode
443 2545 516 2620 fide
541 2546 577 2620 iri
599 2545 794 2636 Christum
818 2545 913 2621 fimul
936 2553 980 2618 de
1003 2542 1156 2640 justitia,
1183 2552 1434 2644 temperantia,
1460 2573 1499 2630 et

284 2643 414 2740 §udicio
441 2641 589 2733 ultimo,
613 2660 810 2717 tentatum
833 2641 989 2715 efficacia
1014 2639 1190 2732 disseruit,
1218 2662 1256 2715 ut
1276 2642 1351 2741 ipse
1375 2650 1497 2745 Felix,

285 2739 463 2815 rariorum
494 2738 703 2830 criminum,
741 2758 780 2813 et
811 2737 988 2836 illegitimi
1025 2759 1106 2810 cum
1136 2737 1284 2813 Drusilla
1311 2744 1497 2846 conjugii,

284 2836 345 2910 sibi
369 2834 555 2927 conscius,
596 2854 755 2908 metuet
787 2859 922 2931 pavore
947 2834 1056 2907 suerit
1084 2855 1288 2930 correptus,
1331 2838 1427 2918 simul
1455 2846 1499 2921 ad

288 2930 395 3029 ipsum
418 2930 671 3006 dimittendum
720 2952 848 3022 tonus,
882 2929 990 3004 modo
1013 2930 1156 3018 Paulus,
1187 2934 1279 3026 quod
1305 2933 1409 3009 sacile
1432 2964 1496 3036 po-

287 3024 422 3116 tuisset,
447 3027 600 3124 pecunia
614 3026 778 3101 voluisset
800 3027 968 3101 avaritiae
987 3026 1061 3120 ejus
1075 3024 1285 3103 satisfacere.
1319 3030 1496 3126 Biennio,

284 3146 358 3293 ll?
370 3122 623 3293 ilc‘lill‘li
655 3122 945 3292 lllln‘llsi
962 3120 1498 3296 lllllllllllllas

283 3310 406 3387 Festus
426 3312 500 3409 ejus
523 3272 714 3404 succcil'or,
738 3309 1090 3481 postquamlJudaeos
1114 3272 1332 3402 accusantes,
1357 3334 1394 3388 et
1409 3280 1496 3394 Pau:

282 3410 354 3485 luni
378 3408 414 3483 se
438 3411 689 3484 defendentem
715 3432 786 3482 non
811 3410 928 3482 Hiero
944 3408 1086 3501 olymis,
1131 3407 1224 3501 quod
1247 3408 1369 3503 Judaei
1397 3417 1496 3489 vole·

282 3506 387 3595 bant,
420 3506 479 3580 sed
505 3508 690 3580 Caesareae
714 3504 919 3591 audivisset,
961 3523 1001 3576 ut
1023 3503 1163 3598 Judaeis
1185 3505 1352 3596 gratiam,
1395 3534 1499 3605 quam

287 3620 386 3675 antec
405 3599 532 3676 frustra
558 3601 759 3697 petierant,
785 3599 865 3674 Ati.
891 3599 1010 3672 XXV:
1038 3624 1070 3694 3.
1098 3598 1251 3688 laceret,
1277 3602 1416 3677 aPaulo
1442 3633 1496 3683 re-

288 3695 446 3795 quiretis,
480 3720 563 3771 num
588 3696 845 3795 Hierosolymis
869 3698 998 3782 vellet,
1040 3719 1059 3767 a
1083 3691 1246 3802 synedrio
1273 3696 1427 3791 scilicet,
1459 3704 1497 3779 se

285 3791 488 3891 praesente,
513 3792 683 3887 judicari,
709 3793 755 3869 ib.
782 3816 816 3883 9.
842 3792 1043 3888 responsum
1072 3792 1151 3863 teht
1176 3792 1340 3882 aPaulo,
1365 3796 1399 3868 se·
1416 3823 1497 3894 pro-

285 3910 435 3979 vocare,
470 3912 538 3984 qua
563 3891 679 3963 civem
706 3892 924 3975 Romanum,
958 3886 1000 3958 ad
1024 3887 1171 3991 tribunal
1198 3887 1369 3979 Caesaris,
1402 3896 1496 3988 quod

286 3980 350 4081 ipsi
378 3984 580 4059 concessum
606 3986 655 4060 est
678 3983 838 4094 aFesto,
862 3984 1003 4079 ejusque
1027 3982 1191 4088 concilio.
1246 3985 1406 4076 Interea,
1432 4014 1493 4066 an·

287 4075 1133 4280 llll,llllglll¹lilll¹¹lgelllffl⁰rlll
1149 4078 1497 4268 ”lllilltlllll

271 4300 275 4309 ¹
316 4273 470 4347 iaciente
495 4274 656 4371 Agrippa
676 4276 837 4370 juniore,
864 4291 901 4343 et
919 4274 1087 4343 Berenice
1105 4270 1178 4366 ejus
1205 4295 1333 4358 uxore,
1358 4272 1401 4342 de
1419 4274 1495 4364 qui-

290 4293 358 4444 ξω
378 4367 480 4469 supra
506 4368 546 4448 in
568 4368 649 4447 hist.
676 4371 818 4465 Judaica
842 4365 1010 4535 epposui,
1036 4383 1122 4445 tuuc
1147 4370 1331 4444 Caesareae
1356 4388 1495 4536 mopin-

929 4488 949 4561 3
1389 4475 1416 4535 ti
1443 4484 1500 4556 uc,
