3609 5500
300 519 368 608 368
697 498 845 598 Historia
870 499 996 595 Ertltſs
1026 504 1139 601 tit-ist.

299 682 490 766 secundnm
515 677 598 758 Eut
623 703 704 757 ann.
733 692 801 779 167
824 685 969 768 mortui.
1010 686 1170 796 Tempus
1188 686 1306 787 itaque
1330 688 1394 792 figi
1408 689 1557 791 puteff]

297 784 338 861 in·
355 799 435 860 ann.
465 788 560 869 168,
636 779 692 852 uio
717 779 950 853 antennam
975 771 1247 862 Encratrtarum.
1265 788 1309 862 ab
1335 789 1557 885 ipsunt-1

298 881 436 969 ditant,
468 875 522 952 nti
553 933 556 938 .
600 874 695 949 orth.
721 899 860 971 quoque
887 875 1047 969 conjicit
1098 879 1221 956 Edidit
1245 903 1426 980 praeterea
1449 887 1557 960 'sa-1

299 978 415 1054 tianus
436 971 652 1048 harmoniam
674 973 936 1067 euangelicam,
970 991 1185 1068 etquattuor
1208 980 1399 1074 euangeliis
1423 1004 1557 1054 com-1

327 1072 466 1160 usrtam,
498 1070 551 1142 iu?
573 1094 722 1163 erconger
746 1087 934 1162 propterea
960 1064 1108 1157 dietam,
1141 1070 1200 1144 sed
1216 1073 1359 1147 rescitfis
1391 1098 1557 1171 gener-s

298 1100 405 1266 iogiis
432 1165 613 1240 Matthaei
632 1187 670 1235 et
694 1165 834 1252 Lucae,
860 1159 947 1233 teste
972 1162 1192 1240 Theodoret,
1219 1168 1352 1243 haeret.
1377 1172 1399 1244 Ι.
1424 1173 1509 1260 Ν,

300 1268 396 1341 forte
421 1261 513 1358 quod
542 1261 581 1333 in
609 1282 697 1332 euan
724 1258 795 1331 elio
813 1255 1001 1330 secundum
1029 1260 1237 1350 Hebraeus,
1265 1287 1337 1359 quo
1355 1265 1433 1340 usus
1450 1265 1499 1348 est
1522 1263 1557 1347 ,d

304 1385 378 1435 non
417 1355 621 1444 inuenerit,
666 1353 686 1428 s
762 1352 825 1426 ilia·
853 1351 1003 1426 intetiit.
1052 1353 1151 1453 Quae
1184 1358 1279 1431 enirn
1311 1382 1332 1432 a
1367 1359 1557 1435 ViRorot

301 1461 491 1550 Capuano,
522 1452 602 1527 sec!
619 1449 708 1539 Vt,
739 1447 918 1544 publicata
934 1445 984 1519 est
1001 1447 1060 1528 sub
1088 1452 1231 1527 nornine
1257 1454 1557 1552 Tatiani,eju1.r

301 1574 375 1625 non
399 1546 470 1637 est,
495 1544 554 1619 sed
579 1545 778 1634 Ammonii,
804 1567 872 1617 nee
895 1544 1004 1618 etiam
1027 1544 1155 1635 altera,
1181 1549 1361 1622 Ammonii
1385 1573 1557 1624 nomen

329 1644 521 1720 raeserens:
546 1658 623 1715 uta
646 1640 772 1715 Dostis
790 1641 864 1737 jam
889 1636 941 1711 est
967 1637 1211 1734 observatum,
1235 1644 1343 1718 etiam
1361 1669 1382 1721 a
1398 1647 1557 1722 vales}-

306 1740 452 1819 adEus.
484 1740 536 1813 H.
562 1737 629 1811 rV:
658 1757 715 1825 29.
741 1755 777 1814 et
804 1735 887 1828 Pagi
914 1732 957 1807 ad
983 1734 1107 1809 Baton.

351 1837 383 1937 5.
409 1833 525 1909 xxlr.
561 1829 644 1905 Duo
679 1830 859 1928 supersunt
901 1828 1030 1904 Graeci
1065 1831 1167 1929 hujus
1200 1834 1268 1911 sec.
1311 1836 1557 1934 scriptorea

302 1931 463 2011 omnium
479 1926 724 2018 celeberrimi,
752 1928 932 2013 irenaeus,
965 1942 1003 1997 et
1030 1928 1191 2003 Clemens
1221 1932 1434 2022 Alexandr„
1476 1929 1557 2009 dl

304 2032 431 2130 quibus
454 2022 690 2099 differendum
725 2020 799 2098 est..
833 2022 990 2094 irenaeus
1024 2021 1211 2099 secundum
1244 2028 1437 2120 Dodwell,
1463 2049 1557 2127 qt:

301 2129 415 2202 vitam
440 2122 515 2216 eJ'us
530 2119 617 2194 Diffi
641 2122 735 2193 lren.
760 2119 824 2192 ill.
858 2115 934 2190 fuse
958 2135 995 2187 et
1028 2118 1191 2194 adcurate
1225 2126 1436 2214 enarravit„
1464 2141 1557 2200 n-

149 2286 154 2294 .
300 2240 358 2298 tus
381 2217 450 2296 fuit
475 2239 554 2290 ann
579 2236 648 2291 aer.
674 2216 723 2289 V.
752 2236 809 2306 97.
834 2208 894 2285 sub
918 2210 1063 2303 Nerva,
1084 2212 1122 2288 in
1145 2214 1256 2311 prima
1279 2238 1396 2294 aetate
1423 2220 1557 2295 vidit

300 2316 555 2412 Polycarpum,
579 2313 671 2385 iren.
696 2310 718 2383 l.
746 2310 811 2381 IIL·
840 2330 871 2402 3.
896 2306 987 2414 apud
1010 2331 1111 2402 quern
1130 2310 1221 2384 vidit
1239 2313 1438 2402 Morinum,
1464 2313 1540 2390 ati·

302 2414 376 2488 huc
400 2430 508 2505 puer,
534 2424 574 2478 ut
598 2405 610 2478 i
639 2406 672 2478 se
699 2404 804 2477 tradit
828 2403 868 2475 in
898 2399 1009 2496 Epist.
1036 2404 1080 2477 ad
1102 2404 1300 2500 Florinum,
1324 2429 1362 2483 et
1403 2407 1527 2486 uident

344 2505 483 2583 lendide
508 2500 557 2575 in.
573 2429 649 2574 auia
672 2497 890 2607 Inperatoria
916 2497 1117 2594 degentem.
1163 2502 1218 2577 Et
1247 2528 1317 2600 quo
1336 2529 1376 2580 re
1414 2504 1530 2600 eeoiv

301 2606 423 2706 ligitur
474 2621 504 2673 1.
529 2599 713 2672 Irenaeum
740 2593 841 2669 furffe
865 2590 1049 2683 Asianum,
1085 2595 1181 2671 forte
1206 2601 1313 2676 etiarn
1329 2604 1534 2698 smyrnen'

303 2705 399 2791 sem,
422 2695 554 2795 quippe
580 2693 631 2771 ibi
650 2717 679 2766 a
705 2692 818 2790 prima
840 2707 956 2767 aetate
972 2690 1179 2784 ¹versatum,
1213 2718 1245 2774 2.
1260 2712 1325 2787 25,
1345 2694 1443 2773 forte
1459 2695 1533 2772 hav

304 2797 416 2878 buiffe
437 2816 518 2867 ann
548 2814 633 2867 rum
657 2789 794 2883 audivit
818 2787 1070 2883 Puiycarpum,
1095 2788 1247 2886 denique
1274 2816 1315 2887 3..
1331 2792 1428 2867 hune
1448 2791 1533 2889 jam

305 2912 395 2970 tunc
419 2888 521 2963 valde
543 2888 662 2960 senem
685 2886 808 2971 fuiffe3
849 2894 936 2955 cum¹
958 2884 1010 2953 ab·
1028 2883 1102 2978 ejus
1126 2885 1305 2959 senectute
1322 2909 1450 2983 magna
1469 2910 1521 2961 ra·

274 3020 282 3039 ··
303 2991 441 3064 tionem
459 3000 617 3077 repetat,
635 3004 745 3074 quare
764 3001 844 3052 eum
862 2975 976 3049 adhuc
990 2977 1114 3051 videre
1130 2981 1300 3076 potuerit.
1324 2984 1346 3057 1.
1372 3005 1405 3055 α
1451 2982 1521 3059 sed

303 3104 387 3160 cum
410 3078 617 3172 Polycarpus
640 3074 748 3148 fuerit
779 3096 810 3145 a.
849 3089 929 3161 147.
955 3091 1131 3162 mortuus,
1164 3095 1202 3148 ut
1226 3078 1324 3174 supra
1347 3076 1525 3171 vidimus,-

305 3198 347 3255 et
369 3174 530 3252 Irenaeus
555 3191 612 3260 25.
636 3174 716 3243 ann.
742 3186 946 3271 nature-um
971 3166 1071 3241 valde
1096 3168 1211 3242 senem
1237 3173 1433 3263 audiverit,
1467 3197 1523 3247 re·

243 3299 246 3306 ·
306 3267 477 3352 eentinrit
496 3284 646 3360 oportet
661 3261 770 3335 fuerit
785 3276 933 3348 aetatis,
964 3284 1064 3356 quam
1089 3264 1262 3344 Dudwell.
1288 3289 1468 3343 autumat:
1498 3268 1526 3351 fi

306 3370 405 3450 enim
430 3385 510 3438 amr.
533 3383 604 3435 aer.
630 3361 679 3435 V.
705 3380 765 3469 92.
788 3352 908 3430 fuiffet
935 3375 1054 3450 natus,
1081 3379 1118 3432 et
1156 3385 1235 3437 ann.
1264 3387 1321 3452 25.
1345 3360 1524 3442 irabuiss'et

306 3462 500 3546 cum-{eum
521 3453 783 3555 frequentauit,
808 3451 1019 3559 Polycarpur'
1042 3453 1104 3532 vix
1116 3468 1179 3546 510.
1206 3458 1375 3532 habuiffet
1389 3483 1542 3553 annos,¹

305 3558 465 3642 mmtu'us
489 3549 621 3649 quippe
645 3575 725 3626 ann.
751 3556 795 3644 87
821 3564 956 3626 aetatis.
1003 3552 1150 3626 Reetius
1166 3551 1282 3650 itaque
1317 3573 1414 3628 natus
1440 3578 1526 3643 cenf

201 3719 203 3726 .
306 3663 402 3739 setur
430 3651 490 3724 sub
513 3647 621 3721 finem
650 3648 814 3744 Trajani,
840 3643 933 3738 quod
960 3669 1005 3720 ex
1031 3647 1094 3733 iis,
1121 3670 1207 3742 quae
1235 3650 1352 3722 Grabe
1380 3651 1418 3723 in
1435 3652 1524 3724 Pro·

308 3762 341 3836 te
369 3810 377 3826 .
402 3746 445 3822 ad
470 3747 562 3818 Iren.
588 3744 759 3840 protulit,
786 3738 902 3813 fulciti
919 3741 1054 3835 poss'et,
1080 3741 1104 3814 st
1132 3741 1267 3816 neceffe
1285 3743 1390 3820 foret.
1439 3746 1530 3823 Nec

304 3780 440 3933 obiret,
457 3900 463 3913 .
481 3839 577 3936 quod
603 3840 696 3913 suam
720 3839 796 3910 fere
821 3853 974 3913 aetatem
991 3838 1187 3933 'conjungat
1216 3862 1294 3913 cum
1323 3840 1547 3925 Domitiani·

302 3949 376 4031 fine
410 3940 433 4022 L
458 3938 508 4013 V:
535 3959 596 4035 30.
617 3958 704 4015 eum
722 3932 799 4034 ferr
813 3929 880 4030 sub
908 3929 1047 4031 nostmn
1067 3949 1210 4015 aetatem
1226 3934 1343 4029 dicat,
1366 3958 1405 4014 et
1417 3935 1536 4116 pheta}-⁸
