3609 5500
298 534 372 606 410
682 504 829 601 ssrstoriu
863 497 992 597 Ectlcs.
1017 498 1131 600 Christ.

298 711 476 863 ffigrua,
510 703 631 758 reram
662 681 792 755 Christi
816 678 1044 757 divinitatem
1078 682 1159 758 satir
1184 699 1338 781 arguunt
1363 684 1407 762 ab
1432 683 1513 788 ipso

379 810 400 859 e

339 787 348 802 ‘
423 779 615 866 creditam,
640 777 800 873 adeoque
821 777 893 853 falfi
910 779 1154 870 convincunt,
1176 803 1265 876 quae
1293 803 1340 858 ex
1356 779 1513 882 interpo-
1534 833 1554 844 -

299 884 377 957 latis
415 880 490 976 ejur
525 873 691 971 Epistolis
722 873 958 947 Arianismum
990 872 1183 949 redolentia
1204 873 1361 986 proferri
1384 875 1555 964 soient.

300 977 598 1074 Interpolatorent
628 989 747 1044 autern
783 969 975 1044 Arianismi
1006 968 1132 1044 foviffe
1163 969 1376 1066 optnioner,
1413 973 1555 1052 Uffe—

297 1072 370 1149 rius
402 1074 445 1146 de
478 1064 588 1163 Epist.
623 1067 736 1175 ignat.
771 1086 846 1162 cap.
875 1088 933 1139 12.
952 1064 1025 1159 jam
1050 1064 1259 1142 adfirmavit.
1312 1068 1555 1167 Attamenffi

298 1168 392 1267 quod
418 1188 490 1239 non
514 1161 565 1236 est
586 1160 829 1250 reticendum,
863 1160 1029 1234 nonnulla
1050 1155 1122 1235 sese
1149 1161 1188 1235 in
1213 1162 1381 1269 genuinis
1403 1163 1555 1263 Epis:

298 1265 475 1347 offerunt,
508 1281 596 1354 quae
622 1255 733 1329 Patris
766 1254 1069 1352 superioritatem,
1103 1278 1144 1330 ac
1169 1254 1234 1330 filit
1260 1255 1555 1336 subordinatio-

297 1384 400 1447 nem,
425 1353 590 1429 videntur
614 1352 792 1426 evincere.
840 1354 882 1424 In
906 1348 1017 1447 Epist.
1045 1351 1088 1425 ad
1110 1353 1266 1447 Magnes.
1292 1353 1325 1451 ς.
1352 1363 1386 1437 8.
1409 1380 1491 1432 om

296 1456 405 1543 dicit,
439 1448 486 1546 est
509 1451 621 1537 Deus,
655 1445 789 1521 scilicet
813 1448 936 1536 Pater,
994 1449 1028 1517 αἱ
1051 1445 1094 1544 se
1119 1446 1345 1544 manifestavit
1362 1470 1423 1545 per
1446 1451 1556 1546 ,ἵει

288 1553 367 1651 sum
395 1544 553 1636 Christum
569 1546 681 1640 filium
698 1542 819 1639 suum,
860 1544 915 1637 qui
946 1472 994 1638 est
1019 1547 1091 1637 ejus
1116 1540 1224 1639 sermo
1259 1561 1434 1622 aremus:
1466 1570 1556 1621 e·-

296 1648 374 1743 ipso
396 1641 613 1740 significans,
646 1641 806 1726 Patrem,
846 1639 956 1712 relate
979 1639 1087 1712 etiam
1116 1638 1161 1712 ad
1186 1638 1384 1733 Christum,
1415 1657 1556 1718 artu

297 1741 366 1817 effe
392 1741 527 1825 Deum,
561 1736 717 1829 adeoque
739 1731 937 1807 divinitatis
963 1756 1101 1831 quoque
1123 1731 1188 1807 fitii
1215 1734 1354 1810 fontem
1379 1756 1420 1818 et
1442 1724 1556 1812 or‘i

296 1837 438 1936 ginem,
465 1831 525 1930 qui
542 1831 612 1904 sese
629 1853 693 1923 per
708 1828 838 1917 filium,
857 1834 987 1903 verbum
1003 1829 1122 1917 suurn,
1144 1828 1404 1923 manifestavit,
1430 1841 1556 1908 cu&

294 1929 419 2033 perse
450 1948 521 2001 non
551 1925 675 2021 posset.
725 1924 787 1998 Sic
810 1944 848 1996 et
872 1924 915 1998 ad
947 1922 1078 2001 Philad.
1107 1922 1141 2093 a
1168 1947 1202 2020 3.
1235 1951 1292 2002 ror
1316 1927 1385 2000 Dei
1412 1925 1556 2026 esti(

296 2048 334 2103 et
360 2022 446 2121 Jesu
474 2022 604 2120 curisti.
654 2020 723 2094 Sed
749 2020 849 2094 valde
882 2018 1106 2117 singulariae
1158 2020 1288 2114 phrasrr
1312 2021 1352 2097 in
1384 2047 1446 2120 ep.
1469 2040 1557 2100 ι·

294 2127 436 2218 Smyrn.
462 2118 493 2213 s.
524 2144 553 2191 1.
581 2140 647 2213 qua
671 2113 827 2189 Christus
864 2115 1056 2210 adpellatur
1087 2113 1178 2189 fitius
1202 2117 1274 2191 Dei
1311 2122 1398 2195 ura*
1416 2125 1556 2202 dud

366 2225 419 2289 rui
442 2219 565 2310 δύναμιν
589 2209 832 2307 &resecandum
857 2213 1055 2286 uoluntatem
1069 2230 1106 2285 et
1118 2215 1296 2304 potentiam
1309 2215 1402 2306 Der’3
1428 2219 1557 2317 quo&

293 2312 451 2390 rndicare
475 2311 637 2396 videtur,
677 2329 757 2378 eum
778 2322 837 2397 per
860 2309 1060 2380 voiuntatem
1090 2326 1129 2378 et
1150 2312 1327 2400 potentiam
1351 2312 1422 2388 Dei
1445 2301 1557 2394 eff&

293 2409 425 2497 filium,
451 2406 501 2479 ita
525 2425 564 2477 ut
587 2402 851 2490 Paternolendo,
874 2423 917 2475 ac
934 2404 1111 2495 potentiam
1128 2400 1318 2498 exserendo,
1348 2429 1434 2486 eum
1448 2432 1531 2506 ge·

293 2502 434 2593 ruerit,
458 2502 544 2577 srcut
568 2497 652 2597 Just.
677 2498 808 2608 Mart,
832 2496 878 2570 de
902 2518 972 2666 {po
993 2520 1100 2588 mox,
1123 2519 1261 2594 quoque
1285 2499 1427 2583 locutor
1444 2501 1523 2592 est,

294 2626 364 2703 quo
389 2599 466 2700 ipso
482 2598 579 2696 filius
605 2593 766 2670 staturtur
791 2593 902 2690 produ
956 2593 1130 2684 oPatris,
1167 2589 1227 2667 sed
1251 2600 1418 2674 naturaiir
1440 2600 1518 2676 e'ur

291 2694 506 2784 voluntatis;
531 2696 627 2770 secus
652 2713 695 2768 ac
720 2690 757 2766 in
782 2689 857 2765 aliis
881 2687 1050 2765 creaturis
1075 2689 1236 2779 obtinet,
1260 2690 1398 2805 quippe
1414 2698 1509 2773 libem

294 2796 434 2873 ereatir.
482 2794 571 2880 Sed,
598 2807 840 2888 praeterquam
889 2786 957 2860 uod
981 2787 1077 2860 locus
1100 2808 1180 2860 cum
1203 2785 1366 2884 sequenti
1384 2790 1509 2901 jungi,

290 2916 334 2968 ac
355 2891 399 2965 de
423 2886 667 2963 incarnatione
698 2881 828 2989 Christi
856 2810 949 2989 sqorte
980 2878 1061 2974 capi
1090 2880 1213 2989 poffit,
1255 2883 1300 2957 de
1357 2910 1402 2963 uo
1434 2885 1507 2964 vrd.

287 2985 438 3062 Pearson
464 2982 574 3056 Vind.
602 2981 739 3073 Ignat,
773 2978 835 3048 alra
859 2997 934 3066 ejus
950 2972 1062 3047 exstat
1088 2976 1195 3051 temo
1219 2977 1310 3074 apud
1373 2981 1504 3057 heudo·

286 3099 355 3156 ret.
388 3078 515 3173 dialog.
540 3079 568 3150 1.
591 3073 675 3149 eard
693 3071 827 3154 θιὸτητα
852 3079 904 3143 eut
932 3068 1074 3169 δόναμιυ,
1115 3071 1187 3147 five
1212 3070 1254 3146 srt
1276 3075 1414 3153 variant
1435 3078 1508 3153 lec·

287 3175 363 3264 tio,
397 3172 468 3245 srve
494 3169 764 3267 interpretatio,
803 3190 871 3239 nec
907 3167 996 3240 adeo
1036 3167 1166 3257 aliena,
1207 3190 1288 3242 cum
1317 3175 1510 3251 verborum

277 3271 458 3374 ⁷secundum
483 3267 680 3342 voluntatem
703 3280 735 3336 et
747 3266 924 3359 potentiam
956 3262 1068 3337 sensus
1093 3261 1162 3337 esse
1178 3284 1303 3359 queat,
1328 3267 1512 3347 Christum

287 3369 358 3445 effe
382 3364 489 3464 filiunt
524 3363 610 3451 Dei,
655 3378 823 3458 quatenus
852 3360 1000 3436 voluntas
1039 3376 1077 3432 et
1102 3361 1246 3452 potentia
1282 3361 1369 3455 Dei,
1402 3386 1512 3462 atque

287 3465 376 3539 adeo
400 3459 520 3534 divina
547 3460 691 3547 natura,
716 3453 844 3554 inipso
862 3453 936 3544 est3
961 3454 1161 3531 sicutenim
1191 3454 1335 3552 estirpe
1353 3460 1511 3538 Davidia

286 3557 337 3634 est
351 3556 532 3652 secundum
547 3580 696 3642 camera,
721 3551 772 3627 ita
797 3575 842 3626 err
860 3553 943 3627 Deo
950 3551 1129 3649 secundum
1152 3552 1335 3647 Spiritum,
1374 3554 1435 3633 seu
1457 3559 1510 3632 di.

169 3716 180 3733 .
286 3656 487 3737 vinitorem,
530 3648 607 3724 stilo
645 3648 740 3722 Pauli
774 3649 879 3724 Rom.
913 3651 942 3723 l.
990 3648 1194 3739 Adpellatur
1228 3671 1369 3745 quoque
1399 3654 1511 3751 saepe

286 3747 378 3849 apud
404 3744 487 3843 Just.
517 3748 628 3820 Mart.
652 3746 725 3820 δάιε
752 3776 776 3821 rr
800 3748 1015 3839 Sripotentr'a
1045 3742 1123 3817 Dei.

283 3843 478 4021 QX„
497 3843 679 3939 Polycarpi
709 3841 867 3952 'ostrina
890 3837 1112 3951 epristola
1138 3839 1232 3934 ejus,
1265 3840 1397 3939 quippe
1425 3843 1524 3963 bre.)

284 4080 298 4121 ί
425 3957 485 4039 ,et
502 3956 578 4018 tota
594 3939 739 4034 morah,
762 3961 825 4014 vra
841 3960 917 4015 erut
931 3934 1061 4034 potest.
1093 3937 1232 4017 Patrem
1243 3938 1368 4038 paffim
1384 3937 1514 4114 ιάρῖἑὲ
