3609 5500
291 945 367 1057 “i
677 907 990 1040 mstortalttclell
1004 930 1128 1060 csmff
1152 1044 1154 1050 .

215 1170 220 1173 «
301 1116 417 1206 festus
446 1114 497 1191 el’t
521 1116 638 1208 Naiii,
670 1119 793 1193 urbem
816 1119 1015 1209 llsacharlt,
1047 1110 1269 1189 adsaustrum·
1287 1109 1425 1186 montio
1443 1112 1526 1189 T‘aa·

219 1280 224 1284 ,
303 1216 417 1303 boris,
445 1213 586 1288 termini
619 1213 908 1309 septentrionalis·
928 1217 1003 1311 ejus
1028 1215 1155 1300 tribus,
1187 1212 1289 1284 unius
1312 1210 1384 1283 diei
1409 1210 1532 1284 ltine-⁴

301 1335 343 1394 re
377 1310 560 1387 distantem
593 1313 863 1406 Capernaumo,
906 1314 1015 1406 probe
1055 1306 1334 1403 distinguendam
1377 1331 1397 1380 a
1433 1307 1525 1401 vico

243 1422 246 1433 ’
304 1406 431 1497 Nais,
454 1407 493 1479 in
517 1431 632 1499 ittugno
659 1422 774 1502 corupox
794 1408 987 1504 Jitaruelis,
1021 1404 1209 1478 infinibus
1236 1402 1428 1489 Samariae,
1455 1406 1518 1493 Jo-

303 1504 416 1602 sepho
443 1503 528 1577 Ant.
555 1503 635 1575 XX:
662 1523 703 1591 5.·
721 1523 940 1578 memorator.
960 1527 1043 1577 cum·
1063 1500 1121 1573 liic
1144 1503 1277 1603 legatur
1300 1503 1529 1588 Nut'n,0'91

306 1600 452 1675 nomine
475 1600 516 1670 ab
542 1603 734 1672 aritoetiituta
760 1599 841 1673 situs
867 1599 998 1688 tracto,
1032 1614 1070 1670 et
1094 1599 1173 1671 urbs
1197 1597 1411 1689 adpellem,
1447 1622 1529 1669 uno

306 1696 366 1779 die
384 1721 404 1769 a
422 1698 684 1788 Capernaumo,
711 1696 770 1768 ubi
789 1696 941 1791 primum
964 1695 1119 1790 patravit
1137 1691 1410 1764 resuscitationis
1425 1717 1524 1765 mor·

307 1791 362 1865 rui
380 1790 586 1864 miraculum
610 1789 648 1862 in
666 1790 740 1862 filio
766 1790 913 1880 viduae,
938 1789 1121 1863 inlectulo
1138 1787 1181 1860 ad
1204 1788 1237 1858 se
1266 1788 1440 1861 ellenduin
1457 1789 1540 1862 de?

307 1907 473 1987 portato,
499 1887 594 1958 virae
623 1884 838 1966 restituendo
864 1889 950 1960 Luc„
977 1888 1061 1960 Vll.
1110 1885 1214 1979 Cujus
1233 1812 1326 1955 lima
1351 1884 1456 1983 longe
1473 1887 1529 1958 la·-

309 2006 418 2079 teque
471 2000 635 2077 ropterea
662 1980 731 2053 suit
758 1980 1044 2058 disseminataad
1062 1979 1347 2079 Judaearnusque
1365 1979 1412 2054 ib.
1443 2004 1530 2073 17.,·

308 2079 386 2175 imo
417 2006 468 2151 al
492 2077 688 2172 Johannem
723 2077 904 2173 baptistam
944 2102 1082 2173 quoque
1125 2075 1291 2164 delita„
1311 2073 1349 2147 in
1380 2074 1527 2149 castello

311 2173 591 2264 Machaerunte,
622 2172 723 2267 juxta
754 2174 921 2269 Josepb„
959 2174 1168 2248 custoditum
1203 2170 1532 2264 trans2Jordarrem,

340 2292 427 2366 rope
453 2291 554 2341 mare·
574 2288 772 2359 mortuum,
814 2269 857 2342 in·
876 2270 1041 2344 confiniis
1064 2267 1235 2342 Arabiae..
1276 2265 1381 2338 Missi
1401 2269 1530 2364 utique

308 2296 403 2442 Eaud
428 2363 488 2436 diu
512 2361 594 2459 post'
615 2362 693 2436 sunt
724 2390 746 2438 a
771 2366 933 2460 Johanne
964 2366 1034 2439 duo
1067 2361 1232 2459 discipuli-
1251 2360 1294 2434 ad
1326 2363 1531 2455 Christum,

310 2461 493 2561 postquam
510 2458 633 2532 omnia
654 2460 708 2533 illa
726 2482 851 2557 magna
868 2460 1033 2535 miracula
1057 2456 1303 2545 intellexisset,
1323 2457 1409 2534 Luc.
1435 2463 1532 2537 Vir,

312 2567 373 2636 18.
399 2573 581 2650 rogatum,
601 2628 604 2632 ,
621 2579 695 2648 non
727 2557 897 2651 Johannis
919 2558 976 2631 sed
1008 2556 1094 2630 disci
1121 2558 1256 2629 ulorum
1282 2556 1401 2644 causa,
1436 2554 1527 2649 fimo

311 2651 382 2750 gipse
407 2650 548 2745 Christus
574 2646 744 2747 Mefflas?
776 2652 920 2748 quibus,
956 2677 1021 2750 pro
1047 2583 1232 2751 responso,
1257 2650 1432 2724 miraculis
1456 2652 1533 2727 suiv

314 2745 535 2838 monstratis,
560 2767 597 2820 et
619 2747 674 2821 ita.
696 2745 856 2838 diiniffis,
883 2751 920 2823 iti
944 2752 1157 2824 luculentam
1177 2745 1348 2844 lolianiiis
1371 2746 1533 2844 descrip-

313 2844 459 2918 tionem·
475 2842 510 2915 se
537 2842 707 2931 effundit,
733 2862 772 2915 et
799 2845 939 2939 J'udaeis
964 2845 1168 2919 obstinatam
1195 2847 1387 2937 exprobrat
1412 2844 1531 2918 incre·

313 2938 519 3027 clulitatem,
552 2959 587 3010 et
612 2937 891 3034 perversionem,
929 2940 1024 3013 simul
1059 3032 1061 3034 v
1090 2938 1282 3014 avilsiinum
1302 2939 1533 3032 civitatibus,

319 3060 406 3132 quas
431 3033 620 3133 praecipue
646 3034 847 3109 visitaverat
875 3036 946 3108 fine
979 3036 1113 3123 froco,
1151 3035 1323 3131 judicium
1354 3035 1533 3111 Divinum

312 3133 524 3227 denunciat,
558 3150 626 3206 eto.
652 3133 736 3206 Luc
764 3133 849 3212 Vll.
877 3151 916 3207 ec
936 3135 1051 3206 Matt,
1072 3135 1133 3208 Xl.
1186 3131 1306 3229 Quum·
1321 3131 1537 3230 pericopam

313 3231 533 3308 sermonibus
559 3253 715 3324 quoque,
743 3229 880 3321 belgice
905 3227 1042 3318 editis,
1063 3228 1238 3301 illustravi.

319 3394 324 3401 ,
365 3325 395 3420 §.
423 3326 552 3395 XLlll.
585 3323 771 3393 Subneslit
795 3326 881 3395 Luc;
909 3323 994 3393 Vll:
1023 3329 1137 3415 3(r.-
1164 3320 1352 3396 historiam
1375 3325 1534 3399 mulieris

317 3416 529 3519 peccatricis
556 3412 751 3503 Christum,
778 3414 815 3487 in
840 3417 947 3488 domo
972 3416 1124 3490 Simonis
1145 3420 1431 3508 accumbentem,
1466 3445 1534 3495 un·

319 3511 459 3609 gentis,
501 3528 538 3581 et
561 3511 602 3580 ab
631 3509 706 3605 ipso
739 3530 861 3582 contra
886 3510 1063 3606 hospitem
1088 3513 1205 3598 suum,
1247 3517 1304 3609 qui
1338 3516 1420 3589 illud
1448 3540 1531 3594 curn

321 3608 469 3705 persona
497 3605 710 3700 prophetae,
737 3630 836 3702 quam
853 3607 1008 3682 Cliristus
1030 3609 1270 3703 praeferebat,
1295 3636 1398 3708 quem
1422 3612 1536 3688 latere

322 3726 397 3797 riori
422 3720 581 3797 poterat,
609 3700 799 3774 foeminam
825 3703 915 3776 illam
941 3704 1010 3777 elle
1035 3705 1219 3795 infamem,
1249 3708 1437 3781 conciliare
1457 3723 1532 3784 non

353 3815 485 3885 oterat,
528 3796 704 3891 praeclare
737 3797 932 3881 defensae..⁴
959 3801 1029 3900 Qui
1065 3803 1189 3891 casus,
1220 3804 1268 3874 ab·
1288 3806 1398 3876 altero
1431 3802 1533 3880 simili

321 3825 514 3998 Bethaniae
539 3895 647 3965 Matr.
673 3892 808 3967 XXVI.
834 3915 871 3966 et
886 3897 1000 3969 Marc.
1028 3896 1130 3973 XIV.
1156 3898 1302 3985 omnino
1317 3899 1533 3995 distinguen-

323 3990 407 4076 dus,
442 3988 501 4060 ubi
532 3987 743 4082 contigerit,
787 3987 962 4063 incertum
985 3991 1056 4081 est,
1098 4016 1165 4064 nec
1187 3995 1272 4068 Luc.
1299 3996 1540 4072 memoravit:-

320 4090 413 4172 ,urbis
441 4081 582 4178 quidem
606 4082 788 4171 meminit,
829 4109 864 4156 v.
895 4109 951 4179 37.
984 4086 1143 4161 sedeam
1170 4080 1448 4177 norinbininat3
1489 4094 1535 4167 de

323 4180 575 4276 Hierosolyma
598 4177 748 4274 cogitari
775 4203 855 4253 cunr
878 4181 1097 4255 viroDoclo
1120 4204 1190 4255 non
1214 4185 1330 4272 licet,
1346 4209 1426 4256 cum
1443 4191 1535 4264 nulla

324 4278 370 4359 tle
394 4277 530 4351 ratione
560 4274 595 4346 id
621 4275 742 4366 fieret,
767 4294 804 4347 et
831 4275 985 4350 Christus
1010 4277 1047 4350 in
1065 4278 1216 4353 Galilaea
1243 4280 1532 4375 repraesentatum

318 4373 459 4517 (tradit,
478 4371 608 4452 deinde
627 4371 718 4448 Luc
740 4372 843 4460 Vlll.
870 4371 1042 4451 Christum
1067 4399 1132 4476 per
1151 4378 1251 4494 urbes
1274 4394 1312 4448 et
1331 4398 1541 4569 pppsskpppp‘
