3609 5500
828 504 934 577 Sacili.
963 502 1015 574 II.
1453 532 1525 601 427

348 677 390 775 ς.
414 678 567 758 LXXV.
601 682 820 759 Clementem
844 679 1141 770 Alexandrinum,
1172 680 1214 754 ad
1242 705 1346 779 quem
1363 689 1529 784 perveni·

287 799 402 868 mus,
428 777 467 851 in
492 779 588 852 libris
611 782 863 878 Hypotypos.‚
890 778 984 852 inter
1009 777 1074 850 alia
1101 777 1262 868 absurda,
1286 781 1405 858 dilium
1421 786 1456 855 iu
1472 778 1523 858 r'e·

292 877 371 946 lus
390 877 510 948 creatis
549 899 734 963 uuuurare,
774 873 915 947 notavit
945 873 1087 968 quidem
1122 872 1225 946 Phot.
1251 876 1330 948 eod.
1359 902 1440 969 109.
1466 879 1525 954 sed

294 968 366 1040 vel
391 991 464 1043 uon
486 969 565 1042 sunt
583 970 795 1060 Clementis,
821 972 877 1043 vel
905 970 1032 1041 mil'ere
1050 967 1274 1062 intetpolati,
1300 972 1377 1066 ipso
1393 975 1523 1049 l‘ltotio

296 1061 437 1157 judice.
491 1065 624 1166 Utique
640 1069 677 1141 in
695 1064 811 1154 libris,
837 1066 895 1161 qui
914 1067 957 1138 ad
978 1087 1040 1136 nos
1059 1083 1316 1158 pervenerunt,
1340 1068 1445 1164 longe
1464 1072 1529 1146 alia

300 1157 554 1253 reperiuntur,
589 1187 677 1259 quae
702 1186 767 1258 per
796 1183 914 1258 partes
938 1161 1125 1239 exhibebo,
1180 1182 1210 1231 1.
1237 1160 1409 1253 Christum
1437 1165 1529 1256 elle,

282 1287 287 1301 ·
303 1253 458 1329 tereste
474 1255 627 1348 dietum,
652 1259 781 1346 Deum,
800 1278 838 1330 et
853 1255 1019 1329 effentiae
1037 1255 1145 1336 Patris
1161 1256 1390 1353 participem,
1410 1262 1531 1333 multis

307 1343 401 1421 lucia
432 1349 616 1425 fortiffime
645 1353 811 1442 testatur,
852 1373 889 1426 et
915 1351 1089 1424 inculcat:
1132 1373 1276 1444 quorum
1303 1356 1414 1450 aliqua
1448 1379 1532 1451 pro·

309 1437 430 1520 ieram.
478 1449 519 1520 ln
546 1449 694 1523 Cohort.
723 1448 776 1522 ad.
803 1448 911 1522 Gent.
937 1473 971 1543 p.
1000 1467 1032 1538 7.
1057 1446 1188 1517 dicitur
1213 1450 1252 1517 iu.
1272 1449 1342 1519 Deo
1366 1449 1455 1539 elle,
1495 1467 1534 1524 et

309 1531 409 1626 ‚locut
431 1541 525 1614 Pauli
553 1543 596 1616 ad
622 1545 697 1618 Tit.
723 1546 793 1632 ΙΙ.,
827 1544 888 1617 ubi
915 1565 1050 1635 irruguus
1077 1542 1169 1613 Deus
1195 1564 1427 1634 memoratur,
1469 1545 1566 1642 ipsi·

314 1630 512 1729 adplicatur.
560 1640 659 1711 Deus
674 1664 743 1736 quo
769 1661 811 1711 ue
828 1638 959 1712 dicitur
982 1647 1009 1709 ἐν
1034 1669 1075 1708 τα
1097 1643 1155 1710 ὄντι
1184 1645 1218 1708 uir
1241 1642 1294 1733 qui
1321 1643 1354 1712 iu
1373 1658 1466 1731 ente,
1495 1644 1534 1716 in

316 1741 363 1798 ⁸0
381 1730 434 1828 qui
451 1731 583 1807 eximie
599 1733 668 1823 est,
690 1736 747 1809 exi
781 1733 818 1808 't.
842 1736 1026 1809 Praeterea
1040 1758 1075 1830 p.
1097 1743 1154 1824 84.
1180 1736 1292 1823 lleus,
1308 1735 1400 1810 Deus
1417 1739 1533 1826 uiuus,

309 1813 400 1908 salus
418 1831 554 1902 amnium
576 1832 733 1903 luminum
755 1830 870 1916 Deur‚·
896 1830 954 1902 sed
982 1831 1040 1927 qui
1064 1830 1205 1902 ultimus
1224 1829 1343 1903 titulus
1359 1856 1441 1905 num
1461 1853 1534 1906 non

319 1910 410 1994 Patri
432 1921 623 2014 tribuatur,
656 1924 799 2000 dubium
823 1924 885 1999 est.
936 1925 1100 2022 Denique
1127 1949 1164 2021 p.
1194 1932 1250 2002 86.
1275 1925 1534 2022 manifestiffime

318 2027 392 2086 ueta
409 2015 499 2093 Deus
522 2020 658 2092 Domino
689 2018 903 2116 universarum
929 2020 1149 2116 adaequatus,
1182 2020 1335 2112 ejusdem
1363 2045 1451 2118 ergo
1471 2044 1530 2095 na·
1608 2033 1613 2042 '

319 2115 436 2213 iprae,
450 2113 559 2211 suana
574 2119 608 2187 in
626 2117 718 2208 Deo,
744 2142 785 2190 ea
802 2114 872 2211 ipsa
888 2117 1002 2188 Patris
1018 2118 1182 2189 uoluntate
1197 2131 1348 2206 exortus,
1374 2120 1534 2212 adeoque

251 2271 255 2288 .
313 2211 394 2309 ‘lua
406 2210 557 2286 consors.
593 2212 633 2284 ln
650 2212 745 2287 Libr.
772 2211 965 2307 Paedagog.
990 2211 1011 2285 l.
1031 2211 1059 2286 1.
1085 2233 1116 2285 c.
1136 2231 1192 2298 5.,
1217 2232 1298 2284 cum
1316 2210 1383 2308 Jes.
1407 2213 1471 2286 IX:
1498 2217 1534 2287 6.

315 2301 473 2396 eltallet,
500 2308 692 2397 exclamat,
719 2312 912 2402 duragnum
932 2308 1060 2379 Deum:
1087 2307 1188 2379 lilius
1214 2309 1247 2380 iu
1265 2310 1386 2398 Patre,
1411 2328 1448 2383 et
1467 2309 1538 2382 Pa·

311 2395 368 2460 ’θ’
392 2401 424 2474 iu
441 2400 546 2492 llum
571 2427 610 2477 ca
639 2461 648 2479 .
675 2409 710 2477 6.
735 2406 832 2478 Deus
849 2399 1001 2492 dicitur,
1026 2405 1079 2496 qui
1103 2403 1185 2475 nilril
1206 2402 1327 2496 discere
1351 2402 1474 2501 potest,
1500 2421 1540 2476 et

303 2475 456 2593 sermone
477 2521 567 2572 nemo
592 2499 724 2573 dicitur
749 2501 867 2593 Major
875 2520 888 2588 ;
923 2498 1026 2572 Pater
1052 2520 1192 2593 quoque
1218 2517 1255 2571 et
1270 2503 1377 2594 sermo
1399 2519 1437 2573 et
1463 2501 1540 2592 Spi-

309 2591 404 2664 “tut
426 2591 468 2667 ad
486 2595 731 2687 uuiucrsttatem
755 2617 861 2669 rerum
875 2602 985 2688 'aeque
998 2596 1182 2687 pertinent,
1214 2617 1295 2665 uuus
1315 2590 1542 2687 Universorunt

343 2701 439 2778 ater,
465 2712 549 2765 uuut
572 2690 788 2788 uniuersorum
803 2685 934 2786 sermo:
969 2709 1047 2783 cap.
1075 2707 1107 2780 7.
1133 2706 1212 2758 cum
1234 2687 1337 2778 [olum
1363 2688 1543 2785 perfeiluut

306 2767 513 2875 adpettaffet
539 2788 699 2875 Patrem,
734 2809 778 2860 ne
805 2783 884 2881 quis
908 2781 1036 2856 Filium
1062 2779 1200 2854 excludi
1226 2800 1387 2878 putaret,
1420 2781 1539 2872 addit,

374 2876 470 2953 Patre
488 2881 772 2979 miraculum,
790 2897 822 2956 et
839 2881 891 2954 luc
906 2883 938 2950 in
953 2878 1028 2951 Illo.
1062 2874 1229 2971 Adplicat
1245 2901 1384 2977 quoque
1401 2875 1546 2954 Christo

302 2943 435 3073 ¹§icum
452 2977 518 3051 Ex.
545 2980 625 3054 XX:
652 3002 684 3053 2.
711 2996 749 3052 et
766 2978 857 3052 Gen.
883 2974 1005 3052 XVII:
1036 2993 1067 3045 1.
1099 2993 1129 3044 a.
1155 2990 1247 3066 etc,
1273 2996 1349 3073 cap.
1378 2983 1410 3056 8.
1436 2984 1463 3050 iv
1485 2980 1546 3071 yde

302 3075 425 3165 “etde
447 3089 614 3170 utrumque
640 3077 724 3148 enim
749 3098 847 3148 uuum
868 3068 936 3170 est,
962 3071 1059 3144 Deus
1082 3065 1219 3140 scilicet
1249 3071 1353 3144 Pater
1377 3090 1414 3145 et
1432 3070 1547 3146 sermo

302 3160 406 3239 ¹⁰¹us
423 3165 471 3263 est
492 3167 707 3268 universorum
734 3170 826 3242 Deus
850 3185 920 3241 etc.
946 3181 984 3237 et
1007 3163 1110 3236 lilius
1136 3165 1170 3234 t‘u
1192 3165 1316 3258 Patre,
1344 3165 1403 3263 qui
1423 3167 1544 3262 itaque

305 3258 373 3326 ⁹0
395 3264 708 3360 'comprehenditur
736 3263 852 3337 titulo.
902 3260 983 3333 Lib.
1010 3259 1135 3352 111:7.
1162 3263 1280 3334 nullius
1312 3267 1439 3357 indigus
1476 3261 1544 3360 est,

302 3352 379 3425 9Πί
397 3360 487 3458 λέγω
492 3358 670 3455 scrutatum
688 3360 796 3433 habet
818 3355 863 3430 τὸν
885 3382 1117 3455 seruauerunt
1139 3357 1211 3429 θεὸν
1227 3357 1333 3431 Deum
1350 3363 1543 3452 omnipoten-

303 3440 400 3531 fem,
445 3455 515 3530 Sed
541 3455 845 3530 luculentiffimum
871 3454 923 3528 est
951 3449 1140 3527 'l'rinitatis
1167 3451 1427 3540 testimonium,
1452 3451 1547 3548 quod

300 3538 353 3612 ¹¹¹
386 3549 443 3625 fin.
469 3553 490 3627 l.
517 3551 586 3626 lll.
613 3550 772 3640 occurit,
798 3549 857 3622 ubi
875 3571 998 3647 preces
1022 3547 1064 3618 acl
1090 3545 1181 3641 uiyu
1197 3544 1376 3645 sermonem
1399 3548 1545 3645 dirigit,

303 3640 362 3705 et
390 3644 426 3716 in
446 3647 637 3742 doxologia
667 3644 857 3720 Trinitatis
883 3641 1029 3717 desinit:
1063 3643 1163 3715 Pater
1188 3662 1219 3716 et
1245 3644 1458 3718 lelius-unum
1476 3668 1546 3715 am·

339 3752 363 3801 0
389 3743 538 3814 dicuntur
566 3766 635 3816 cum
659 3744 786 3835 Spiritu
810 3742 847 3816 S.
898 3741 982 3812 Nec
1018 3735 1053 3809 in
1088 3738 1185 3812 libris
1209 3743 1422 3814 Srromatum
1456 3738 1548 3831 ejus·

313 3830 421 3907 1¹ludi
460 3838 583 3911 desunt
617 3838 758 3912 indicia
807 3836 868 3910 sic
897 3836 920 3908 l.
955 3834 1021 3906 lll.
1054 3854 1086 3907 c.
1126 3854 1181 3906 12.
1224 3834 1413 3930 adpellitur
1447 3833 1549 3905 nael·-

314 3932 439 4032 *enirm
463 3936 533 4015 eus
554 3938 749 4034 omniparens
773 3932 885 4020 Deus,
928 3946 965 4000 et
997 3929 1019 4001 l.
1055 3930 1123 4007 lV:
1161 3951 1217 4026 17.
1255 3929 1315 4005 ubi
1354 3928 1550 4003 animorum

878 4022 1030 4101 llhha
1351 4020 1548 4101 nostrorum
1629 4116 1634 4123 ‚
