<?xml version="1.0" encoding="UTF-8"?>
<!DOCTYPE html PUBLIC "-//W3C//DTD XHTML 1.0 Transitional//EN"
    "http://www.w3.org/TR/xhtml1/DTD/xhtml1-transitional.dtd">
<html xmlns="http://www.w3.org/1999/xhtml" xml:lang="en" lang="en">
 <head>
  <title>
</title>
<meta http-equiv="Content-Type" content="text/html;charset=utf-8" />
  <meta name='ocr-system' content='tesseract 3.04.00' />
  <meta name='ocr-capabilities' content='ocr_page ocr_carea ocr_par ocr_line ocrx_word'/>
</head>
<body>
  <div class='ocr_page' id='page_1' title='image "./hermannivenemai05venegoog_0184.png"; bbox 0 0 3609 5500; ppageno 0'>
   <div class='ocr_carea' id='block_1_1' title="bbox 293 903 1125 1014">
    <p class='ocr_par' dir='ltr' id='par_1_1' title="bbox 293 903 1125 1014">
     <span class='ocr_line' id='line_1_1' title="bbox 293 903 1125 1014; baseline 0.005 -26"><span class='ocrx_word' id='word_1_1' title='bbox 293 908 369 1007; x_wconf 76' lang='lat'>&#39;176</span> <span class='ocrx_word' id='word_1_2' title='bbox 682 903 1125 1014; x_wconf 61' lang='lat' dir='ltr'>Hdlorio&#39;ElclrfiAElrlsl.</span> 
     </span>
    </p>
   </div>
   <div class='ocr_carea' id='block_1_2' title="bbox 279 1087 1521 4069">
    <p class='ocr_par' dir='ltr' id='par_1_2' title="bbox 279 1087 1521 4069">
     <span class='ocr_line' id='line_1_2' title="bbox 293 1087 1518 1270; baseline 0 -103"><span class='ocrx_word' id='word_1_3' title='bbox 293 1101 458 1270; x_wconf 54' lang='lat' dir='ltr'>ffcmm</span> <span class='ocrx_word' id='word_1_4' title='bbox 479 1089 577 1264; x_wconf 49' lang='lat' dir='ltr'>Petyri</span> <span class='ocrx_word' id='word_1_5' title='bbox 605 1094 764 1185; x_wconf 90' lang='lat' dir='ltr'>mentio,</span> <span class='ocrx_word' id='word_1_6' title='bbox 797 1096 929 1171; x_wconf 73' lang='lat' dir='ltr'>solutus</span> <span class='ocrx_word' id='word_1_7' title='bbox 961 1115 1081 1171; x_wconf 86' lang='lat' dir='ltr'>autem</span> <span class='ocrx_word' id='word_1_8' title='bbox 1107 1090 1160 1167; x_wconf 90' lang='lat' dir='ltr'>est</span> <span class='ocrx_word' id='word_1_9' title='bbox 1191 1087 1342 1170; x_wconf 78' lang='lat' dir='ltr'>viocrdis</span> <span class='ocrx_word' id='word_1_10' title='bbox 1366 1107 1405 1170; x_wconf 83' lang='lat' dir='ltr'>a.</span> <span class='ocrx_word' id='word_1_11' title='bbox 1429 1104 1518 1185; x_wconf 73' lang='lat' dir='ltr'>9n03</span> 
     </span>
     <span class='ocr_line' id='line_1_3' title="bbox 338 1196 1512 1270; baseline 0.002 -9"><span class='ocrx_word' id='word_1_12' title='bbox 338 1211 388 1263; x_wconf 89' lang='lat' dir='ltr'>er.</span> <span class='ocrx_word' id='word_1_13' title='bbox 413 1214 484 1263; x_wconf 89' lang='lat' dir='ltr'>aer.</span> <span class='ocrx_word' id='word_1_14' title='bbox 540 1244 558 1270; x_wconf 86' lang='grc'>,.</span> <span class='ocrx_word' id='word_1_15' title='bbox 589 1196 647 1265; x_wconf 82' lang='lat'>62.</span> <span class='ocrx_word' id='word_1_16' title='bbox 996 1259 998 1265; x_wconf 83' lang='lat'><em>.</em></span> <span class='ocrx_word' id='word_1_17' title='bbox 1119 1259 1121 1264; x_wconf 84' lang='lat'><em>.</em></span> <span class='ocrx_word' id='word_1_18' title='bbox 1306 1257 1309 1264; x_wconf 85' lang='lat'><em>.</em></span> <span class='ocrx_word' id='word_1_19' title='bbox 1393 1261 1395 1266; x_wconf 88' lang='grc'>,</span> <span class='ocrx_word' id='word_1_20' title='bbox 1462 1257 1468 1270; x_wconf 89' lang='grc'><em>,</em></span> <span class='ocrx_word' id='word_1_21' title='bbox 1506 1263 1512 1270; x_wconf 78' lang='grc'><em>,</em></span> 
     </span>
     <span class='ocr_line' id='line_1_4' title="bbox 309 1281 1521 1385; baseline 0.004 -29"><span class='ocrx_word' id='word_1_22' title='bbox 309 1349 315 1356; x_wconf 87' lang='grc'><strong>.</strong></span> <span class='ocrx_word' id='word_1_23' title='bbox 342 1282 374 1384; x_wconf 50' lang='lat' dir='ltr'>p</span> <span class='ocrx_word' id='word_1_24' title='bbox 399 1286 523 1360; x_wconf 82' lang='lat' dir='ltr'>CLIX.</span> <span class='ocrx_word' id='word_1_25' title='bbox 547 1286 672 1375; x_wconf 82' lang='lat' dir='ltr'>Haec,</span> <span class='ocrx_word' id='word_1_26' title='bbox 703 1307 792 1383; x_wconf 85' lang='lat' dir='ltr'>quae</span> <span class='ocrx_word' id='word_1_27' title='bbox 819 1286 994 1385; x_wconf 80' lang='lat' dir='ltr'>produxi,</span> <span class='ocrx_word' id='word_1_28' title='bbox 1022 1285 1062 1360; x_wconf 92' lang='lat' dir='ltr'>in</span> <span class='ocrx_word' id='word_1_29' title='bbox 1087 1281 1187 1382; x_wconf 85' lang='lat' dir='ltr'>causa</span> <span class='ocrx_word' id='word_1_30' title='bbox 1212 1282 1375 1373; x_wconf 88' lang='lat' dir='ltr'>suerunt,</span> <span class='ocrx_word' id='word_1_31' title='bbox 1411 1304 1521 1379; x_wconf 77' lang='lat' dir='ltr'>quare</span> 
     </span>
     <span class='ocr_line' id='line_1_5' title="bbox 292 1376 1519 1479; baseline -0.002 -27"><span class='ocrx_word' id='word_1_32' title='bbox 292 1381 476 1472; x_wconf 82' lang='lat' dir='ltr'>ponnulli,</span> <span class='ocrx_word' id='word_1_33' title='bbox 501 1382 648 1479; x_wconf 87' lang='lat' dir='ltr'>ingente</span> <span class='ocrx_word' id='word_1_34' title='bbox 665 1382 707 1455; x_wconf 89' lang='lat' dir='ltr'>ad</span> <span class='ocrx_word' id='word_1_35' title='bbox 735 1402 851 1474; x_wconf 88' lang='lat' dir='ltr'>aratu,</span> <span class='ocrx_word' id='word_1_36' title='bbox 876 1386 1019 1460; x_wconf 90' lang='lat' dir='ltr'>Petrum</span> <span class='ocrx_word' id='word_1_37' title='bbox 1039 1402 1210 1478; x_wconf 85' lang='lat' dir='ltr'>nunquam</span> <span class='ocrx_word' id='word_1_38' title='bbox 1228 1381 1364 1456; x_wconf 87' lang='lat' dir='ltr'>Romae</span> <span class='ocrx_word' id='word_1_39' title='bbox 1393 1376 1519 1473; x_wconf 83' lang='lat' dir='ltr'>luisse,</span> 
     </span>
     <span class='ocr_line' id='line_1_6' title="bbox 292 1473 1516 1575; baseline -0.004 -25"><span class='ocrx_word' id='word_1_40' title='bbox 292 1495 353 1550; x_wconf 83' lang='lat' dir='ltr'>aut</span> <span class='ocrx_word' id='word_1_41' title='bbox 381 1476 431 1549; x_wconf 92' lang='lat' dir='ltr'>ibi</span> <span class='ocrx_word' id='word_1_42' title='bbox 456 1478 625 1575; x_wconf 85' lang='lat' dir='ltr'>martyrio</span> <span class='ocrx_word' id='word_1_43' title='bbox 652 1478 693 1551; x_wconf 90' lang='lat' dir='ltr'>ad</span> <span class='ocrx_word' id='word_1_44' title='bbox 712 1476 848 1570; x_wconf 69' lang='lat' dir='ltr'>edium,</span> <span class='ocrx_word' id='word_1_45' title='bbox 892 1478 1130 1555; x_wconf 86' lang='lat' dir='ltr'>demonstrare</span> <span class='ocrx_word' id='word_1_46' title='bbox 1156 1476 1275 1549; x_wconf 89' lang='lat' dir='ltr'>conati</span> <span class='ocrx_word' id='word_1_47' title='bbox 1298 1477 1395 1556; x_wconf 90' lang='lat' dir='ltr'>sunt:</span> <span class='ocrx_word' id='word_1_48' title='bbox 1439 1473 1516 1568; x_wconf 85' lang='lat' dir='ltr'>uti,</span> 
     </span>
     <span class='ocr_line' id='line_1_7' title="bbox 290 1568 1518 1673; baseline -0.002 -28"><span class='ocrx_word' id='word_1_49' title='bbox 290 1570 371 1668; x_wconf 89' lang='lat' dir='ltr'>post</span> <span class='ocrx_word' id='word_1_50' title='bbox 388 1572 604 1664; x_wconf 71' lang='lat' dir='ltr'>salmasium,</span> <span class='ocrx_word' id='word_1_51' title='bbox 628 1572 781 1647; x_wconf 86' lang='lat' dir='ltr'>instituit</span> <span class='ocrx_word' id='word_1_52' title='bbox 807 1578 863 1650; x_wconf 85' lang='lat' dir='ltr'>Fr.</span> <span class='ocrx_word' id='word_1_53' title='bbox 889 1573 1121 1673; x_wconf 70' lang='lat' dir='ltr'>spanhemius</span> <span class='ocrx_word' id='word_1_54' title='bbox 1146 1572 1184 1645; x_wconf 88' lang='lat' dir='ltr'>in</span> <span class='ocrx_word' id='word_1_55' title='bbox 1209 1571 1377 1669; x_wconf 74' lang='lat' dir='ltr'>peculiari</span> <span class='ocrx_word' id='word_1_56' title='bbox 1404 1568 1518 1664; x_wconf 73' lang='lat' dir='ltr'>Diu,</span> 
     </span>
     <span class='ocr_line' id='line_1_8' title="bbox 292 1665 1517 1767; baseline -0.002 -25"><span class='ocrx_word' id='word_1_57' title='bbox 292 1668 353 1743; x_wconf 92' lang='lat' dir='ltr'>ubi</span> <span class='ocrx_word' id='word_1_58' title='bbox 379 1688 417 1742; x_wconf 86' lang='lat' dir='ltr'>et</span> <span class='ocrx_word' id='word_1_59' title='bbox 441 1671 522 1742; x_wconf 89' lang='lat' dir='ltr'>alias</span> <span class='ocrx_word' id='word_1_60' title='bbox 548 1670 724 1760; x_wconf 84' lang='lat' dir='ltr'>rationes,</span> <span class='ocrx_word' id='word_1_61' title='bbox 747 1693 817 1766; x_wconf 93' lang='lat' dir='ltr'>pro</span> <span class='ocrx_word' id='word_1_62' title='bbox 841 1672 939 1745; x_wconf 88' lang='lat' dir='ltr'>Petri</span> <span class='ocrx_word' id='word_1_63' title='bbox 962 1695 1062 1745; x_wconf 89' lang='lat' dir='ltr'>mora</span> <span class='ocrx_word' id='word_1_64' title='bbox 1087 1670 1225 1742; x_wconf 84' lang='lat' dir='ltr'>Romae</span> <span class='ocrx_word' id='word_1_65' title='bbox 1259 1666 1405 1767; x_wconf 87' lang='lat' dir='ltr'>produci</span> <span class='ocrx_word' id='word_1_66' title='bbox 1433 1665 1517 1739; x_wconf 87' lang='lat' dir='ltr'>soli·</span> 
     </span>
     <span class='ocr_line' id='line_1_9' title="bbox 291 1762 1518 1866; baseline 0 -26"><span class='ocrx_word' id='word_1_67' title='bbox 291 1782 363 1853; x_wconf 82' lang='lat' dir='ltr'>tas,</span> <span class='ocrx_word' id='word_1_68' title='bbox 388 1763 485 1838; x_wconf 72' lang='lat' dir='ltr'>reete</span> <span class='ocrx_word' id='word_1_69' title='bbox 502 1765 695 1857; x_wconf 89' lang='lat' dir='ltr'>refutavit;</span> <span class='ocrx_word' id='word_1_70' title='bbox 720 1767 772 1840; x_wconf 92' lang='lat' dir='ltr'>uti</span> <span class='ocrx_word' id='word_1_71' title='bbox 798 1789 855 1841; x_wconf 88' lang='lat' dir='ltr'>ex.</span> <span class='ocrx_word' id='word_1_72' title='bbox 874 1791 926 1866; x_wconf 83' lang='lat' dir='ltr'>gr.</span> <span class='ocrx_word' id='word_1_73' title='bbox 947 1767 1041 1865; x_wconf 86' lang='lat' dir='ltr'>quod</span> <span class='ocrx_word' id='word_1_74' title='bbox 1070 1766 1174 1839; x_wconf 89' lang='lat' dir='ltr'>rPet.</span> <span class='ocrx_word' id='word_1_75' title='bbox 1202 1765 1251 1839; x_wconf 89' lang='lat' dir='ltr'>V:</span> <span class='ocrx_word' id='word_1_76' title='bbox 1282 1787 1337 1860; x_wconf 82' lang='lat'>13.</span> <span class='ocrx_word' id='word_1_77' title='bbox 1389 1762 1518 1840; x_wconf 71' lang='lat' dir='ltr'>Petrus</span> 
     </span>
     <span class='ocr_line' id='line_1_10' title="bbox 290 1857 1511 1957; baseline -0.002 -21"><span class='ocrx_word' id='word_1_78' title='bbox 290 1860 327 1937; x_wconf 92' lang='lat' dir='ltr'>se</span> <span class='ocrx_word' id='word_1_79' title='bbox 351 1862 517 1957; x_wconf 77' lang='lat' dir='ltr'><em>Babylone</em></span> <span class='ocrx_word' id='word_1_80' title='bbox 539 1860 691 1936; x_wconf 88' lang='lat' dir='ltr'>scribere</span> <span class='ocrx_word' id='word_1_81' title='bbox 718 1860 873 1953; x_wconf 79' lang='lat' dir='ltr'>indicat3</span> <span class='ocrx_word' id='word_1_82' title='bbox 904 1860 1122 1951; x_wconf 83' lang='lat' dir='ltr'>nonenim,</span> <span class='ocrx_word' id='word_1_83' title='bbox 1149 1859 1242 1957; x_wconf 90' lang='lat' dir='ltr'>quod</span> <span class='ocrx_word' id='word_1_84' title='bbox 1270 1862 1423 1936; x_wconf 83' lang='lat' dir='ltr'>Veteres</span> <span class='ocrx_word' id='word_1_85' title='bbox 1444 1857 1511 1933; x_wconf 90' lang='lat' dir='ltr'>ali·</span> 
     </span>
     <span class='ocr_line' id='line_1_11' title="bbox 315 1953 1514 2131; baseline -0.002 -99"><span class='ocrx_word' id='word_1_86' title='bbox 315 1955 351 2032; x_wconf 85' lang='lat' dir='ltr'>ui</span> <span class='ocrx_word' id='word_1_87' title='bbox 379 1957 576 2032; x_wconf 85' lang='lat' dir='ltr'>commenti</span> <span class='ocrx_word' id='word_1_88' title='bbox 602 1958 703 2047; x_wconf 89' lang='lat' dir='ltr'>sunt,</span> <span class='ocrx_word' id='word_1_89' title='bbox 729 1958 864 2048; x_wconf 90' lang='lat' dir='ltr'>Roma,</span> <span class='ocrx_word' id='word_1_90' title='bbox 890 1957 1038 2131; x_wconf 52' lang='lat' dir='ltr'>ngice</span> <span class='ocrx_word' id='word_1_91' title='bbox 1062 1953 1109 2029; x_wconf 88' lang='lat' dir='ltr'>src</span> <span class='ocrx_word' id='word_1_92' title='bbox 1134 1954 1249 2045; x_wconf 69' lang='lat' dir='ltr'>uera,</span> <span class='ocrx_word' id='word_1_93' title='bbox 1280 1953 1514 2051; x_wconf 82' lang='lat' dir='ltr'>intelligitur,</span> 
     </span>
     <span class='ocr_line' id='line_1_12' title="bbox 288 1979 1517 2152; baseline -0.002 -24"><span class='ocrx_word' id='word_1_94' title='bbox 288 1979 351 2128; x_wconf 68' lang='lat' dir='ltr'>sed</span> <span class='ocrx_word' id='word_1_95' title='bbox 373 2055 432 2129; x_wconf 88' lang='lat' dir='ltr'>vel</span> <span class='ocrx_word' id='word_1_96' title='bbox 459 2053 530 2129; x_wconf 83' lang='lat' dir='ltr'>Aff</span> <span class='ocrx_word' id='word_1_97' title='bbox 546 2053 659 2145; x_wconf 74' lang='lat' dir='ltr'>riam,</span> <span class='ocrx_word' id='word_1_98' title='bbox 685 2054 742 2127; x_wconf 86' lang='lat' dir='ltr'>vel</span> <span class='ocrx_word' id='word_1_99' title='bbox 764 2054 887 2151; x_wconf 82' lang='lat' dir='ltr'>potius</span> <span class='ocrx_word' id='word_1_100' title='bbox 980 2052 1170 2152; x_wconf 81' lang='lat' dir='ltr'>gyptiaca3</span> <span class='ocrx_word' id='word_1_101' title='bbox 1205 2070 1244 2124; x_wconf 91' lang='lat' dir='ltr'>ut</span> <span class='ocrx_word' id='word_1_102' title='bbox 1270 2054 1370 2147; x_wconf 87' lang='lat' dir='ltr'>supra</span> <span class='ocrx_word' id='word_1_103' title='bbox 1396 2052 1517 2125; x_wconf 91' lang='lat' dir='ltr'>obser·</span> 
     </span>
     <span class='ocr_line' id='line_1_13' title="bbox 290 2081 1514 2248; baseline -0.001 -24"><span class='ocrx_word' id='word_1_104' title='bbox 290 2148 405 2224; x_wconf 70' lang='lat' dir='ltr'>vavi..</span> <span class='ocrx_word' id='word_1_105' title='bbox 435 2150 504 2223; x_wconf 84' lang='lat' dir='ltr'>Sed</span> <span class='ocrx_word' id='word_1_106' title='bbox 523 2081 616 2224; x_wconf 53' lang='lat' dir='ltr'>daec</span> <span class='ocrx_word' id='word_1_107' title='bbox 644 2145 724 2223; x_wconf 84' lang='lat' dir='ltr'>falsa</span> <span class='ocrx_word' id='word_1_108' title='bbox 746 2173 822 2224; x_wconf 88' lang='lat' dir='ltr'>rem</span> <span class='ocrx_word' id='word_1_109' title='bbox 845 2151 955 2248; x_wconf 86' lang='lat' dir='ltr'>ipsam</span> <span class='ocrx_word' id='word_1_110' title='bbox 979 2149 1136 2223; x_wconf 90' lang='lat' dir='ltr'>nondum</span> <span class='ocrx_word' id='word_1_111' title='bbox 1160 2146 1315 2221; x_wconf 84' lang='lat' dir='ltr'>salsitatis</span> <span class='ocrx_word' id='word_1_112' title='bbox 1339 2168 1514 2242; x_wconf 86' lang='lat' dir='ltr'>arguunt,</span> 
     </span>
     <span class='ocr_line' id='line_1_14' title="bbox 288 2240 1514 2413; baseline 0 -93"><span class='ocrx_word' id='word_1_113' title='bbox 288 2245 443 2320; x_wconf 84' lang='lat' dir='ltr'>maxime</span> <span class='ocrx_word' id='word_1_114' title='bbox 473 2268 553 2319; x_wconf 90' lang='lat' dir='ltr'>cum</span> <span class='ocrx_word' id='word_1_115' title='bbox 578 2243 802 2340; x_wconf 75' lang='lat' dir='ltr'>antiquissimi</span> <span class='ocrx_word' id='word_1_116' title='bbox 837 2270 896 2321; x_wconf 81' lang='lat' dir='ltr'>ear</span> <span class='ocrx_word' id='word_1_117' title='bbox 918 2246 1017 2321; x_wconf 71' lang='lat' dir='ltr'>floras</span> <span class='ocrx_word' id='word_1_118' title='bbox 1050 2242 1248 2413; x_wconf 60' lang='lat' dir='ltr'>ipnorarint</span> <span class='ocrx_word' id='word_1_119' title='bbox 1283 2240 1514 2320; x_wconf 86' lang='lat' dir='ltr'>circumstan-</span> 
     </span>
     <span class='ocr_line' id='line_1_15' title="bbox 288 2339 1514 2439; baseline 0 -22"><span class='ocrx_word' id='word_1_120' title='bbox 288 2342 378 2431; x_wconf 88' lang='lat' dir='ltr'>tias,</span> <span class='ocrx_word' id='word_1_121' title='bbox 411 2363 478 2416; x_wconf 90' lang='lat' dir='ltr'>nec</span> <span class='ocrx_word' id='word_1_122' title='bbox 504 2340 636 2432; x_wconf 79' lang='lat' dir='ltr'>desint,</span> <span class='ocrx_word' id='word_1_123' title='bbox 673 2341 733 2439; x_wconf 92' lang='lat' dir='ltr'>qui</span> <span class='ocrx_word' id='word_1_124' title='bbox 756 2342 901 2417; x_wconf 90' lang='lat' dir='ltr'>Petrum</span> <span class='ocrx_word' id='word_1_125' title='bbox 927 2365 1000 2417; x_wconf 88' lang='lat' dir='ltr'>non</span> <span class='ocrx_word' id='word_1_126' title='bbox 1025 2339 1088 2415; x_wconf 88' lang='lat' dir='ltr'>nir</span> <span class='ocrx_word' id='word_1_127' title='bbox 1110 2341 1171 2414; x_wconf 88' lang='lat' dir='ltr'>sub</span> <span class='ocrx_word' id='word_1_128' title='bbox 1197 2339 1347 2413; x_wconf 85' lang='lat' dir='ltr'>Nerone</span> <span class='ocrx_word' id='word_1_129' title='bbox 1374 2340 1514 2417; x_wconf 82' lang='lat' dir='ltr'>venisse</span> 
     </span>
     <span class='ocr_line' id='line_1_16' title="bbox 288 2434 1513 2528; baseline 0.001 -15"><span class='ocrx_word' id='word_1_130' title='bbox 288 2439 454 2514; x_wconf 71' lang='lat' dir='ltr'>Romam,</span> <span class='ocrx_word' id='word_1_131' title='bbox 467 2436 628 2528; x_wconf 88' lang='lat' dir='ltr'>tradunt,</span> <span class='ocrx_word' id='word_1_132' title='bbox 654 2438 708 2512; x_wconf 91' lang='lat' dir='ltr'>uti</span> <span class='ocrx_word' id='word_1_133' title='bbox 719 2437 922 2513; x_wconf 68' lang='lat' dir='ltr'>Laetantius</span> <span class='ocrx_word' id='word_1_134' title='bbox 936 2439 980 2512; x_wconf 90' lang='lat' dir='ltr'>de</span> <span class='ocrx_word' id='word_1_135' title='bbox 996 2456 1102 2511; x_wconf 90' lang='lat' dir='ltr'>mort.</span> <span class='ocrx_word' id='word_1_136' title='bbox 1121 2434 1254 2510; x_wconf 88' lang='lat' dir='ltr'>Persec.</span> <span class='ocrx_word' id='word_1_137' title='bbox 1272 2459 1305 2511; x_wconf 86' lang='lat' dir='ltr'>c.</span> <span class='ocrx_word' id='word_1_138' title='bbox 1325 2457 1357 2511; x_wconf 87' lang='lat'>2.</span> <span class='ocrx_word' id='word_1_139' title='bbox 1378 2434 1513 2514; x_wconf 78' lang='lat' dir='ltr'>diserte</span> 
     </span>
     <span class='ocr_line' id='line_1_17' title="bbox 286 2529 1513 2633; baseline -0.002 -21"><span class='ocrx_word' id='word_1_140' title='bbox 286 2533 426 2612; x_wconf 75' lang='lat' dir='ltr'>adserit.</span> <span class='ocrx_word' id='word_1_141' title='bbox 473 2532 639 2629; x_wconf 89' lang='lat' dir='ltr'>Denique</span> <span class='ocrx_word' id='word_1_142' title='bbox 666 2532 757 2607; x_wconf 91' lang='lat' dir='ltr'>nulla</span> <span class='ocrx_word' id='word_1_143' title='bbox 781 2534 896 2609; x_wconf 81' lang='lat' dir='ltr'>suita</span> <span class='ocrx_word' id='word_1_144' title='bbox 911 2532 1129 2633; x_wconf 78' lang='lat' dir='ltr'>spanhemio</span> <span class='ocrx_word' id='word_1_145' title='bbox 1151 2531 1244 2607; x_wconf 89' lang='lat' dir='ltr'>ratio</span> <span class='ocrx_word' id='word_1_146' title='bbox 1266 2531 1376 2606; x_wconf 85' lang='lat' dir='ltr'>adlata</span> <span class='ocrx_word' id='word_1_147' title='bbox 1400 2529 1513 2611; x_wconf 85' lang='lat' dir='ltr'>solida</span> 
     </span>
     <span class='ocr_line' id='line_1_18' title="bbox 286 2625 1510 2733; baseline 0.005 -31"><span class='ocrx_word' id='word_1_148' title='bbox 286 2652 308 2716; x_wconf 88' lang='lat' dir='ltr'>a</span> <span class='ocrx_word' id='word_1_149' title='bbox 341 2625 522 2702; x_wconf 84' lang='lat' dir='ltr'>constante</span> <span class='ocrx_word' id='word_1_150' title='bbox 555 2628 730 2704; x_wconf 84' lang='lat' dir='ltr'>Veterum</span> <span class='ocrx_word' id='word_1_151' title='bbox 765 2629 957 2704; x_wconf 86' lang='lat' dir='ltr'>traditione</span> <span class='ocrx_word' id='word_1_152' title='bbox 994 2626 1208 2703; x_wconf 88' lang='lat' dir='ltr'>discedendi.</span> <span class='ocrx_word' id='word_1_153' title='bbox 1269 2626 1376 2733; x_wconf 77' lang='lat' dir='ltr'>Quod</span> <span class='ocrx_word' id='word_1_154' title='bbox 1410 2628 1510 2708; x_wconf 87' lang='lat' dir='ltr'>enim</span> 
     </span>
     <span class='ocr_line' id='line_1_19' title="bbox 283 2723 1509 2823; baseline -0.001 -21"><span class='ocrx_word' id='word_1_155' title='bbox 283 2723 428 2823; x_wconf 84' lang='lat' dir='ltr'>Papiam</span> <span class='ocrx_word' id='word_1_156' title='bbox 449 2748 516 2822; x_wconf 90' lang='lat' dir='ltr'>pro</span> <span class='ocrx_word' id='word_1_157' title='bbox 543 2725 652 2802; x_wconf 85' lang='lat' dir='ltr'>unico</span> <span class='ocrx_word' id='word_1_158' title='bbox 679 2725 754 2822; x_wconf 85' lang='lat' dir='ltr'>ejus</span> <span class='ocrx_word' id='word_1_159' title='bbox 779 2725 881 2800; x_wconf 90' lang='lat' dir='ltr'>fonte</span> <span class='ocrx_word' id='word_1_160' title='bbox 908 2728 1056 2818; x_wconf 89' lang='lat' dir='ltr'>habeat,</span> <span class='ocrx_word' id='word_1_161' title='bbox 1088 2723 1171 2800; x_wconf 90' lang='lat' dir='ltr'>illud</span> <span class='ocrx_word' id='word_1_162' title='bbox 1196 2723 1425 2799; x_wconf 84' lang='lat' dir='ltr'>fundamento</span> <span class='ocrx_word' id='word_1_163' title='bbox 1448 2748 1509 2801; x_wconf 87' lang='lat' dir='ltr'>ca·</span> 
     </span>
     <span class='ocr_line' id='line_1_20' title="bbox 285 2818 1510 2918; baseline -0.002 -19"><span class='ocrx_word' id='word_1_164' title='bbox 285 2839 365 2913; x_wconf 81' lang='lat' dir='ltr'>ret,</span> <span class='ocrx_word' id='word_1_165' title='bbox 390 2843 471 2895; x_wconf 90' lang='lat' dir='ltr'>cum</span> <span class='ocrx_word' id='word_1_166' title='bbox 498 2821 580 2911; x_wconf 90' lang='lat' dir='ltr'>alii,</span> <span class='ocrx_word' id='word_1_167' title='bbox 613 2822 690 2918; x_wconf 90' lang='lat' dir='ltr'>ipso</span> <span class='ocrx_word' id='word_1_168' title='bbox 715 2824 820 2918; x_wconf 90' lang='lat' dir='ltr'>paulo</span> <span class='ocrx_word' id='word_1_169' title='bbox 842 2822 1029 2896; x_wconf 84' lang='lat' dir='ltr'>inferiores</span> <span class='ocrx_word' id='word_1_170' title='bbox 1058 2818 1153 2898; x_wconf 86' lang='lat' dir='ltr'>idem</span> <span class='ocrx_word' id='word_1_171' title='bbox 1175 2818 1510 2918; x_wconf 79' lang='lat' dir='ltr'>reserant„absque</span> 
     </span>
     <span class='ocr_line' id='line_1_21' title="bbox 285 2917 1511 3026; baseline 0.001 -34"><span class='ocrx_word' id='word_1_172' title='bbox 285 2936 346 3008; x_wconf 82' lang='lat' dir='ltr'>ut,</span> <span class='ocrx_word' id='word_1_173' title='bbox 371 2938 432 2992; x_wconf 80' lang='lat' dir='ltr'>eos</span> <span class='ocrx_word' id='word_1_174' title='bbox 458 2941 503 2992; x_wconf 84' lang='lat' dir='ltr'>ex</span> <span class='ocrx_word' id='word_1_175' title='bbox 528 2918 634 3026; x_wconf 86' lang='lat' dir='ltr'>Papia</span> <span class='ocrx_word' id='word_1_176' title='bbox 661 2917 830 3006; x_wconf 75' lang='lat' dir='ltr'>sumsisse,</span> <span class='ocrx_word' id='word_1_177' title='bbox 855 2919 921 2991; x_wconf 89' lang='lat' dir='ltr'>ulla</span> <span class='ocrx_word' id='word_1_178' title='bbox 948 2917 989 2991; x_wconf 90' lang='lat' dir='ltr'>srt</span> <span class='ocrx_word' id='word_1_179' title='bbox 1014 2917 1186 3015; x_wconf 88' lang='lat' dir='ltr'>suspicio,</span> <span class='ocrx_word' id='word_1_180' title='bbox 1218 2936 1397 3013; x_wconf 87' lang='lat' dir='ltr'>praeterea</span> <span class='ocrx_word' id='word_1_181' title='bbox 1422 2940 1511 2992; x_wconf 89' lang='lat' dir='ltr'>con·</span> 
     </span>
     <span class='ocr_line' id='line_1_22' title="bbox 283 3009 1506 3114; baseline -0.002 -22"><span class='ocrx_word' id='word_1_182' title='bbox 283 3011 376 3109; x_wconf 78' lang='lat' dir='ltr'>stans</span> <span class='ocrx_word' id='word_1_183' title='bbox 399 3009 440 3086; x_wconf 85' lang='lat' dir='ltr'>lit</span> <span class='ocrx_word' id='word_1_184' title='bbox 464 3032 502 3087; x_wconf 92' lang='lat' dir='ltr'>et</span> <span class='ocrx_word' id='word_1_185' title='bbox 525 3011 728 3088; x_wconf 83' lang='lat' dir='ltr'>universalis</span> <span class='ocrx_word' id='word_1_186' title='bbox 753 3011 920 3103; x_wconf 86' lang='lat' dir='ltr'>traditio,</span> <span class='ocrx_word' id='word_1_187' title='bbox 953 3013 1060 3114; x_wconf 87' lang='lat' dir='ltr'>qualis</span> <span class='ocrx_word' id='word_1_188' title='bbox 1083 3015 1145 3088; x_wconf 81' lang='lat' dir='ltr'>vix</span> <span class='ocrx_word' id='word_1_189' title='bbox 1168 3012 1237 3086; x_wconf 86' lang='lat' dir='ltr'>elle</span> <span class='ocrx_word' id='word_1_190' title='bbox 1261 3009 1441 3109; x_wconf 90' lang='lat' dir='ltr'>potuerit,</span> <span class='ocrx_word' id='word_1_191' title='bbox 1478 3013 1506 3090; x_wconf 82' lang='lat' dir='ltr'>sr</span> 
     </span>
     <span class='ocr_line' id='line_1_23' title="bbox 286 3108 1509 3201; baseline -0.002 -15"><span class='ocrx_word' id='word_1_192' title='bbox 286 3110 332 3191; x_wconf 93' lang='lat' dir='ltr'>de</span> <span class='ocrx_word' id='word_1_193' title='bbox 355 3110 517 3193; x_wconf 39' lang='lat' dir='ltr'>veritate.</span> <span class='ocrx_word' id='word_1_194' title='bbox 533 3111 586 3185; x_wconf 89' lang='lat' dir='ltr'>rei</span> <span class='ocrx_word' id='word_1_195' title='bbox 623 3134 696 3186; x_wconf 92' lang='lat' dir='ltr'>non</span> <span class='ocrx_word' id='word_1_196' title='bbox 720 3108 951 3201; x_wconf 80' lang='lat' dir='ltr'>constitisset,</span> <span class='ocrx_word' id='word_1_197' title='bbox 986 3108 1139 3183; x_wconf 86' lang='lat' dir='ltr'>maxime</span> <span class='ocrx_word' id='word_1_198' title='bbox 1166 3132 1245 3183; x_wconf 87' lang='lat' dir='ltr'>eum</span> <span class='ocrx_word' id='word_1_199' title='bbox 1271 3111 1368 3182; x_wconf 86' lang='lat' dir='ltr'>locus</span> <span class='ocrx_word' id='word_1_200' title='bbox 1391 3108 1509 3184; x_wconf 89' lang='lat' dir='ltr'>cruci·</span> 
     </span>
     <span class='ocr_line' id='line_1_24' title="bbox 285 3202 1507 3303; baseline -0.004 -18"><span class='ocrx_word' id='word_1_201' title='bbox 285 3207 434 3285; x_wconf 83' lang='lat' dir='ltr'>fixionis</span> <span class='ocrx_word' id='word_1_202' title='bbox 459 3202 598 3300; x_wconf 75' lang='lat' dir='ltr'>Petri,</span> <span class='ocrx_word' id='word_1_203' title='bbox 614 3226 685 3281; x_wconf 91' lang='lat' dir='ltr'>tam</span> <span class='ocrx_word' id='word_1_204' title='bbox 709 3205 856 3283; x_wconf 89' lang='lat' dir='ltr'>celebris</span> <span class='ocrx_word' id='word_1_205' title='bbox 884 3205 1065 3301; x_wconf 84' lang='lat' dir='ltr'>Apostoli,</span> <span class='ocrx_word' id='word_1_206' title='bbox 1099 3205 1256 3303; x_wconf 85' lang='lat' dir='ltr'>ignorari</span> <span class='ocrx_word' id='word_1_207' title='bbox 1280 3227 1352 3278; x_wconf 90' lang='lat' dir='ltr'>non</span> <span class='ocrx_word' id='word_1_208' title='bbox 1377 3225 1507 3300; x_wconf 88' lang='lat' dir='ltr'>potue·</span> 
     </span>
     <span class='ocr_line' id='line_1_25' title="bbox 284 3300 1505 3398; baseline -0.001 -20"><span class='ocrx_word' id='word_1_209' title='bbox 284 3306 354 3378; x_wconf 86' lang='lat' dir='ltr'>rit:</span> <span class='ocrx_word' id='word_1_210' title='bbox 390 3329 436 3377; x_wconf 88' lang='lat' dir='ltr'>ne</span> <span class='ocrx_word' id='word_1_211' title='bbox 460 3302 598 3391; x_wconf 88' lang='lat' dir='ltr'>dicam,</span> <span class='ocrx_word' id='word_1_212' title='bbox 631 3304 757 3398; x_wconf 90' lang='lat' dir='ltr'>Papiae</span> <span class='ocrx_word' id='word_1_213' title='bbox 779 3304 1000 3375; x_wconf 88' lang='lat' dir='ltr'>autoritatem</span> <span class='ocrx_word' id='word_1_214' title='bbox 1026 3302 1064 3372; x_wconf 91' lang='lat' dir='ltr'>in</span> <span class='ocrx_word' id='word_1_215' title='bbox 1088 3302 1259 3396; x_wconf 89' lang='lat' dir='ltr'>ejusmodi</span> <span class='ocrx_word' id='word_1_216' title='bbox 1291 3300 1393 3382; x_wconf 87' lang='lat' dir='ltr'>rebus</span> <span class='ocrx_word' id='word_1_217' title='bbox 1416 3300 1505 3377; x_wconf 75' lang='lat' dir='ltr'>saffl</span> 
     </span>
     <span class='ocr_line' id='line_1_26' title="bbox 281 3394 1507 3492; baseline 0.001 -21"><span class='ocrx_word' id='word_1_218' title='bbox 281 3409 357 3472; x_wconf 82' lang='lat' dir='ltr'>-n&#39;on</span> <span class='ocrx_word' id='word_1_219' title='bbox 390 3394 460 3469; x_wconf 90' lang='lat' dir='ltr'>ess&#39;e</span> <span class='ocrx_word' id='word_1_220' title='bbox 494 3397 582 3468; x_wconf 88' lang='lat' dir='ltr'>adeo</span> <span class='ocrx_word' id='word_1_221' title='bbox 616 3395 854 3491; x_wconf 84' lang='lat' dir='ltr'>spernendam.</span> <span class='ocrx_word' id='word_1_222' title='bbox 902 3398 961 3468; x_wconf 91' lang='lat' dir='ltr'>De</span> <span class='ocrx_word' id='word_1_223' title='bbox 992 3416 1061 3491; x_wconf 92' lang='lat' dir='ltr'>quo</span> <span class='ocrx_word' id='word_1_224' title='bbox 1096 3395 1229 3492; x_wconf 87' lang='lat' dir='ltr'>postea.</span> <span class='ocrx_word' id='word_1_225' title='bbox 1276 3396 1428 3471; x_wconf 85' lang='lat' dir='ltr'>Protulit</span> <span class='ocrx_word' id='word_1_226' title='bbox 1454 3417 1507 3472; x_wconf 84' lang='lat' dir='ltr'>ta·</span> 
     </span>
     <span class='ocr_line' id='line_1_27' title="bbox 281 3489 1507 3588; baseline 0.002 -21"><span class='ocrx_word' id='word_1_227' title='bbox 281 3514 365 3567; x_wconf 88' lang='lat' dir='ltr'>men</span> <span class='ocrx_word' id='word_1_228' title='bbox 394 3492 558 3564; x_wconf 76' lang='lat' dir='ltr'>nonnulla</span> <span class='ocrx_word' id='word_1_229' title='bbox 583 3491 633 3564; x_wconf 91' lang='lat' dir='ltr'>Cl.</span> <span class='ocrx_word' id='word_1_230' title='bbox 658 3489 912 3585; x_wconf 84' lang='lat' dir='ltr'>Spanhemius,</span> <span class='ocrx_word' id='word_1_231' title='bbox 937 3515 1025 3587; x_wconf 86' lang='lat' dir='ltr'>quae</span> <span class='ocrx_word' id='word_1_232' title='bbox 1053 3493 1221 3588; x_wconf 87' lang='lat' dir='ltr'>majorem</span> <span class='ocrx_word' id='word_1_233' title='bbox 1249 3515 1429 3566; x_wconf 87' lang='lat' dir='ltr'>merentur</span> <span class='ocrx_word' id='word_1_234' title='bbox 1444 3494 1507 3569; x_wconf 89' lang='lat' dir='ltr'>ad·</span> 
     </span>
     <span class='ocr_line' id='line_1_28' title="bbox 282 3585 1505 3686; baseline 0.002 -22"><span class='ocrx_word' id='word_1_235' title='bbox 282 3585 505 3675; x_wconf 86' lang='lat' dir='ltr'>tentionem,</span> <span class='ocrx_word' id='word_1_236' title='bbox 532 3588 640 3660; x_wconf 90' lang='lat' dir='ltr'>verbo</span> <span class='ocrx_word' id='word_1_237' title='bbox 664 3585 876 3682; x_wconf 86' lang='lat' dir='ltr'>adtingenda</span> <span class='ocrx_word' id='word_1_238' title='bbox 902 3608 939 3661; x_wconf 92' lang='lat' dir='ltr'>et</span> <span class='ocrx_word' id='word_1_239' title='bbox 955 3588 1129 3663; x_wconf 90' lang='lat' dir='ltr'>diluenda.</span> <span class='ocrx_word' id='word_1_240' title='bbox 1178 3588 1275 3662; x_wconf 91' lang='lat' dir='ltr'>Petri</span> <span class='ocrx_word' id='word_1_241' title='bbox 1293 3587 1505 3686; x_wconf 85' lang='lat' dir='ltr'>martyrium</span> 
     </span>
     <span class='ocr_line' id='line_1_29' title="bbox 282 3681 1507 3784; baseline -0.001 -26"><span class='ocrx_word' id='word_1_242' title='bbox 282 3683 410 3759; x_wconf 83' lang='lat' dir='ltr'>Romae</span> <span class='ocrx_word' id='word_1_243' title='bbox 437 3702 506 3755; x_wconf 88' lang='lat' dir='ltr'>noo</span> <span class='ocrx_word' id='word_1_244' title='bbox 540 3681 743 3755; x_wconf 79' lang='lat' dir='ltr'>memorasse</span> <span class='ocrx_word' id='word_1_245' title='bbox 767 3685 992 3757; x_wconf 79' lang='lat' dir='ltr'>Clementem</span> <span class='ocrx_word' id='word_1_246' title='bbox 1016 3683 1122 3759; x_wconf 87' lang='lat' dir='ltr'>Rom.</span> <span class='ocrx_word' id='word_1_247' title='bbox 1157 3708 1213 3782; x_wconf 88' lang='lat' dir='ltr'>ep.</span> <span class='ocrx_word' id='word_1_248' title='bbox 1237 3685 1280 3759; x_wconf 86' lang='lat' dir='ltr'>ad</span> <span class='ocrx_word' id='word_1_249' title='bbox 1305 3687 1387 3759; x_wconf 89' lang='lat' dir='ltr'>Cor.</span> <span class='ocrx_word' id='word_1_250' title='bbox 1410 3684 1441 3784; x_wconf 65' lang='lat' dir='ltr'>l.</span> <span class='ocrx_word' id='word_1_251' title='bbox 1467 3709 1507 3778; x_wconf 81' lang='lat'>5,</span> 
     </span>
     <span class='ocr_line' id='line_1_30' title="bbox 282 3776 1503 3878; baseline -0.002 -21"><span class='ocrx_word' id='word_1_252' title='bbox 282 3779 345 3857; x_wconf 77' lang='lat' dir='ltr'>ubi</span> <span class='ocrx_word' id='word_1_253' title='bbox 372 3777 447 3872; x_wconf 88' lang='lat' dir='ltr'>ejus</span> <span class='ocrx_word' id='word_1_254' title='bbox 472 3776 691 3851; x_wconf 88' lang='lat' dir='ltr'>mentionem</span> <span class='ocrx_word' id='word_1_255' title='bbox 715 3777 826 3868; x_wconf 85' lang='lat' dir='ltr'>fecit,</span> <span class='ocrx_word' id='word_1_256' title='bbox 851 3800 977 3878; x_wconf 89' lang='lat' dir='ltr'>urget,</span> <span class='ocrx_word' id='word_1_257' title='bbox 1003 3779 1176 3878; x_wconf 87' lang='lat' dir='ltr'>indeque,</span> <span class='ocrx_word' id='word_1_258' title='bbox 1200 3782 1343 3854; x_wconf 89' lang='lat' dir='ltr'>Petrum</span> <span class='ocrx_word' id='word_1_259' title='bbox 1362 3782 1503 3855; x_wconf 80' lang='lat' dir='ltr'>Romae</span> 
     </span>
     <span class='ocr_line' id='line_1_31' title="bbox 279 3871 1505 3973; baseline 0.002 -22"><span class='ocrx_word' id='word_1_260' title='bbox 279 3899 356 3952; x_wconf 85' lang='lat' dir='ltr'>non</span> <span class='ocrx_word' id='word_1_261' title='bbox 389 3871 490 3948; x_wconf 81' lang='lat' dir='ltr'>fuisse</span> <span class='ocrx_word' id='word_1_262' title='bbox 528 3873 702 3957; x_wconf 80' lang='lat' dir='ltr'>occisum.</span> <span class='ocrx_word' id='word_1_263' title='bbox 745 3875 891 3973; x_wconf 86' lang='lat' dir='ltr'>colligit.</span> <span class='ocrx_word' id='word_1_264' title='bbox 945 3875 1013 3950; x_wconf 84' lang='lat' dir='ltr'>Sed</span> <span class='ocrx_word' id='word_1_265' title='bbox 1052 3902 1082 3952; x_wconf 91' lang='lat'>1.</span> <span class='ocrx_word' id='word_1_266' title='bbox 1115 3900 1182 3952; x_wconf 88' lang='lat' dir='ltr'>nec</span> <span class='ocrx_word' id='word_1_267' title='bbox 1206 3875 1249 3950; x_wconf 91' lang='lat' dir='ltr'>de</span> <span class='ocrx_word' id='word_1_268' title='bbox 1272 3878 1396 3967; x_wconf 85' lang='lat' dir='ltr'>Paulo,</span> <span class='ocrx_word' id='word_1_269' title='bbox 1432 3877 1505 3954; x_wconf 80' lang='lat' dir='ltr'>ubi</span> 
     </span>
     <span class='ocr_line' id='line_1_32' title="bbox 281 3970 1503 4069; baseline 0.002 -23"><span class='ocrx_word' id='word_1_270' title='bbox 281 3974 357 4067; x_wconf 81' lang='lat' dir='ltr'>ejus</span> <span class='ocrx_word' id='word_1_271' title='bbox 379 3971 585 4066; x_wconf 88' lang='lat' dir='ltr'>martyrium</span> <span class='ocrx_word' id='word_1_272' title='bbox 610 3994 655 4044; x_wconf 88' lang='lat' dir='ltr'>eo</span> <span class='ocrx_word' id='word_1_273' title='bbox 681 3970 757 4068; x_wconf 91' lang='lat' dir='ltr'>ipso</span> <span class='ocrx_word' id='word_1_274' title='bbox 779 3973 859 4047; x_wconf 91' lang='lat' dir='ltr'>loco</span> <span class='ocrx_word' id='word_1_275' title='bbox 884 3991 1022 4061; x_wconf 90' lang='lat' dir='ltr'>narrat,</span> <span class='ocrx_word' id='word_1_276' title='bbox 1048 3973 1129 4045; x_wconf 90' lang='lat' dir='ltr'>illud</span> <span class='ocrx_word' id='word_1_277' title='bbox 1150 3971 1308 4069; x_wconf 79' lang='lat' dir='ltr'>exprelle</span> <span class='ocrx_word' id='word_1_278' title='bbox 1335 3971 1503 4068; x_wconf 89' lang='lat' dir='ltr'>tradidit,</span> 
     </span>
    </p>
   </div>
   <div class='ocr_carea' id='block_1_3' title="bbox 279 4065 1510 4435">
    <p class='ocr_par' dir='ltr' id='par_1_3' title="bbox 279 4065 1510 4435">
     <span class='ocr_line' id='line_1_33' title="bbox 307 4065 1505 4166; baseline 0.003 -26"><span class='ocrx_word' id='word_1_279' title='bbox 307 4065 340 4140; x_wconf 87' lang='lat' dir='ltr'>ui</span> <span class='ocrx_word' id='word_1_280' title='bbox 369 4086 485 4139; x_wconf 87' lang='lat' dir='ltr'>tamen</span> <span class='ocrx_word' id='word_1_281' title='bbox 510 4068 646 4140; x_wconf 79' lang='lat' dir='ltr'>Romae</span> <span class='ocrx_word' id='word_1_282' title='bbox 672 4068 783 4163; x_wconf 84' lang='lat' dir='ltr'>passus</span> <span class='ocrx_word' id='word_1_283' title='bbox 812 4066 874 4144; x_wconf 89' lang='lat' dir='ltr'>est.</span> <span class='ocrx_word' id='word_1_284' title='bbox 923 4067 1026 4143; x_wconf 88' lang='lat' dir='ltr'>Dicit</span> <span class='ocrx_word' id='word_1_285' title='bbox 1051 4085 1186 4143; x_wconf 91' lang='lat' dir='ltr'>tantum</span> <span class='ocrx_word' id='word_1_286' title='bbox 1210 4070 1247 4143; x_wconf 92' lang='lat' dir='ltr'>in</span> <span class='ocrx_word' id='word_1_287' title='bbox 1271 4092 1420 4164; x_wconf 79' lang='lat' dir='ltr'>genere,</span> <span class='ocrx_word' id='word_1_288' title='bbox 1445 4068 1505 4166; x_wconf 90' lang='lat' dir='ltr'>ip·</span> 
     </span>
     <span class='ocr_line' id='line_1_34' title="bbox 279 4092 1510 4252; baseline 0.005 -15"><span class='ocrx_word' id='word_1_289' title='bbox 279 4092 354 4243; x_wconf 60' lang='lat' dir='ltr'>sum</span> <span class='ocrx_word' id='word_1_290' title='bbox 379 4162 421 4235; x_wconf 91' lang='lat' dir='ltr'>ad</span> <span class='ocrx_word' id='word_1_291' title='bbox 448 4164 634 4235; x_wconf 82' lang='lat' dir='ltr'>Occidentis</span> <span class='ocrx_word' id='word_1_292' title='bbox 666 4167 818 4240; x_wconf 85' lang='lat' dir='ltr'>terminos</span> <span class='ocrx_word' id='word_1_293' title='bbox 851 4163 1003 4252; x_wconf 78' lang='lat' dir='ltr'>venisse,</span> <span class='ocrx_word' id='word_1_294' title='bbox 1045 4186 1113 4237; x_wconf 90' lang='lat' dir='ltr'>nec</span> <span class='ocrx_word' id='word_1_295' title='bbox 1138 4184 1255 4240; x_wconf 86' lang='lat' dir='ltr'>tamen</span> <span class='ocrx_word' id='word_1_296' title='bbox 1282 4166 1434 4239; x_wconf 89' lang='lat' dir='ltr'>Romam</span> <span class='ocrx_word' id='word_1_297' title='bbox 1465 4191 1510 4244; x_wconf 78' lang='lat' dir='ltr'>ea</span> 
     </span>
     <span class='ocr_line' id='line_1_35' title="bbox 304 4254 1502 4435; baseline 0.009 -104"><span class='ocrx_word' id='word_1_298' title='bbox 304 4256 392 4332; x_wconf 85' lang='lat' dir='ltr'>hrofi</span> <span class='ocrx_word' id='word_1_299' title='bbox 425 4254 618 4355; x_wconf 88' lang='lat' dir='ltr'>indigitat,</span> <span class='ocrx_word' id='word_1_300' title='bbox 659 4260 717 4333; x_wconf 92' lang='lat' dir='ltr'>sed</span> <span class='ocrx_word' id='word_1_301' title='bbox 759 4257 877 4356; x_wconf 81' lang='lat' dir='ltr'>potius</span> <span class='ocrx_word' id='word_1_302' title='bbox 906 4259 1144 4358; x_wconf 89' lang='lat' dir='ltr'>Hispaniam,</span> <span class='ocrx_word' id='word_1_303' title='bbox 1184 4263 1229 4336; x_wconf 87' lang='lat' dir='ltr'>de</span> <span class='ocrx_word' id='word_1_304' title='bbox 1262 4284 1331 4357; x_wconf 91' lang='lat' dir='ltr'>quo</span> <span class='ocrx_word' id='word_1_305' title='bbox 1366 4259 1502 4435; x_wconf 81' lang='lat' dir='ltr'>postea.</span> 
     </span>
    </p>
   </div>
   <div class='ocr_carea' id='block_1_4' title="bbox 287 4351 1511 4556">
    <p class='ocr_par' dir='ltr' id='par_1_4' title="bbox 287 4351 1511 4556">
     <span class='ocr_line' id='line_1_36' title="bbox 317 4351 1511 4535; baseline -0.002 -103"><span class='ocrx_word' id='word_1_306' title='bbox 317 4351 420 4432; x_wconf 86' lang='lat' dir='ltr'>einde</span> <span class='ocrx_word' id='word_1_307' title='bbox 455 4377 487 4433; x_wconf 86' lang='lat' dir='ltr'>a.</span> <span class='ocrx_word' id='word_1_308' title='bbox 511 4356 664 4433; x_wconf 81' lang='lat' dir='ltr'>Romam</span> <span class='ocrx_word' id='word_1_309' title='bbox 696 4355 763 4455; x_wconf 84' lang='lat' dir='ltr'>ipfi</span> <span class='ocrx_word' id='word_1_310' title='bbox 795 4356 836 4434; x_wconf 88' lang='lat' dir='ltr'>io</span> <span class='ocrx_word' id='word_1_311' title='bbox 858 4356 972 4471; x_wconf 69' lang='lat' dir='ltr'>&#39;oeulir</span> <span class='ocrx_word' id='word_1_312' title='bbox 997 4355 1136 4469; x_wconf 82' lang='lat' dir='ltr'>luisse,</span> <span class='ocrx_word' id='word_1_313' title='bbox 1164 4358 1222 4434; x_wconf 90' lang='lat' dir='ltr'>vel</span> <span class='ocrx_word' id='word_1_314' title='bbox 1254 4354 1338 4444; x_wconf 89' lang='lat' dir='ltr'>inde</span> <span class='ocrx_word' id='word_1_315' title='bbox 1379 4358 1511 4535; x_wconf 42' lang='lat' dir='ltr'>iquettx,¹</span> 
     </span>
     <span class='ocr_line' id='line_1_37' title="bbox 287 4477 1460 4556; baseline 0 -13"><span class='ocrx_word' id='word_1_316' title='bbox 287 4538 290 4543; x_wconf 86' lang='lat'>.</span> <span class='ocrx_word' id='word_1_317' title='bbox 842 4487 852 4529; x_wconf 91' lang='lat'>.·</span> <span class='ocrx_word' id='word_1_318' title='bbox 1414 4477 1460 4556; x_wconf 88' lang='lat' dir='ltr'>qu</span> 
     </span>
    </p>
   </div>
   <div class='ocr_carea' id='block_1_5' title="bbox 0 0 1810 5500">
    <p class='ocr_par' dir='ltr' id='par_1_5' title="bbox 0 0 1810 5500">
     <span class='ocr_line' id='line_1_38' title="bbox 0 0 1810 5500; baseline 0 8"><span class='ocrx_word' id='word_1_319' title='bbox 0 0 1810 5500; x_wconf 95' lang='lat' dir='ltr'> </span> 
     </span>
    </p>
   </div>
  </div>
 </body>
</html>
