3609 5500
839 929 999 1016 Secuta·
1456 960 1532 1043 319

337 1100 413 1184 n'odo
430 1132 503 1188 non
522 1111 702 1190 defuerint
727 1117 770 1193 ab
797 1116 976 1212 Apostolis
1007 1116 1078 1191 hoc
1114 1116 1209 1191 dono
1234 1105 1369 1213 ornati,
1400 1142 1436 1199 et
1456 1129 1521 1225 Jo-

351 1294 356 1309 .
452 1209 568 1285 adhuc
600 1212 638 1286 in
664 1212 759 1287 vivis
781 1214 912 1302 suerit,
939 1235 1011 1287 turn
1038 1215 1130 1311 quod
1147 1216 1247 1288 Deus
1273 1221 1549 1300 extraordina-

334 1302 411 1406 neln
430 1308 614 1384 nonnullus
638 1309 802 1383 conferre
828 1310 973 1384 subinde
1001 1310 1178 1405 potuerit,
1204 1309 1290 1385 ficut
1316 1316 1355 1389 in
1380 1319 1513 1414 princi·

332 1399 578 1493 pollentibus,
607 1403 656 1476 uti
683 1404 849 1479 Cornelio
864 1425 901 1479 et
924 1404 1026 1479 sociis
1048 1406 1223 1504 contigit,
1250 1427 1324 1481 tum
1341 1412 1512 1509 denique,

329 1493 397 1656 joad
418 1497 589 1589 observo,
621 1500 899 1574 communicatio
927 1500 1076 1597 Spiritus
1104 1505 1139 1575 S.
1170 1524 1235 1609 per
1260 1505 1448 1600 Apostolos
1471 1514 1519 1586 ad
1624 1551 1627 1558 ·

347 1607 428 1664 onum
445 1590 660 1689 linguarum,
684 1615 721 1670 et
745 1596 1011 1693 inspirationem
1047 1597 1288 1690 rophetrcam‚
1307 1619 1441 1677 tantum
1458 1630 1514 1679 re·

327 1675 471 1798 spererit,
498 1711 571 1763 nou
585 1691 628 1764 ad
643 1691 784 1787 quaevis
812 1692 978 1767 miracula
999 1622 1083 1781 aila,
1110 1693 1161 1765 uti
1179 1716 1224 1766 ex
1240 1694 1320 1769 Aa.
1346 1700 1380 1769 II
1405 1719 1443 1773 et
1465 1703 1515 1775 X.

325 1778 437 1856 asim.
461 1784 491 1856 1:
519 1791 555 1859 6.
589 1786 669 1861 Aet.
697 1788 804 1863 VIII:
839 1796 891 1860 ro
930 1789 1026 1862 XIX:
1052 1795 1085 1860 6.
1121 1788 1340 1865 manifestum
1364 1792 1434 1867 else
1457 1818 1516 1869 rev

321 1890 391 2047 opus
397 1876 501 1980 Quod
524 1880 672 1977 speciale
695 1882 827 1958 donum
841 1881 964 1979 postea
988 1881 1158 1976 cessavit,
1178 1885 1258 1981 quia
1282 1910 1330 1961 eo·
1347 1909 1419 1967 non
1440 1916 1517 1968 arur

315 1984 338 2062 p
411 1995 501 2072 opus
521 1995 611 2054 etat.
684 2068 687 2072 ,

786 2164 1041 2246 Hnnnnsns

351 2353 384 2457 5.
408 2357 607 2437 CCLXXII.
638 2360 696 2435 Aa
769 2360 819 2436 cis
841 2356 1101 2435 neclefiasticae
1126 2358 1515 2461 contemplationemli

299 2474 367 2529 not
391 2453 627 2545 conseramus,
652 2459 726 2531 Ecc
739 2458 827 2533 eliae
852 2456 981 2529 faciem
1004 2474 1043 2527 et
1069 2456 1136 2531 hac
1160 2481 1260 2554 parte
1276 2463 1370 2535 baud
1389 2487 1512 2558 parum

294 2548 396 2625 suffe
418 2554 726 2643 commaculatam,
769 2572 806 2627 et
823 2553 1059 2638 obscuratam,
1097 2553 1419 2650 deprehendemus,
1448 2574 1516 2654 per*

291 2644 452 2720 haereses
483 2644 754 2739 Gnosticorum,
787 2650 856 2722 hoc
882 2646 1066 2722 intervallo
1079 2648 1149 2741 jum
1175 2671 1283 2728 ortas:
1318 2677 1397 2727 cunr
1414 2657 1514 2731 enim-
1631 2727 1634 2734 .

289 2740 343 2818 illi
367 2740 533 2816 homines
558 2742 672 2818 adhuc
698 2742 884 2831 commixti
905 2763 1003 2817 erant
1018 2745 1262 2838 credentibus,
1286 2771 1353 2824 nec
1370 2754 1514 2846 publice

289 2839 336 2914 ab
356 2834 514 2912 Ecclesia
537 2838 704 2936 separati,
748 2841 822 2935 ejus
842 2839 1102 3008 pulchritudem
1128 2861 1165 2913 et
1197 2842 1386 2937 puritatem
1420 2846 1515 2920 baud

291 2953 417 3031 pmnm
439 2932 681 3030 deturparunt.
733 2938 793 3009 He
819 2936 1074 3032 etppusapud
1101 2937 1182 3012 nun
1205 2939 1244 3010 H
1282 2940 1322 3014 Ε.
1349 2942 1413 3013 III:
1448 2964 1510 3034 32,

290 3046 334 3103 et
353 3028 425 3104 lv:
449 3049 509 3102 22.
532 3029 665 3120 refert,
689 2960 878 3105 Ecclesiam
905 3031 1009 3125 usque
1034 3030 1075 3102 ad
1092 3031 1308 3107 Hadrianum
1326 3034 1427 3107 fuisse
1444 3041 1511 3109 uir·

318 3126 407 3198 inens
427 3142 465 3197 et
481 3127 721 3221 incorruptum,
747 3128 859 3222 quoad
884 3125 1108 3209 dotlrinam,
1134 3150 1204 3197 non
1228 3128 1322 3221 quod
1349 3129 1431 3202 nulli
1459 3132 1511 3204 es·

394 3217 587 3311 haeretici,
613 3223 672 3294 sed
696 3223 821 3318 pauci,
846 3240 882 3295 et
908 3219 944 3290 in
970 3219 1143 3292 Ecclesiae
1168 3223 1417 3297 communione
1432 3225 1512 3298 lati*
1584 3278 1587 3285 ·

291 3332 425 3405 nantes,
450 3316 577 3413 absque
602 3338 642 3390 ut
660 3315 697 3390 in
714 3317 907 3412 peculiares
922 3313 1088 3405 familias,
1118 3335 1177 3388 aut
1201 3312 1326 3408 festas,
1344 3319 1507 3395 discesse-

284 3411 381 3489 rint:
443 3434 522 3485 uam
554 3435 671 3486 veram
695 3412 892 3510 Hegesrppi
916 3431 1071 3485 mentem
1099 3410 1195 3486 reste
1221 3412 1311 3486 vidit
1343 3417 1513 3491 Dodwel-

290 3510 348 3584 lus
370 3434 514 3582 Diisert.
539 3510 632 3581 Iren.
659 3510 687 3583 I.
714 3506 809 3582 secus
834 3505 977 3614 etalii,
1013 3506 1071 3603 qui
1095 3509 1137 3580 ad
1163 3508 1350 3584 Ecclefiun
1375 3512 1509 3587 Hiero·

289 3600 537 3699 solymitanam
576 3601 802 3795 restrinpunt.
869 3606 935 3679 cur
969 3601 1165 3715 Ilegelippi
1204 3605 1392 3720 adsertioni
1435 3632 1509 3685 non
1543 3668 1551 3678 .

289 3698 673 3891 iiiffiitjnlllisff
688 3700 776 3891 ,sl
799 3701 949 3892 dinis}
967 3698 1246 3904 iiiiii&
1255 3703 1516 3891 illiniti-'-

289 3888 639 4061 slfflhllslslsl
659 3892 820 4081 llllsss
841 3888 1513 4079 slsilltaflslscissibilis

286 4079 431 4158 satione
454 4104 529 4154 non
561 4083 611 4155 ita
626 4081 733 4156 suerit
749 4104 814 4177 per
848 4077 1046 4153 haereticos
1063 4083 1198 4156 turbata
1216 4137 1225 4171 ,
1260 4083 1344 4156 ficut
1362 4087 1515 4181 sequen‹

288 4177 389 4253 tibus
412 4176 652 4274 temporibus,
696 4201 763 4251 nec
787 4195 919 4250 tantam
950 4175 1080 4250 exteris
1118 4179 1319 4273 praebuerit
1344 4178 1513 4252 offenso·-

286 4297 399 4358 nem,
427 4295 508 4346 curu
531 4274 704 4347 Ecclesiae
729 4297 799 4347 non
825 4271 958 4345 suerint
983 4271 1121 4363 scissae,
1161 4298 1227 4347 nec
1253 4274 1419 4346 haeretici
1441 4300 1512 4439 pn

285 4371 362 4449 lau
385 4366 626 4463 innotuerint,
650 4368 740 4469 ,dici
767 4389 883 4538 tamlpn
910 4369 1053 4466 nequit,
1086 4371 1179 4468 quod
1206 4371 1310 4445 tradit
1332 4372 1436 4466 Hege
1455 4395 1508 4464 tp·

869 4486 887 4536 I
908 4485 933 4556 4
1421 4489 1515 4564 plis,
1643 4552 1645 4557 Ι
