3609 5500
293 958 338 1039 e
576 964 617 1041 4
686 942 834 1045 mpura
854 942 988 1047 acures.
1002 944 1129 1049 cnut
1198 921 1201 927 ’

298 1123 371 1200 HI.
393 1121 444 1199 de·
463 1119 539 1222 ipso
562 1124 782 1223 praedictum
809 1136 910 1217 erat,
930 1129 1018 1206 iram
1043 1151 1091 1214 ue·
1108 1126 1248 1227 populo·
1265 1125 1527 1226 cormptojam

294 1220 551 1311 inminentem,
576 1224 686 1297 Matt.
711 1226 784 1298 lii..
803 1224 997 1323 effugiant,
1020 1154 1166 1300 inerunt
1185 1224 1333 1321 duplicis
1357 1225 1524 1321 generis,

297 1321 387 1397 uiae
412 1321 528 1417 uates,
542 1318 630 1391 aliae
648 1324 808 1393 rituales:
834 1325 911 1418 egit
938 1325 1032 1396 enim
1056 1321 1235 1419 publicum
1252 1319 1525 1418 poenitentiae,

295 1438 335 1493 et
362 1415 506 1489 virtutis
531 1416 749 1489 exercendae
773 1440 1011 1512 praeconem,
1044 1442 1088 1492 ac
1112 1416 1307 1513 baptistam.
1356 1417 1515 1492 Concio·

293 1538 380 1602 nes,
405 1512 515 1607 scopo
543 1511 699 1585 muneris
723 1536 924 1607 congruae,
947 1538 993 1587 eo
1019 1513 1238 1611 speciatum,
1263 1532 1311 1586 ut.
1329 1538 1368 1587 1.
1388 1514 1522 1609 poeni·

293 1606 445 1684 tentiam
472 1627 576 1706 agant
603 1627 815 1704 peccatores,
835 1629 873 1682 et
894 1610 1116 1707 resipiscant,
1160 1634 1193 1685 u
1219 1608 1352 1682 fruetus
1369 1631 1524 1779 puroque·

267 1729 340 1781 ea
361 1702 487 1799 dignos
521 1703 761 1795 deinferant,
793 1702 831 1776 in
855 1728 945 1780 vera.
963 1706 1121 1807 pietate,
1159 1726 1196 1779 et
1221 1706 1356 1779 virtute
1387 1702 1523 1797 ocini,

254 1802 453 1898 *adeoque
485 1799 587 1874 bonis
626 1800 812 1897 operibus,
852 1800 956 1893 srtos,
996 1827 1064 1900 pro
1089 1803 1304 1899 singulorum*
1324 1798 1434 1890 statu,
1476 1822 1516 1875 et

294 1897 437 1988 offici0,
462 1898 579 1969 Matt,
601 1898 666 1970 111.
692 1915 732 1969 et
752 1898 843 1970 Luc.
870 1900 944 1973 ΠΙ,
989 1923 1022 1994 3;.
1046 1901 1092 1973 In
1108 1896 1386 1996 praerogativis,
1410 1896 1519 1971 semi-

290 1991 331 2069 ni
356 1992 519 2066 Abrahae
559 1991 749 2083 concessis,
790 1993 973 2085 externis,
991 2013 1052 2069 aut
1090 2020 1137 2070 ex
1165 1995 1312 2068 foedere
1339 1992 1521 2068 Sinaitico:

290 2089 509 2178 fluentibus,
538 2110 720 2198 regnoque
753 2107 903 2163 externo
933 2109 973 2164 et
997 2090 1158 2165 terrestri
1176 2088 1370 2186 congruis,
1394 2087 1521 2161 simili·

290 2187 421 2283 busque
447 2188 549 2258 rebus
570 2204 631 2278 aut
650 2183 801 2275 ritibus,
822 2185 995 2261 fiduciam.
1014 2209 1088 2260 non
1112 2187 1415 2262 collocentMatt.
1441 2184 1520 2263 ΠΡ..

288 2280 351 2355 sed
375 2304 411 2373 4.
436 2281 620 2372 Meffiam,
674 2299 838 2377 tanquam
861 2308 989 2379 agnum·
1006 2282 1096 2374 Dei,
1137 2281 1202 2381 qui·
1232 2298 1370 2379 peccatu
1400 2283 1522 2355 mundi*

288 2381 393 2467 tollit,
417 2376 498 2472 Joh.
524 2379 576 2465 1.,
602 2378 772 2487 regnique
791 2378 973 2455 coelorum
998 2380 1242 2468 conditorem,
1267 2378 1427 2476 adeoque
1443 2400 1518 2451 no-

287 2495 355 2551 vae
379 2472 631 2547 OEconomiae
646 2473 835 2570 spiritualis
851 2496 892 2548 ac
920 2474 1080 2552 coelestis
1097 2496 1277 2564 autorem,
1308 2492 1350 2547 et
1365 2496 1487 2571 regem
1497 2529 1518 2565 ,

286 2593 373 2645 vera
399 2571 469 2643 fide
494 2569 692 2662 adsumant,
717 2589 756 2643 et
780 2570 876 2645 inter
894 2573 969 2667 ejus
994 2572 1189 2670 discipulos·
1207 2569 1518 2648 accivesnomen

285 2667 385 2741 suum
408 2666 659 2762 profiteantur,
702 2689 771 2740 nec
795 2666 879 2760 fibi,
904 2669 965 2743 sed
992 2669 1005 2743 i
1032 2668 1077 2760 st,
1103 2668 1142 2742 in
1166 2666 1237 2744 fide
1257 2686 1296 2740 et
1312 2689 1432 2752 amore
1449 2664 1515 2739 ad-

276 2762 510 2851 haerescunt,
552 2763 640 2860 Joiu.
661 2765 725 2836 111.
760 2787 841 2839 cum
883 2763 960 2862 ipse
1006 2784 1035 2840 rt
1060 2764 1188 2840 Messia
1219 2765 1326 2862 longe
1358 2761 1518 2838 inferior

287 2858 372 2956 Joh.
397 2859 426 2929 L
454 2877 492 2931 et
515 2859 563 2932 ad
573 2860 741 2957 populum
764 2859 1034 2957 ipsipatandum
1059 2860 1163 2936 unice
1185 2858 1314 2954 miffus.
1367 2882 1403 2951 5,
1429 2861 1510 2932 D'e·

284 2953 414 3064 nique,
432 2973 471 3028 ut
487 2954 524 3028 in
533 2973 780 3053 peccatorum,
799 2976 837 3031 et
851 2954 1274 3053 pravorum-facinorum,
1294 2957 1433 3029 suorum
1442 2977 1511 3028 no·

284 3052 588 3143 titiam'veniant,
627 3051 779 3149 cujusvis
795 3051 902 3128 etiam
926 3052 994 3128 srnt
1018 3052 1151 3129 ordinis
1173 3073 1211 3128 et
1235 3048 1418 3162 dignitatis
1441 3050 1513 3124 ho·-

281 3149 417 3239 mines,
445 3147 687 3247 judiciumque
711 3149 804 3241 Dei,
835 3151 985 3250 populo
1000 3169 1175 3249 corrupto
1191 3149 1264 3247 jam
1280 3147 1517 3237 mcumbens,

281 3244 324 3320 in
348 3245 455 3319 totali.
471 3245 613 3320 excidio
638 3246 917 3337 terminandum,
949 3247 1143 3342 effugiant,
1161 3249 1284 3321 ‚Mutt
1307 3247 1373 3320 ΙΙΙ.
1425 3242 1513 3336 Qua

249 3369 250 3372 ¹
281 3357 383 3436 partu
407 3341 598 3412 censendos
621 3340 673 3411 est
701 3363 721 3411 a
744 3342 835 3426 Deo.
857 3338 1071 3411 constitutus
1093 3339 1263 3435 publicus.
1282 3337 1407 3433 populi
1425 3337 1504 3503 Eiu-

280 3433 360 3511 daei
377 3434 518 3520 censor,
546 3434 744 3521 accusator,
760 3450 797 3505 et
808 3432 942 3527 judicii.
953 3433 1302 3520 Dei.deuunciator.·;.
1316 3434 1408 3506 alter
1458 3430 1512 3503 lit

280 3554 318 3604 as
348 3531 435 3602 Mal.
470 3529 537 3602 111:
566 3553 633 3626 ug,
667 3551 725 3619 24.
757 3528 802 3601 de
833 3553 912 3626 quo·
936 3529 1082 3627 exposui
1114 3529 1153 3604 in
1176 3531 1312 3602 Comm.
1343 3528 1389 3603 ad·
1410 3528 1516 3611 Mal„

280 3624 459 3700 Praestitit
485 3649 626 3724 quoque
658 3624 730 3698 sese
761 3626 885 3717 talem,
926 3626 1036 3701 etiam
1066 3623 1282 3701 Dodioribus
1313 3623 1435 3723 populi
1459 3647 1510 3697 ac·

279 3720 534 3819 Principibus,
549 3721 600 3796 uti
624 3721 814 3796 Pharisaeis
836 3742 874 3796 et
895 3723 1109 3797 Zadducaeis
1124 3723 1232 3798 Matt.
1259 3721 1326 3797 111:
1354 3743 1387 3816 7.
1413 3743 1512 3816 quos.

279 3818 382 3893 adse
407 3817 612 3909 venientes,
651 3837 818 3892 nontam
842 3838 882 3892 ut
914 3819 1197 3916 baptizarentur,
1261 3842 1339 3891 uam
1364 3818 1402 3890 in
1426 3815 1511 3911 ejus·

172 3936 177 3941 ·
277 3912 439 3988 instituti*
457 3917 632 3988 rationem
664 3913 903 4011 inquirerent,
949 3935 991 3989 et·
1011 3939 1105 3989 cum
1132 3912 1219 4011 ipso·
1237 3841 1509 4010 disceptarent,

277 4010 409 4086 acriter
432 4011 656 4106 perstrinxit,
688 4034 851 4086 necnon
879 4011 1020 4088 Herodi
1042 4009 1226 4108 Antipue,
1252 4034 1355 4105 quem
1380 4029 1501 4106 repre·
1534 4058 1537 4060 ψ

277 4105 404 4180 hendit
438 4126 598 4203 propter*
619 4105 782 4180 illicitum
806 4107 1018 4208 conjugium
1044 4130 1126 4183 cum
1150 4107 1377 4200 Herodiude,
1409 4126 1501 4181 uxo·

277 4225 318 4279 te
343 4201 459 4277 fratris
484 4206 576 4299 ejus,
601 4205 710 4278 Mutt.
737 4204 854 4278 xlv,
1199 4239 1202 4244 ·

329 4298 362 4392 q.
390 4300 439 4372 V.
465 4300 587 4373 Altera
602 4324 680 4395 pars
702 4298 859 4375 muneris
876 4301 968 4397 ejus,
994 4301 1031 4373 in
1055 4302 1256 4398 baptizando
1281 4319 1404 4372 omnes
1428 4293 1508 4371 fine

275 4394 497 4493 discrimine,
514 4415 710 4499 quotquot,
730 4416 880 4498 peccatu
897 4396 1076 4498 couuffi,
1088 4398 1173 4500 ejus.
1186 4392 1513 4568 ἀοὲὶῐίηαεςῑῶῑ-

279 4520 322 4570 ‚u
840 4564 861 4591 Β
890 4554 923 4592 ι,
1074 4512 1082 4525 ·
1172 4520 1175 4525 ·
1352 4514 1412 4591 erp
1484 4512 1516 4562 e
