3609 5500
286 960 343 1066 3Ὦὲ
681 941 832 1060 taltorta
851 947 978 1059 Eccles.
1008 958 1122 1060 Christ.

290 1145 366 1221 vita
391 1138 586 1238 exprimat,
612 1158 700 1234 quae
723 1139 887 1231 modurn,
913 1139 951 1213 in
969 1139 1163 1239 Euangelio
1190 1132 1402 1229 revelatum,
1426 1158 1515 1215 cons

292 1245 434 1328 tinent,
470 1261 541 1335 quo
568 1254 735 1333 peccator
760 1239 841 1308 Deo
864 1238 1133 1331 reconciliatur,
1168 1257 1205 1310 et
1228 1263 1248 1310 a
1273 1238 1419 1309 Satanae
1450 1237 1515 1309 do·

290 1335 424 1424 minio,
460 1357 501 1407 ac
524 1331 665 1441 peccati
696 1335 828 1405 macula
850 1357 890 1405 ac
919 1354 1039 1423 reatu,
1067 1336 1254 1423 liberatur,
1287 1332 1421 1405 scilicet
1446 1355 1513 1428 per

290 1450 444 1509 mortem
469 1429 533 1502 filii
559 1429 736 1518 hominis,
764 1454 833 1524 quo
860 1453 1003 1503 omnem
1028 1430 1103 1505 vim
1132 1433 1277 1503 Satanae
1304 1452 1347 1500 ac
1372 1424 1516 1524 peceati

289 1524 524 1605 crucifixione
557 1525 615 1595 sua
646 1525 797 1614 delebit,
824 1524 912 1600 sicut
965 1550 1003 1599 er
1032 1527 1230 1624 serpentem
1248 1543 1403 1598 aeneum
1428 1525 1515 1597 olim

290 1628 330 1700 in
354 1621 493 1695 deserto
520 1618 700 1715 expistum
725 1620 795 1711 est,
836 1641 873 1693 et
897 1624 923 1695 fi
949 1646 1005 1695 em
1039 1624 1077 1696 in
1105 1623 1221 1719 Ipsum
1253 1620 1372 1694 vivam
1401 1638 1438 1691 et
1461 1618 1515 1692 ef·

289 1724 462 1796 ficacem:
499 1739 601 1812 quain
625 1715 818 1790 dostrinam
845 1717 928 1791 dein
952 1718 1075 1792 clarius
1096 1717 1269 1814 explicuit
1295 1734 1332 1789 et
1359 1714 1516 1789 inculca·

294 1816 372 1905 vit,
416 1811 588 1908 Joh.111:
618 1835 676 1903 14.
711 1833 749 1885 et
773 1811 843 1907 seq.
895 1814 974 1914 Qua
1008 1813 1148 1888 admissa
1181 1811 1369 1910 hypothesi
1398 1811 1516 1887 sensus

291 1914 502 1999 verborum,
543 1928 580 1983 et
606 1907 715 1984 totius
739 1906 910 1982 sermonis
936 1934 1066 2002 nexus,
1099 1909 1305 1984 adtendenti
1330 1910 1366 1983 se
1391 1908 1516 1983 clarius

291 2008 387 2085 forte
413 2004 553 2101 prodet.
1249 2051 1256 2063 ,
1352 2040 1388 2093 3,
1501 2045 1508 2068 .

297 2105 309 2141 ·'
342 2102 374 2201 q.
401 2101 572 2174 XXXVI.
616 2098 738 2187 Hinc,
782 2098 1029 2197 Hierosolyma
1061 2098 1248 2188 derelitta,
1288 2098 1324 2173 in
1349 2095 1518 2195 Jtdaeam

290 2196 472 2300 profectus
495 2218 577 2268 cum
591 2193 791 2291 discipulis,
816 2195 889 2283 ibi,
917 2197 1024 2271 variis
1044 2195 1082 2268 iii
1105 2198 1211 2285 locis,
1237 2205 1349 2268 moras
1377 2202 1516 2273 8men·

292 2297 380 2371 sium
405 2289 535 2382 traxit,
560 2312 641 2363 cum
664 2290 747 2363 inde
775 2289 955 2365 discedens
978 2316 1003 2384 4
1029 2311 1164 2366 tantum
1187 2292 1322 2364 menses
1339 2287 1516 2385 superesse

290 2394 388 2467 dicat
412 2388 517 2483 usque
541 2386 585 2460 ad
615 2386 779 2476 messem,
820 2387 879 2461 seu
913 2389 1050 2463 Pascha.
1099 2387 1222 2463 Haesit
1249 2383 1444 2483 aliquandiu
1471 2383 1515 2459 iii

291 2485 427 2564 vicinia
444 2482 614 2580 Johannis
638 2482 829 2579 baptistae,
853 2506 968 2579 prope
993 2507 1087 2557 mare
1115 2482 1318 2558 Tiberiadis
1341 2478 1512 2555 versantis

290 2586 331 2660 in
357 2582 518 2669 AEnon3
557 2602 578 2652 a
612 2602 700 2675 quo,
743 2577 926 2652 occasione
960 2578 1226 2678 disceptationis
1258 2577 1511 2674 discipulorum

293 2676 495 2779 Johannis,
554 2696 680 2763 novo,
732 2695 769 2748 et
809 2674 996 2772 fingulari,
1064 2673 1269 2750 testimonio
1317 2674 1512 2746 honoratus

290 2775 364 2849 est:
398 2771 452 2847 uti
481 2769 519 2843 in
543 2768 688 2842 historia
715 2771 884 2867 Johannis
907 2771 1053 2847 narravi.
1101 2773 1209 2862 Inde,
1243 2768 1404 2864 4Meris.
1427 2787 1513 2843 ante

289 2870 455 2958 messem,
481 2884 521 2939 ut
547 2865 653 2938 modo
677 2865 772 2956 dixi,
799 2866 998 2956 discedens,
1021 2868 1120 2962 juxta
1142 2867 1351 2956 Samariam,
1377 2865 1416 2938 in
1435 2865 1506 2940 Ga·

291 2968 448 3056 lilaeam‚
468 2960 621 3035 offendit
641 2962 824 3035 mulierem
840 2961 1087 3037 Samaritanam
1105 2963 1299 3061 religione,
1324 2982 1438 3070 prope
1453 2958 1511 3035 si·-

285 3063 401 3153 ‘char,
442 3081 591 3156 quacum
628 3057 842 3154 colloquium
878 3056 1050 3148 instituit,
1095 3058 1160 3155 ipsi
1195 3075 1232 3131 et
1264 3057 1341 3131 aliis
1373 3054 1514 3132 civibus

287 3159 390 3236 'urbis
412 3157 580 3246 salutare,
625 3178 670 3228 eo
698 3155 829 3252 quippe
854 3177 935 3228 cum
962 3153 1134 3246 successu,
1162 3172 1216 3227 -ut
1246 3152 1302 3227 illa
1325 3176 1406 3228 cum
1433 3151 1511 3229 aliis

292 3255 433 3332 civibus
457 3249 642 3325 credidisse
668 3252 833 3324 tradatur.
875 3254 918 3322 ln
948 3275 1014 3344 qua
1044 3251 1242 3324 narratione
1266 3249 1351 3323 illud
1373 3246 1513 3323 adverti

284 3344 470 3436 meretur,
495 3345 619 3417 utalia
643 3345 802 3432 mittam,
827 3341 921 3438 quod
938 3343 1093 3417 Christus
1117 3344 1189 3420 sese
1214 3363 1335 3441 aperte
1354 3340 1512 3442 Meffiat'ra

294 3438 546 3526 declaraverit,
578 3436 670 3532 quod
695 3437 776 3511 alias
801 3433 1004 3528 seditionis,
1040 3461 1086 3512 ex
1109 3440 1272 3536 perversa
1290 3441 1512 3537 Judaeorum

288 3540 339 3612 'd'e
364 3534 511 3622 Messa,
535 3556 620 3630 rege
645 3553 813 3633 externo,
838 3529 1010 3627 opinione
1037 3533 1227 3625 oriundae,
1253 3558 1339 3633 ergo
1358 3532 1512 3625 vitavit,

281 3680 294 3729 .·
322 3635 378 3707 oia
409 3629 485 3703 talis
503 3628 565 3702 hic
590 3652 662 3702 non
687 3646 762 3703 erat
787 3645 922 3716 metus,
948 3648 1149 3726 praeterea,
1175 3630 1384 3728 religionem
1402 3629 1515 3724 magis

283 3659 319 3807 s
334 3726 527 3814 iritualcm,
562 3723 690 3820 ubique
712 3726 871 3798 locorum
899 3724 970 3799 sine
996 3726 1121 3813 ritibus
1145 3728 1313 3825 legalibus
1338 3749 1509 3805 exercen-

286 3851 290 3856 ·
320 3849 396 3912 am,
421 3820 493 3893 ase
517 3819 586 3893 else
602 3819 914 3911 introducendam,
940 3822 1164 3918 exposuerit,
1189 3818 1344 3919 'denique
1368 3842 1407 3899 et
1423 3819 1510 3901 illud

280 3919 469 4022 patescat,
487 3914 739 4006 Samaritanos,
764 3939 874 4014 aeque
893 3939 934 3991 ac
951 3917 1121 4015 Judaeos,
1150 3916 1366 4016 exspettalse
1381 3915 1507 3997 Metti

280 4027 373 4112 fam,
400 4012 497 4107 cujus
522 4010 677 4088 officium
704 4011 799 4087 foret
825 4032 862 4086 et
913 4018 1132 4111 raerogativa
1152 4016 1297 4089 occulta
1322 4015 1510 4113 proferen-

281 4115 352 4203 di,
378 4126 415 4183 et
441 4106 546 4180 dubia
571 4105 780 4200 decidendi,
812 4039 911 4207 qood
931 4109 1054 4207 Judaei
1079 4133 1124 4186 ex
1148 4104 1215 4206 Jes.
1240 4111 1326 4199 XL,
1359 4106 1515 4186 saunari

279 4206 369 4286 ⁴tani
395 4227 441 4280 eri
457 4203 566 4278 Deut.
591 4205 731 4280 XVlll.
755 4203 922 4280 videntur
945 4204 1100 4280 hausisse.
1149 4205 1263 4280 Biduo
1285 4204 1347 4277 hic
1363 4202 1512 4293 exarto,

277 4303 411 4402 ¹movit
443 4296 537 4372 retia
569 4295 606 4373 iri
641 4300 849 4392 Galilaeam,
876 4301 1053 4399 ›Johanne
1080 4301 1152 4398 jain
1178 4302 1217 4377 iri
1251 4298 1444 4374 custodiam
1467 4299 1513 4377 ab

272 4397 458 4538 *Herode
475 4392 630 4496 Antipa,
671 4395 774 4475 tit-in
799 4399 874 4507 eJus
897 4396 1205 4494 vitaobservavi,
1239 4395 1515 4572 datoffiqldatth.

800 4529 819 4565 <0
849 4528 872 4539 *⁴
1417 4515 1427 4571 ἶ
1454 4510 1519 4569 12·
