3609 5500
855 737 862 746 ³
1107 737 1110 746 ι

586 762 593 773 ι
1131 778 1135 792 1
1303 769 1307 780 1

276 937 350 1027 356.
669 930 816 1034 Issbriu
840 929 971 1033 Ecrsefi
1000 930 1115 1027 Ouili.

280 1132 352 1208 quo
377 1132 435 1185 eas
451 1109 550 1186 dicit
564 1110 606 1186 ad
622 1111 834 1211 Philippens.
861 1112 896 1189 se
920 1112 1069 1206 minue,
1093 1112 1242 1214 suaeque
1265 1112 1309 1193 ud
1326 1137 1390 1191 eut
1404 1112 1532 1214 Epir·

282 1208 375 1292 tolae
394 1208 623 1303 subjunxisse,
649 1212 737 1284 milri
753 1211 971 1307 exceptione
994 1211 1104 1308 majus
1121 1210 1283 1304 videtur,
1303 1212 1373 1288 nisi
1394 1215 1506 1309 etip-

280 1302 316 1396 sa
339 1305 414 1398 ejus
437 1304 547 1400 Epist.
572 1306 799 1401 repudietur,
824 1328 947 1379 contra
972 1330 1116 1381 ornnem
1139 1306 1334 1400 rationem,
1367 1308 1414 1383 de
1431 1321 1530 1406 quo'.

281 1421 379 1474 mox.
432 1401 516 1476 Nec
541 1401 672 1490 obstat,
700 1403 792 1499 quod
821 1403 858 1476 in
884 1404 1024 1477 Graeco
1053 1421 1155 1479 textu
1179 1404 1269 1480 haec
1289 1405 1419 1484 lacinia
1446 1406 1517 1484 de·.

283 1486 347 1587 stt,
382 1519 462 1573 cum
489 1522 569 1571 eum
595 1496 673 1571 elie‘
690 1500 728 1571 in
753 1497 812 1572 fin.
838 1499 999 1572 mutilum
1023 1497 1183 1592 constet,
1223 1521 1262 1574 et
1288 1497 1368 1576 Lat.
1400 1511 1517 1576 vetur

282 1591 398 1669 versio
422 1594 571 1684 habeat,
604 1591 683 1667 Eus.
710 1594 759 1669 H.
784 1594 850 1670 111:
876 1601 934 1690 36.
959 1617 1101 1691 quoque
1129 1615 1293 1692 tanquam
1314 1596 1512 1695 Polycarpi

284 1691 393 1769 ierba
417 1689 525 1778 citet,
560 1708 599 1763 ut
625 1710 662 1763 et
685 1691 788 1763 Pbot.
822 1688 860 1763 in
883 1689 1054 1767 Biblioth.
1101 1691 1290 1766 Praeterea
1313 1692 1523 1784 irenaeus,-.

311 1786 347 1859 ui
372 1786 483 1859 nullos
505 1785 580 1858 fere
606 1807 744 1859 autores
770 1783 880 1874 citat,
906 1785 1037 1883 Ignatii
1053 1807 1126 1877 non
1143 1803 1289 1877 ,tantum
1310 1788 1519 1878 meminit,

284 1810 345 1955 sed
369 1902 414 1953 ex
440 1880 513 1973 ejus
535 1879 646 1977 Epist.
671 1880 803 1955 dietum
824 1893 972 1991 ‘quoque
997 1879 1154 1978 profert,
1186 1883 1280 2053 ppod
1304 1879 1344 1956 in
1365 1882 1398 1957 E
1418 1884 1512 1987 ‚ad

286 1977 394 2052 Rom.
420 1975 573 2072 superest
590 1976 738 2049 totidem
756 1977 893 2066 verbus,
927 1976 1006 2053 adv.
1030 1975 1162 2052 haeres.
1228 2001 1238 2053 ε
1265 1986 1323 2057 28.
1411 1981 1511 2054 radit
1544 2065 1548 2069 g

286 2071 429 2172 quidem
461 2070 637 2167 Ignatium
667 2073 738 2144 dixi
764 2095 800 2160 e,
841 2073 876 2146 se
901 2068 971 2147 effe
994 2076 1143 2147 triticum
1164 2072 1318 2162 Domini,
1340 2072 1511 2168 ferarum

287 2171 438 2248 dentibus
464 2168 659 2258 uiolandum,
699 2183 735 2239 ut
754 2171 852 2264 panis
876 2188 975 2264 purus
1001 2164 1207 2265 efficeretur,
1247 2168 1306 2244 sed
1331 2173 1442 2245 dicere
1465 2170 1523 2257 aes

278 2264 426 2363 scribere
450 2263 486 2333 in
510 2260 739 2337 citationibus
765 2263 856 2361 apud
881 2265 1036 2340 Veteres
1059 2263 1155 2339 idem
1180 2262 1273 2358 elie,
1305 2268 1427 2340 multis
1452 2267 1512 2344 os·

287 2359 403 2456 tjendit
419 2358 575 2437 Pearson.
593 2358 614 2432 l.
640 2383 671 2433 c.
696 2361 770 2455 pl.
796 2383 827 2435 c.
846 2366 901 2435 6.‘
928 2358 1101 2450 Accedit,
1125 2359 1250 2437 Euseb.
1277 2363 1327 2435 H.
1347 2364 1416 2435 111:
1444 2371 1531 2459 gor„

289 2476 327 2531 et
360 2457 409 2529 V:
446 2464 479 2535 8.
513 2456 640 2530 diserte
680 2454 817 2545 testari,
862 2457 1046 2532 irenaeum
1076 2455 1208 2553 Ignatii
1241 2459 1448 2554 martyrium
1473 2477 1517 2536 et

289 2551 462 2648 Epistulas
492 2548 706 2626 memorasse.
753 2551 1002 2627 Meminerant
1032 2569 1171 2650 quoque
1201 2554 1375 2649 Origenes
1408 2555 1511 2634 hom.

291 2649 357 2721 Vl.
384 2648 420 2717 in
448 2647 557 2738 Luce,
579 2668 629 2721 ·et
652 2646 690 2722 in
715 2648 868 2743 prologo
892 2649 1030 2723 Comm.
1064 2648 1101 2722 in
1127 2650 1312 2724 Canticum
1339 2651 1511 2744 Contio,

291 2736 530 2819 Tertullianus
540 2743 554 2833 ,'
574 2763 611 2818 et
627 2742 793 2840 deinceps
817 2769 837 2816 a
854 2743 921 2818 sec.
947 2745 1017 2829 IV,
1041 2746 1174 2843 plures:
1201 2769 1269 2821 nec
1286 2744 1371 2820 ullus
1389 2746 1513 2822 Vete-

290 2848 366 2916 rum
393 2838 436 2914 iis
461 2841 574 2915 dicam
603 2839 747 2937 scripsrt.
798 2841 839 2912 In
869 2837 996 2913 Gelasri
1019 2866 1106 2915 vero
1130 2837 1299 2933 decreto,
1325 2861 1363 2915 et
1389 2843 1513 2919 Nice·

317 2938 396 3011 hori
422 2938 671 3026 Sucuornetria,
714 2958 787 3010 non
810 2934 1008 3032 Epistulae,
1048 2937 1106 3012 sed
1137 2942 1255 3037 διδαχη
1280 2937 1541 3034 constitutio,

290 2949 431 3134 ignatio
463 3036 546 3111 salso
574 3031 771 3131 adscripta,
810 3031 1031 3130 repudiatur:
1077 3034 1130 3108 uti
1156 3035 1230 3110 sul‘e
1253 3034 1367 3110 evicit
1391 3035 1513 3113 Pears.

292 3138 314 3211 l.
339 3157 370 3206 c.
424 3138 483 3210 .1.
506 3133 542 3207 c.
593 3190 601 3207 .

343 3229 375 3327 ᾗ.
396 3158 464 3305 liil.
496 3155 601 3336 Quid
625 3225 666 3300 ad
690 3227 833 3301 alterum
856 3225 992 3301 adtinet
1021 3243 1144 3322 caput,
1193 3224 1281 3301 nihil
1305 3226 1367 3299 hic
1382 3251 1514 3309 occur·

293 3350 371 3398 rere
396 3328 438 3395 ab
463 3325 603 3422 ignatio
627 3323 800 3411 alienum,
842 3347 886 3395 ne
911 3322 954 3394 iis
978 3322 1153 3411 inrnorer,
1194 3346 1281 3418 quae
1313 3349 1333 3395 a
1365 3324 1519 3403 Dallaeo

292 3418 484 3518 produita,
519 3420 575 3493 scd
598 3443 616 3490 a
641 3417 812 3488 Pearsono
834 3417 984 3489 resutata
1012 3416 1111 3502 sunt,
1144 3422 1202 3489 duo
1235 3417 1304 3492 sese
1330 3418 1513 3514 offerunt,

294 3519 383 3612 quae
409 3516 649 3609 adtentionem
675 3533 854 3605 merentur
878 3513 1109 3606 peculiarem,
1136 3536 1202 3585 nec
1230 3515 1436 3588 difficaltate
1455 3542 1516 3593 ca·

294 3634 373 3684 rere
399 3610 581 3687 videntur:
629 3631 774 3703 quorum
799 3633 895 3679 rmum
920 3609 962 3679 ad
986 3606 1256 3704 Episcopum,
1304 3617 1444 3686 alterum
1467 3616 1517 3690 ad

294 3695 479 3783 Valentini
504 3702 658 3776 haeresin
683 3701 823 3797 speum.
871 3703 969 3776 Prius
993 3725 1064 3777 non
1089 3702 1123 3776 in
1147 3727 1192 3776 eo
1218 3708 1420 3802 ponendum
1439 3708 1519 3799 est,

295 3825 334 3878 ut
359 3803 466 3891 solet,
501 3801 594 3897 quod
615 3799 710 3872 inter
733 3797 980 3895 Episcopatum
1015 3819 1053 3873 et
1084 3799 1386 3897 presbyteratum,
1437 3823 1516 3880 tan·

297 3921 398 3995 quarn
425 3898 581 3970 diversos
608 3894 767 3984 ordines,
811 3894 1044 3993 distinguatur
1069 3898 1104 3970 in
1133 3896 1188 3995 bis
1214 3897 1391 3993 Epistolis,
1427 3923 1514 3980 curn

296 3994 530 4095 praecedente
564 3991 712 4086 periodo
753 3993 788 4065 id
821 3993 890 4087 jam
932 3993 1061 4067 fastum
1094 3993 1165 4081 stt,
1213 4015 1249 4067 et
1282 3993 1351 4066 hoc
1392 3994 1515 4075 seculo

149 4096 151 4101 ’
297 4091 407 4189 magis
435 4087 651 4186 perseslum,
677 4108 715 4160 ut
744 4090 842 4185 supra
868 4089 986 4178 evici3
1011 4088 1087 4178 sed,
1113 4090 1205 4184 quod
1231 4090 1383 4187 dignitas
1408 4095 1513 4188 Epis·

298 4185 428 4286 copulis
453 4184 599 4258 nimium
625 4185 802 4273 elevetur,
846 4184 952 4282 idque
978 4207 1043 4279 per
1076 4207 1195 4259 omnes
1226 4185 1335 4280 Epist.
1359 4186 1521 4268 studiose-

297 4287 503 4360 inculcetur.
560 4281 718 4367 Verum,
759 4280 908 4354 fiautor
939 4281 975 4353 in
999 4302 1043 4353 eo
1069 4304 1141 4354 non
1158 4282 1312 4354 tenuerit
1342 4286 1510 4378 modurn,

292 4382 379 4460 illud
401 4377 565 4479 Epistolis
589 4376 728 4476 ignatio
750 4374 1010 4482 abjudicandis,
1035 4400 1107 4452 non
1131 4376 1279 4468 rufficit5
1312 4378 1447 4471 minus,
1480 4385 1508 4460 sr

305 4484 310 4491 '
476 4481 495 4492 ’“
511 4485 523 4491 ”
921 4521 925 4535 1
1390 4477 1510 4556 ‘ratio‘
