3609 5500
711 963 741 982 ⁵
831 975 944 1084 serni.
967 976 998 1055 l.
1454 995 1523 1082 ιη

289 1148 561 1249 impendentes,
589 1152 632 1227 ad
658 1155 727 1230 sola
742 1157 943 1249 charitatis,
967 1177 1006 1233 et
1027 1155 1140 1231 mutui
1157 1155 1297 1248 auxilii,
1324 1160 1439 1237 officia
1456 1163 1519 1235 ob·

288 1247 417 1343 ligati,
441 1251 553 1322 Matt.
579 1252 713 1325 XXlll.
754 1254 835 1349 Joh.
859 1255 982 1328 XVll.
1031 1255 1142 1327 1C0r.
1169 1252 1251 1341 Xll,
1273 1255 1375 1330 XIV.
1400 1278 1437 1330 et
1454 1257 1515 1330 ali·

286 1344 324 1417 bi
349 1343 465 1440 saepe.
517 1346 572 1418 Ex
604 1344 748 1440 quibus,
793 1349 842 1421 ita
878 1371 965 1419 cum
996 1345 1135 1420 Christo
1168 1366 1205 1418 et
1234 1348 1351 1421 secum
1384 1351 1512 1444 unitis,

289 1459 370 1512 cunr
391 1436 566 1528 Erotem,
591 1463 658 1535 qua
679 1464 809 1537 corpus
833 1442 983 1531 Christi,
1009 1440 1165 1530 constet,
1198 1440 1300 1515 facile
1326 1445 1513 1538 elucescit,

287 1535 382 1607 illam
401 1557 468 1629 per
483 1538 539 1623 le,
565 1554 604 1605 et
623 1557 707 1608 vera
730 1541 787 1609 lira
812 1556 956 1626 natura,
981 1536 1251 1626 consideratam,
1277 1537 1345 1611 else
1363 1544 1513 1612 mahinr·

285 1633 393 1702 clinem
417 1630 575 1701 hominnm
593 1628 877 1725 -restpiscentr'nm,
906 1634 978 1726 fide
1008 1648 1042 1704 et
1067 1631 1227 1704 charitate
1260 1657 1332 1705 cnm
1368 1633 1509 1729 Christe,

286 1741 323 1797 nt
345 1728 479 1819 caphe,
520 1742 554 1796 et
570 1723 684 1819 serron
709 1732 863 1816 invicem,
899 1746 936 1798 nt
958 1730 1130 1813 menrhris,
1163 1731 1249 1798 arlle
1275 1731 1510 1820 dormiturum,

283 1843 421 1914 eamque
439 1823 583 1892 monem
600 1823 678 1891 data
697 1820 857 1915 oreastone
874 1838 1004 1895 externe
1028 1817 1332 1911 demonstrantium,
1357 1844 1416 1919 per
1440 1848 1510 1898 rna·

286 1935 347 1989 tna
363 1915 447 2011 fidei
470 1931 504 1987 et
523 1917 703 1989 eharitatis
730 1915 853 2011 officia.
901 1916 1008 2011 Cujus
1028 1914 1202 1987 Ecclesiae
1227 1923 1396 1992 materiam
1421 1941 1508 1994 con·

287 2009 441 2084 stituuut
458 2009 636 2097 Christus,
661 2030 881 2107 quaeaput,
906 2028 944 2083 et
969 2007 1044 2083 veri
1070 2011 1274 2099 credentes,
1307 2034 1374 2106 qua
1396 2036 1508 2088 mem·

288 2108 377 2193 bra;
405 2102 560 2200 formam
583 2108 786 2197 interiorem,
826 2104 885 2179 seu
911 2102 1091 2179 essentiam
1119 2104 1316 2194 Ecclesrac,
1359 2106 1509 2182 interior

289 2199 373 2275 fidei
394 2218 434 2273 et
457 2197 616 2274 adscitus
638 2204 731 2291 nnio,
765 2223 853 2297 quae
879 2198 1054 2275 Christum
1082 2222 1125 2273 ac
1149 2199 1333 2273 credentes
1366 2202 1531 2278 melissi·-

287 2319 348 2369 mo
368 2293 472 2370 inter
494 2293 532 2368 se
555 2294 699 2374 vinculo
724 2294 952 2391 constringit,
978 2295 1028 2371 ita
1047 2313 1085 2366 ut
1112 2297 1284 2369 bonorum
1310 2319 1353 2370 ac
1370 2295 1508 2371 officio·-
1576 2305 1580 2312 '

285 2414 363 2464 rum
385 2390 485 2465 inter
508 2389 604 2485 ipsos
629 2388 672 2463 stt
697 2394 900 2466 communio:
932 2391 1081 2463 sormam
1115 2389 1265 2486 denique
1295 2399 1508 2486 exteriorem,

284 2509 375 2583 qnae
401 2486 564 2559 exterior
588 2485 662 2580 ejur
685 2484 737 2558 est
762 2483 998 2560 manifestatio
1020 2507 1061 2558 ac
1086 2483 1216 2574 facies,
1234 2486 1318 2581 fidei
1340 2503 1372 2559 rt
1398 2490 1506 2561 ehari-
1539 2509 1542 2516 ’

284 2585 370 2656 toris
388 2580 532 2678 publica
545 2578 817 2654 demonstratio:
872 2604 935 2653 uae
957 2579 1164 2653 communio
1189 2579 1382 2674 adpellatur
1396 2602 1506 2673 enter·

284 2704 353 2767 na,
377 2695 417 2751 et
438 2673 625 2750 interioris
647 2673 701 2747 est
715 2699 780 2771 rep
855 2674 1012 2765 entati0,
1036 2697 1117 2747 cum
1134 2697 1200 2770 per
1215 2675 1300 2751 fidei
1317 2679 1506 2754 confessio·

286 2796 389 2863 nem,
406 2790 483 2845 turn
494 2768 596 2844 verbi
607 2769 833 2866 Euangelici,
859 2791 896 2845 et
914 2774 1237 2860 sacramentorum,
1261 2796 1281 2844 a
1298 2773 1435 2848 Christo
1450 2775 1507 2850 in·

286 2867 511 2957 ffitutomm,
542 2866 773 2955 exercitium,
809 2888 878 2962 quo
901 2868 936 2940 se
960 2868 1104 2940 credere
1126 2865 1166 2939 in
1189 2865 1381 2959 Christum,
1406 2870 1505 2944 fimus

285 2964 343 3060 jur
363 2962 462 3037 suurn
491 2960 530 3035 in
558 2961 651 3034 bona
684 2959 872 3055 spiritualia
905 2961 1055 3052 Christi,
1094 2963 1206 3057 palam
1240 2963 1504 3054 demonstrant,¹

287 3080 372 3133 cum
386 3080 444 3131 res
461 3057 538 3130 illae
560 3073 726 3128 externae
744 3056 920 3152 signorum
936 3057 1107 3145 habeant,
1131 3078 1173 3128 ac
1189 3055 1397 3151 figillorum,
1416 3082 1503 3134 con·

286 3150 463 3248 speetutna
507 3149 611 3223 Arche
637 3150 794 3223 exterior
812 3150 924 3222 forma
944 3173 1024 3222 cunr
1046 3150 1216 3220 interiore
1234 3151 1284 3219 ita
1311 3152 1501 3240 cohaeret,

295 3263 341 3321 ut
370 3241 429 3318 illa
456 3241 527 3316 line
552 3243 615 3319 hac
637 3243 826 3318 Ecclesiam
856 3264 931 3316 non
957 3241 1082 3330 saciat,
1122 3240 1209 3312 haec
1242 3242 1313 3314 stne
1343 3242 1399 3315 illa
1427 3241 1506 3318 sub·

288 3340 411 3417 hstere
428 3356 556 3437 queat,
592 3337 778 3413 sroccasro
808 3360 885 3412 eanr
918 3334 1106 3412 exercendi
1131 3335 1293 3425 deficiat,
1334 3337 1415 3410 aliar
1440 3362 1505 3413 ne.

288 3435 436 3512 cessario
452 3433 661 3531 requiritur,
687 3458 766 3508 cum
789 3433 830 3506 fit
846 3434 1027 3506 interioris
1047 3428 1293 3527 manifestatio.
1343 3434 1503 3508 Praeter-

288 3558 353 3621 ea,
388 3552 472 3605 cunr
504 3528 663 3604 exterior
694 3531 800 3603 etiarn
832 3527 930 3603 indui
955 3528 1058 3623 poffit
1080 3529 1123 3600 ab
1148 3527 1366 3621 hypocritis,
1404 3529 1502 3608 fimus

293 3627 431 3703 seorsim
454 3624 683 3714 considerari,
714 3624 800 3698 hinc
829 3623 898 3713 est,
957 3623 1024 3697 uod
1049 3620 1202 3714 anlrfia
1225 3640 1361 3696 externa
1384 3626 1502 3722 adpel-

290 3725 403 3813 letur,
462 3744 527 3795 uae
551 3744 656 3795 veros
676 3738 716 3792 et
741 3718 843 3793 fissos
866 3647 1050 3792 creaientes
1071 3717 1352 3812 comprehendit.
1401 3721 1503 3819 Quae

287 3819 427 3893 ornnia·
478 3816 546 3890 ssus
581 3813 725 3910 exposui
758 3833 796 3886 et
826 3811 1061 3888 demonstravi
1089 3810 1127 3885 in
1159 3811 1219 3885 lib.
1254 3812 1341 3887 Diis
1367 3816 1401 3889 S.
1433 3816 1498 3891 lib.
1547 3874 1550 3879 .

287 3917 334 3991 tr
358 3936 392 3989 e.
420 3933 467 4003 19
490 3929 528 3986 et
554 3933 611 3985 ao.
661 3910 827 4005 Denique
859 3909 1029 3983 dividitur
1061 3907 1148 3981 haec
1170 3907 1321 3980 Ecclefia
1355 3926 1502 3988 externa
1553 3916 1555 3921 '

286 4010 326 4087 iu
350 4006 587 4102 universalem,
611 4025 650 4079 et
670 4007 892 4100 particulares
912 4003 1116 4091 societates,
1143 4024 1229 4096 quae
1245 4002 1341 4075 simul
1366 4003 1503 4081 sumtae'

288 4103 521 4180 universalem
543 4102 763 4176 constituunt
795 4123 859 4196 per
883 4101 1005 4188 orbem
1026 4096 1234 4188 Ecclesiam,
1274 4098 1334 4172 sed
1359 4101 1504 4176 seorhm
1531 4160 1534 4165 .

291 4199 527 4274 consideratae
543 4199 618 4307 ejus
631 4217 741 4291 partes
760 4195 848 4269 sunt.
895 4194 996 4290 Quae
1012 4194 1233 4289 particulares
1246 4192 1396 4290 singulae
1414 4218 1499 4268 con·

296 4294 380 4367 stant
401 4316 448 4369 ex
473 4293 675 4369 hominibus
696 4292 802 4365 fidem
818 4289 1047 4366 Christianam
1072 4289 1249 4384 professis,
1274 4288 1355 4383 qui,
1383 4288 1496 4360 socie·

300 4388 577 4561 pteTinitffiin
605 4410 694 4464 uno-
709 4387 792 4467 loco
816 4385 999 4560 religiorps
1031 4383 1243 4466 Christianae
1265 4381 1420 4483 partibus
1445 4381 1500 4452 se-

217 4510 219 4515 '
371 4508 435 4560 m.
971 4564 984 4574 „
1417 4497 1511 4564 cum·
