3609 5500
670 757 672 765 ⁴
700 729 807 806 Serui.
832 733 865 806 s.
1318 746 1398 832 597:
1417 813 1423 823 ‚

180 911 314 1080 parupt·
345 905 594 1079 slsJTeuiE'uestgi
621 875 808 1000 Clemens,
844 910 918 1024 jam
943 910 1399 1088 Eppiscopps,'c1{usendus
1439 956 1442 961 <

182 1034 212 1176 id
234 1028 381 1212 sediliis,
400 1027 477 1174 euti
492 1026 674 1173 iiodrildis.
700 1027 997 1177 gffigssfnssggpe
1023 1031 1408 1179 ggszr'xmngmaffi

180 1218 266 1294 ceprt
289 1213 409 1288 autem
433 1196 573 1272 demum
597 1194 844 1292 Episcopatum
871 1196 930 1270 sub
957 1199 1189 1296 Vespasiano:
1217 1199 1297 1274 vid.
1322 1202 1396 1273 Pe·.

179 1298 267 1368 ason
295 1291 339 1364 de
366 1291 516 1366 Success.
541 1291 647 1363 Rom.
680 1292 813 1368 Pontis.
838 1293 927 1368 Dils.
953 1297 1001 1369 ll.
1052 1295 1191 1391 Scripta
1216 1317 1303 1391 ergo
1327 1293 1384 1368 vi-

179 1389 269 1462 detur
291 1385 374 1482 post
397 1411 476 1461 ann.
501 1409 570 1462 aer.
597 1387 645 1460 V.
673 1406 816 1481 yomum.
873 1427 876 1432 ·

220 1486 249 1585 s.
272 1482 628 1556 CCLll..·Posterior
654 1483 846 1556 Clementis
871 1483 1048 1582 Epistola,
1087 1485 1186 1582 cujus
1200 1459 1385 1585 fragmen·
1527 1558 1530 1564 .

182 1601 247 1654 tum
272 1574 428 1676 superest
451 1579 499 1650 in
523 1580 694 1650 ‘Patribus
716 1578 841 1675 Apoll.
868 1581 1061 1671 Cotelerii‚
1092 1601 1130 1654 et
1153 1581 1270 1671 alibi,
1300 1581 1388 1656 licet
1439 1643 1444 1648 .

181 1674 324 1772 genuina
344 1673 455 1746 suerit
478 1673 653 1746 nonnullis
670 1671 762 1763 visa,
789 1679 840 1747 uti
858 1675 1031 1752 Dodwell.
1058 1676 1148 1752 Dils.
1174 1680 1203 1751 l.
1229 1679 1274 1752 ad
1289 1681 1394 1752 lreu..

179 1773 232 1871 qui
244 1769 444 1858 homiliam,
477 1766 534 1840 vel
559 1766 818 1842 institutionem
836 1771 1139 1862 Ecclesiasticam,
1163 1775 1298 1847 mavult
1329 1774 1382 1846 di·

179 1867 339 1955 cendam,
363 1883 402 1938 et
428 1864 626 1952 cotelerio,
666 1863 796 1937 redlius
816 1890 881 1962 pro
906 1869 1019 1963 spuria
1049 1870 1091 1941 ab
1117 1867 1193 1943 aliis
1215 1869 1386 1957 habetur,

179 1964 251 2073 ipso
266 1971 400 2058 quoque
418 1957 551 2033 Grabio
568 1957 688 2054 Spicil.
713 1961 804 2034 Patr.
822 1966 899 2036 Sec.
927 1965 979 2052 1.,
1005 1965 1086 2060 quia
1101 1963 1293 2060 Dionysius
1314 1967 1383 2036 Co·

179 2057 283 2148 rrntlr.
306 2081 405 2138 unam
431 2073 565 2129 tantum
589 2055 712 2129 tribuit
730 2056 925 2150 Clementi,
949 2061 1041 2155 apud
1063 2060 1143 2133 lius.
1171 2062 1222 2134 H.
1245 2061 1287 2134 E.
1312 2061 1395 2132 IV:

182 2177 239 2248 27.
270 2174 333 2246 nec
359 2150 495 2248 antiqui
528 2174 605 2223 eam
646 2155 923 2227 memoraverim
954 2173 1036 2227 ante
1068 2156 1148 2229 lius.
1173 2156 1207 2246 Ἰ1.
1232 2156 1296 2228 111:
1324 2163 1383 2250 38.
1464 2213 1468 2220 .

179 2252 236 2351 qul
259 2271 337 2323 eam*
354 2246 459 2320 dubiis
486 2245 626 2342 scriptis
649 2245 861 2325 adnumerat.
912 2251 968 2323 Ex
992 2273 1070 2322 mea
1088 2249 1261 2347 opinione
1284 2269 1386 2324 autor

178 2367 244 2419 non
266 2363 398 2417 tanturn
428 2344 590 2438 Clemens
614 2335 771 2417 nonest
792 2345 839 2416 ob
866 2368 884 2416 r
906 2346 1022 2418 tiones
1041 2349 1214 2442 prolatas,
1242 2344 1313 2420 sed
1336 2369 1385 2421 eo

176 2439 371 2537 posterior,
419 2456 458 2512 et
492 2435 726 2512 Orientalium
761 2461 803 2514 ac
833 2441 864 2512 E
893 2444 1039 2514 enorum
1076 2440 1305 2538 opinionibus
1320 2443 1385 2516 'de

177 2534 391 2628 continentia
412 2532 575 2623 inbutus,
608 2533 792 2632 euangelio
817 2557 959 2635 quoque
983 2536 1173 2610 secundum
1196 2537 1393 2634 AEgypti-.

175 2655 234 2720 os,
263 2632 355 2726 cujus
376 2630 477 2727 supra
501 2628 562 2703 suo
586 2630 667 2702 loco
690 2629 854 2720 memini,
890 2631 986 2721 usus,
1021 2651 1180 2730 tanquam
1206 2633 1386 2732 genuino,

177 2726 231 2801 uti
261 2750 303 2801 ex
324 2723 394 2824 ipsa
427 2723 574 2824 epistola
596 2723 771 2802 elucescit.
818 2729 877 2801 De
944 2752 991 2802 uo
1014 2727 1115 2803 latius
1145 2727 1320 2826 disputavi
1343 2727 1384 2802 in

175 2821 331 2919 Epistolis
361 2822 405 2897 ad
431 2821 563 2897 amicos
596 2821 737 2917 scriptis
771 2842 894 2897 contra
957 2821 1035 2917 pist.
1074 2821 1327 2912 cremenrinas,
1361 2846 1397 2896 a·

176 2918 371 2993 Wetslenlo
405 2916 539 2991 editas:
577 2940 680 3013 quare
705 2914 765 2989 hic
797 2918 894 3024 plura
928 2939 1001 2989 non
1034 2916 1167 2992 addam.
1214 2914 1383 3013 Superest

177 3034 224 3086 ut·
238 3018 277 3088 de
300 3012 429 3090 duabus
452 3010 617 3110 Epistolis
634 3012 847 3100 Clementis,
872 3011 910 3086 in
933 3008 1087 3106 linguam
1105 3008 1281 3109 Syriacam
1299 3034 1396 3088 ver·.
1456 3096 1459 3101 ,

178 3110 232 3198 srs,
277 3134 334 3183 uas
359 3132 472 3205 nuper
496 3108 534 3181 in
563 3108 676 3181 lucem
700 3106 818 3197 dedit,
843 3126 880 3181 et
905 3105 1076 3203 genuinas
1100 3105 1311 3199 declaravit,
1361 3162 1379 3185 .

175 3136 381 3279 Wetiienius
411 3204 454 3277 ad
473 3252 476 3263 -
494 3205 626 3277 calcem
656 3202 707 3277 N.
743 3204 790 3277 T.
824 3222 910 3279 torn.
950 3204 1019 3293 11.,
1067 3224 1154 3297 quae
1196 3219 1294 3278 totae
1342 3226 1383 3280 rn

175 3300 389 3399 virginitate,
408 3324 518 3396 aeque
532 3298 688 3372 virorum
707 3322 748 3373 ac
764 3299 1015 3390 foeminarum,
1032 3298 1184 3372 mirifice
1200 3300 1387 3376 celebrari:
1430 3384 1435 3393 ,

176 3396 233 3483 da,
260 3420 298 3471 ac
320 3396 357 3470 iu
382 3405 525 3471 omnem
550 3394 718 3469 virtutem
750 3394 954 3491 dirigenda,
985 3392 1185 3484 versantur,
1218 3414 1377 3473 mentem
1424 3484 1429 3491 ¹
1535 3420 1542 3435 ·

173 3514 353 3589 exponam,
389 3492 449 3565 seu
473 3515 530 3565 eas
553 3487 684 3585 spurias
698 3488 767 3564 else
792 3490 1036 3566 demonstrem.
1088 3488 1194 3587 Quod
1216 3513 1296 3564 cum
1318 3492 1375 3569 fu·

175 3587 234 3659 slus
259 3588 399 3661 fecerim
423 3588 460 3661 in
485 3585 641 3682 epistolis
665 3585 708 3658 ad
734 3588 885 3676 amicos,
922 3585 1211 3681 Welseliugium,
1255 3587 1372 3662 Hem·

176 3678 382 3773 semustum,
417 3703 455 3755 er
471 3682 765 3778 Cannegieterum
788 3684 946 3768 Patrem,
971 3704 1062 3777 quae
1091 3678 1269 3775 prostant,
1309 3681 1372 3758 hic

175 3782 325 3853 nonnulla
354 3778 509 3853 falsitatis
539 3775 681 3852 criteria
714 3771 872 3886 adtigisse
907 3774 1106 3876 suffecerip,
1146 3795 1233 3870 quae
1264 3780 1372 3855 multa

174 3874 239 3945 sese
265 3878 298 3948 in
322 3877 364 3949 iis
388 3876 555 3949 offerunt.
604 3870 736 3947 Cuntia
760 3872 820 3943 luc
844 3872 1005 3945 redolent
1030 3869 1142 3947 vitam
1164 3870 1371 3964 asceticam,
1419 3878 1423 3885 '

175 3968 207 4039 in
230 3972 410 4057 plenissima
446 3968 617 4042 amundo
651 3966 868 4065 separatione
898 3966 1014 4058 liram,
1055 3962 1275 4062 virginitatis
1293 3988 1387 4060 pron

166 4063 342 4161 fqffioneru,
376 4071 458 4141 Deo
476 4062 624 4150 uuam,
649 4082 822 4137 memorat
841 4080 962 4153 autor,
989 4059 1381 4227 nimisextollitvirfiiw

176 4164 329 4329 nuptam,
357 4163 469 4333 {ique
493 4158 662 4257 majorem
686 4157 857 4330 adtgbuit
881 4159 1102 4253 mercedem,
1144 4176 1248 4251 quarn
1273 4178 1312 4229 ca
1344 4154 1374 4264 ij

240 4284 292 4337 rm.
315 4262 388 4335 ll.
781 4278 806 4354 p
1308 4268 1380 4331 tarr
