3609 5500
279 914 366 1014 593
468 967 475 976 .
683 911 830 1016 &floria
860 915 989 1017 Eccles.
1016 914 1129 1020 ernist.

289 1095 373 1172 edit.
395 1094 499 1183 suae,
525 1086 692 1191 aliisque,
708 1095 888 1193 objeelum
905 1096 967 1188 srt,
986 1099 1045 1175 sed
1061 1100 1096 1177 ei
1113 1097 1316 1178 refutandae
1333 1096 1421 1176 mihi
1437 1115 1522 1183 nom

288 1193 428 1274 videtur
451 1188 629 1269 sufficere:
667 1194 714 1268 de
740 1218 809 1292 quo
829 1196 987 1290 pluribus
1009 1197 1184 1298 disputare
1207 1221 1282 1273 non
1310 1198 1408 1282 licet.
1453 1203 1517 1296 Erp

289 1289 408 1364 multis
433 1287 541 1362 Theo
567 1286 630 1362 hili
658 1287 797 1387 scriptis
823 1309 976 1366 aetatem
1002 1313 1137 1370 tantum
1164 1294 1321 1368 tulerunt
1343 1315 1420 1369 toea
1435 1295 1515 1393 tior

289 1385 372 1462 libri
388 1384 430 1459 ad
448 1313 683 1493 Autoiycum,
701 1385 876 1460 eruditum
895 1390 1031 1478 virum,
1050 1390 1146 1466 srmul
1161 1390 1427 1479 amiciffimum,
1445 1392 1513 1468 etsi

290 1482 404 1560 adhuc
430 1481 622 1558 Genttiem.
672 1481 902 1579 Adpellantor
928 1488 970 1562 ab
990 1486 1071 1561 Eos.
1095 1489 1145 1562 H.
1170 1487 1240 1561 lV:
1265 1508 1324 1582 24.
1350 1488 1513 1584 oraora«

289 1577 534 1680 eoma‘ppm
556 1577 788 1675 institutionem
814 1576 898 1655 fidei
930 1582 1176 1671 continenter,
1209 1580 1268 1658 cui
1294 1586 1403 1662 titulo
1424 1575 1514 1671 con·

288 1682 392 1757 venit
417 1673 601 1771 inscriptio
619 1675 698 1750 cod.
725 1672 848 1764 Paris,
875 1700 895 1749 a
920 1676 1109 1751 sirmondo
1124 1675 1207 1752 tlibi
1216 1677 1368 1772 laudati,
1391 1681 1429 1752 de
1436 1683 1509 1779 fide

292 1772 552 1868 Christianorum.
608 1772 677 1846 Sed
715 1771 832 1845 librum
869 1776 907 1845 dr
951 1772 1157 1868 Temporibus
1198 1794 1307 1864 vocat
1344 1773 1504 1870 Instant.

289 1870 402 1948 Instit.
436 1869 459 1944 l.
486 1869 516 1943 1.
548 1865 632 1958 fin,
654 1866 751 1966 ·quia
773 1867 879 1944 molta
902 1867 1060 1950 Clrronol
1109 1870 1166 1945 ica
1186 1868 1237 1945 ibi
1270 1871 1506 1968 reperiunttn.

291 1966 446 2045 Nostros
471 1962 568 2038 enirn
596 1963 792 2058 Theophili
817 1963 924 2037 libros
948 1963 987 2038 in
1019 1964 1514 2050 ocu·anabuiffe1.aaanti·-

287 2091 370 2153 um,
394 2060 458 2136 etsi
483 2060 639 2134 nonnulli
661 2059 844 2149 dubitant,
878 2060 936 2134 vel
963 2079 1119 2159 negant,
1145 2066 1276 2152 ¹verba,
1308 2085 1397 2158 quae
1420 2064 1508 2139 Lac·

289 2179 377 2237 tant.
402 2158 512 2246 citat,
551 2173 588 2229 et
613 2177 707 2227 nunc
731 2153 886 2242 exstant,
920 2156 1001 2230 satis
1023 2155 1273 2233 demonstrant.
1324 2161 1425 2232 lnter
1446 2183 1506 2235 vr·

287 2257 356 2332 rias
383 2252 578 2342 editiones,
610 2251 654 2325 ab
678 2247 755 2324 aliia
781 2249 988 2344 recenfitar,
1019 2252 1122 2351 hujus
1143 2252 1262 2351 operia
1285 2253 1424 2344 eminet
1452 2256 1502 2348 Cl.

287 2349 416 2431 wolffi
437 2347 634 2426 novissima.
1443 2389 1445 2394 ·
1488 2383 1499 2398 ·
1534 2351 1536 2355 ’

295 2463 301 2474 ’
336 2449 369 2551 s.
395 2449 442 2523 11.
475 2448 654 2542 Origtnr'r,
678 2469 749 2544 quo
774 2468 880 2540 nemo
895 2444 1114 2530 ‚hocsecolo
1134 2442 1209 2533 ¹sirit
1224 2441 1417 2541 illustrior,
1442 2445 1506 2526 'vn

288 2561 382 2634 trm,
416 2544 507 2631 sata,
533 2545 717 2640 dogmata,
743 2561 782 2615 et
804 2540 934 2638 scripta
957 2564 1037 2616 cum
1061 2540 1136 2615 fuse
1160 2539 1385 2640 descripserit
1406 2547 1501 2621 Hoe-

286 2644 355 2719 tius
370 2637 580 2731 in.Orige'n.,
597 2655 636 2710 et
654 2636 770 2733 quoad
783 2637 937 2729 laborer,
959 2636 1050 2725 seta,
1068 2635 1269 2734 et-scripta,
1296 2639 1499 2735 Tillemoot.

285 2760 413 2816 mernor.
446 2732 576 2826 Eccles.
604 2756 683 2807 cum
712 2757 756 2807 eo
779 2732 1035 2824 conferendus,
1069 2731 1293 2831 paucioribus
1322 2736 1502 2838 defungat-

286 2837 497 2911 Natuaann.
528 2836 606 2919 185.
632 2828 818 2904 secundum
836 2830 915 2906 Eos.
940 2831 989 2906 H.
1015 2831 1082 2904 Vl:
1109 2853 1142 2906 a.
1175 2831 1377 2925 Familiam,
1401 2836 1498 2909 Patre

254 3014 257 3020 ,
284 2930 445 3006 Leonide
462 2925 632 3022 martyrio
651 2946 840 3013 coronato,
866 2946 902 2999 et
916 2944 1079 3014 mortuo,
1112 2949 1220 3000 annos
1242 2927 1329 3002 licet
1356 2935 1404 3004 16
1427 2951 1498 3005 tan·

284 3046 361 3104 tum
385 3045 505 3113 natur,
530 3024 571 3096 ad
598 3019 788 3120 egestatem
814 3021 1005 3110 redactam,
1032 3019 1256 3113 sustentavit,
1291 3024 1413 3098 fideles
1475 3048 1497 3115 ¹t

284 3124 388 3201 aedes
417 3119 637 3197 instituendo.
690 3119 795 3216 Quod
820 3136 858 3192 ut
886 3120 958 3193 srne
990 3117 1054 3192 ulla
1088 3117 1286 3193 tentatione
1310 3140 1373 3194 aut
1397 3049 1497 3219 suidi·

282 3223 391 3298 tione
408 3219 560 3303 faceret,
586 3215 619 3289 se
646 3214 798 3289 eviravit
814 3215 917 3311 ipse,
946 3213 1018 3288 sive
1036 3213 1152 3304 serro,
1177 3213 1248 3288 srve
1265 3212 1497 3294 medicamen·

282 3309 1135 3498 ‘euellit0322ttlltllstsllltltllc
1161 3309 1496 3483 ‘dissiliit‘

179 3548 184 3559 ·
282 3523 343 3578 aut
371 3463 459 3574 loco,
479 3504 588 3573 Mart.
615 3500 710 3572 XIX.
738 3500 781 3572 de
809 3502 977 3574 Eunuclis
1003 3505 1096 3596 regni
1112 3502 1266 3575 coelorum
1289 3505 1379 3577 male
1394 3460 1496 3584 intel!

210 3663 214 3671 .
279 3597 394 3688 letto,
428 3613 464 3666 et
482 3594 544 3670 Ori
571 3593 652 3680 eni,
678 3616 825 3690 propter
843 3594 1062 3685 castitatem,
1082 3597 1190 3705 ,regni
1207 3599 1391 3673 coelorum
1416 3625 1495 3696 pro-

282 3690 454 3774 movendi
473 3618 572 3766 cauli
595 3691 787 3778 servatam,
809 3691 1009 3765 litteraliter
1027 3694 1069 3766 ad
1096 3692 1214 3783 licito,
1239 3713 1360 3785 natur,
1380 3699 1438 3772 vel
1452 3688 1496 3776 εὶ

137 3838 146 3850 -
274 3790 414 3871 invidia
441 3789 496 3880 ei,
522 3808 560 3863 ut
610 3784 703 3861 osten
728 3788 856 3863 sadlum
882 3786 952 3875 est,
978 3720 1154 3885 objecim:
1188 3789 1329 3889 dequo
1357 3790 1418 3866 hic
1445 3784 1496 3872 ni·

279 3891 330 3967 hil
366 3886 502 3962 adtinet
537 3814 731 3982 disirutaffe.
786 3885 869 3983 ·lpse
902 3883 1025 3980 utique
1059 3906 1250 3960 comment.
1283 3885 1325 3960 ad
1361 3887 1493 3983 Mattlr.

280 3986 380 4062 XIX.
407 3984 671 4057 eunuchismum
700 4002 845 4076 propter
869 4004 1017 4150 reffnnm
1042 3983 1222 4057 coelorum
1245 3979 1400 4079 disputat
1426 4008 1494 4079 non

279 4078 500 4163 srttcraliter‚
529 4078 586 4152 sed
613 4077 858 4171 spiritualiter,
884 4102 904 4149 e
933 4078 1200 4172 ecapiendum,
1226 4102 1270 4151 eo
1294 4079 1406 4155 etiam
1422 4081 1495 4160 sco·

308 4204 349 4265 0,
376 4199 421 4248 ne
445 4171 521 4270 qnia
551 4171 632 4245 inde
659 4172 773 4246 ansam
799 4172 944 4269 arripiat
969 4173 1003 4246 se
1024 4174 1300 4259 eunuchizandi,
1328 4176 1383 4251 uti
1407 4201 1495 4257 non·

278 4275 389 4352 nullos
416 4265 536 4343 fecisse
563 4266 678 4361 tradit.
730 4270 798 4342 Sed
830 4291 867 4343 et
900 4267 973 4363 ipse
1004 4267 1156 4361 fatetur,
1197 4273 1231 4346 se
1267 4270 1353 4348 olim
1379 4272 1495 4348 cneio.

272 4364 387 4477 gumi
408 4365 480 4462 Dei
496 4362 650 4459 ‘verbo'tn
661 4419 689 4456 „
714 4365 908 4467 secundom
928 4382 1132 4462 carnemt
1147 4369 1312 4469 ,littpranr
1335 4368 1493 4479 novisse,

277 4476 361 4513 ‘···-
814 4536 832 4559 ,
1341 4480 1352 4503 ⁸
1392 4483 1498 4565 nun}

566 4766 733 4840 A
