3609 5500
281 985 356 1080 sat
663 965 814 1088 ΕΜ
832 968 966 1073 2⁶⁶ss-
993 968 1110 1075 arat.
1222 951 1239 968 ’

327 1154 362 1255 s.
388 1145 601 1226 CLXXXII.
632 1145 965 1227 Ereommuuicatio
991 1149 1152 1250 publica,
1192 1147 1239 1228 ad
1263 1172 1366 1252 quam
1388 1153 1512 1255 itaque

283 1272 418 1355 pergo,
437 1268 518 1320 cum
530 1241 685 1342 personas
700 1246 998 1344 comprehendat,
1015 1270 1099 1343 quas
1116 1245 1228 1341 serit,
1243 1248 1336 1348 quas¹
1348 1272 1509 1348 poenam,

284 1370 389 1447 quam
417 1342 572 1440 infligit,
604 1338 964 1514 deniquedpersonas,
1004 1365 1095 1440 quae
1121 1365 1198 1421 eam
1230 1347 1420 1440 exercent,
1463 1348 1512 1425 de

286 1444 332 1521 iis
357 1437 519 1517 astinem
543 1436 717 1534 agendum
848 1468 885 1515 c.
910 1439 983 1546 Qui
999 1437 1071 1515 hoc
1085 1439 1251 1530 fulmine,
1276 1459 1316 1516 ut
1332 1441 1418 1517 cum
1430 1445 1511 1520 vul·

272 1563 334 1640 ,gu
350 1540 491 1635 loquar,
517 1532 825 1629 percutiebantur,
852 1554 1038 1612 nouerant
1055 1534 1260 1633 fimpliciter
1275 1557 1511 1634 peccatores,

278 1653 347 1724 ,aut
363 1629 520 1707 criminis
536 1627 778 1725 qualiscunque
792 1628 866 1719 rei,
891 1630 950 1703 sed
967 1629 1026 1727 qui
1034 1631 1130 1730 leges
1145 1629 1326 1707 societatis
1334 1631 1502 1714 Cbristin·

285 1752 354 1809 nae
378 1723 652 1804 fundamentales
665 1721 861 1814 violarunt,
885 1743 924 1799 et
944 1724 1213 1814 subverterunt,
1237 1748 1279 1801 ac
1303 1724 1405 1814 inep
1420 1749 1510 1808 con-

284 1846 341 1904 tra
364 1842 487 1900 omncs
511 1817 773 1893 admonitiones
786 1842 828 1892 ac
845 1820 1153 1898 interminationes
1171 1822 1406 1918 pertinaciter
1451 1848 1509 1898 er·

282 1920 501 2002 sevenerunt
549 1911 610 1989 Sic
636 1936 692 1987 ex.
717 1936 769 2011 gr.
794 1914 854 2016 qui
871 1914 1055 2085 schismata
1081 1915 1312 2009 suscitabant,
1346 1936 1385 1991 et
1400 1847 1509 2015 sian·

285 2014 367 2096 dala
390 2010 574 2111 graviora,
599 2006 784 2084 dostrinae
801 2010 936 2106 Apollo
948 2012 1025 2084 icae
1050 2011 1253 2108 inprimis,
1278 2037 1366 2109 quae
1382 2016 1508 2109 secun·

284 2115 362 2190 dum
382 2114 538 2208 pietatem
562 2102 632 2194 est,
676 2105 893 2182 ediametro
920 2106 1115 2196 contraria,
1153 2128 1192 2184 et
1222 2107 1433 2186 charitatem
1465 2134 1511 2191 ae

282 2206 412 2297 fidem,
442 2202 539 2300 leges
569 2196 865 2291 fundamentales,
891 2203 1138 2282 subvertentes
1161 2206 1268 2288 Rom.
1300 2204 1406 2281 XVI:
1446 2230 1507 2305 17·

285 2306 520 2387 scortatores,
544 2292 660 2385 avari,
685 2295 908 2390 idololatrae,
932 2299 1205 2389 convitiatores,
1238 2298 1386 2390 ebrioli,
1421 2326 1505 2401 rap·

285 2420 384 2479 tores
410 2396 528 2472 1Cor.
554 2390 604 2465 V:
633 2412 690 2466 rr.
714 2390 886 2467 haeretici
911 2400 1157 2495 ὁντικατικςιτιι
1179 2418 1253 2470 non
1277 2393 1510 2495 simpliciter,

279 2496 395 2589 etiam
419 2486 597 2591 graviter,
621 2503 794 2578 errantes,
822 2487 880 2564 sed
904 2491 985 2588 qui,
1010 2492 1169 2588 quaestus
1194 2513 1232 2565 et
1248 2490 1398 2570 dominii
1417 2518 1505 2572 cau·

282 2591 340 2680 sa,
364 2605 480 2685 partes
501 2580 636 2663 faciunt
662 2580 699 2655 in
726 2582 898 2677 Ecclesia,
931 2610 1121 2684 pravorum
1147 2585 1263 2686 princi
1290 2587 1407 2667 iorum
1422 2590 1506 2666 suo·

283 2707 366 2766 sum
375 2676 592 2852 ῃοῃίἕιιιί,
609 2676 771 2752 homines
787 2680 977 2777 petulantis
992 2681 1150 2781 ingenii,
1167 2701 1205 2758 et
1216 2611 1403 2775 turbones,
1421 2684 1459 2759 T
1460 2683 1507 2768 it.

175 2780 182 2793 ,
281 2781 352 2868 111:
380 2801 437 2860 10»
486 2772 614 2943 enipjue
638 2771 699 2882 qui
722 2781 880 2859 trava«,
905 2777 1057 2868 ordinis,
1081 2776 1166 2855 disci
1191 2778 1301 2872 linae,
1328 2781 1507 2879 etlegunr

283 2870 484 2964 societatis,
509 2893 555 2949 nu
580 2867 734 2944 ahabrta
750 2873 886 2948 ratione
902 2874 1093 2965 ambulant,
1113 2898 1134 2949 2
1189 2873 1273 2949 hell.
1300 2877 1364 2953 111:
1386 2883 1422 2968 6,
1445 2900 1507 2970 ¹4·

282 2969 324 3057 in
339 2968 477 3070 speeie,
503 2964 582 3066 qui,
602 2964 729 3046 omissis
743 2964 811 3042 suis
826 2971 1001 3068 negotiis,
1028 2972 1106 3045 otio
1124 2967 1328 3066 indulgent,
1344 2988 1405 3046 aut
1421 2971 1510 3047 alie·

282 3093 331 3151 na
354 3083 495 3145 curante
527 3061 663 3160 quales,
696 3080 737 3145 ur
761 3064 857 3140 reste
882 3067 1084 3141 observavit
1107 3063 1319 3161 Raphelius,
1362 3074 1510 3145 ὁτιιτιιι

284 3167 473 3255 dicuntur,
512 3179 553 3234 ct
577 3158 699 3234 Paulus
721 3159 855 3237 dircste
882 3161 920 3237 in
943 3162 1052 3239 oculis
1073 3162 1218 3251 habuit,
1260 3161 1312 3240 uti
1346 3186 1391 3238 ex
1427 3167 1503 3264 seq.

315 3280 399 3336 atet.
427 3254 625 3333 Secundum
642 3255 761 3351 itaque
779 3257 997 3354 disciplinam
1015 3256 1255 3354 Apostolicam
1272 3278 1418 3356 peccata
1432 3285 1501 3359 pu·

281 3289 400 3444 blica,
439 3349 618 3438 enormia,
653 3349 802 3439 scelera,
837 3373 875 3425 et
897 3352 1051 3426 scandala
1071 3351 1256 3449 graviora,
1295 3378 1337 3433 ea
1364 3355 1507 3437 ratione

279 3452 508 3532 arcebantur,
551 3465 619 3516 nec
646 3464 770 3520 eornm
795 3444 982 3519 criminum
1008 3445 1061 3520 rei
1085 3449 1500 3544 excommunicabantur,

281 3545 352 3631 nist
412 3540 464 3618 0st
495 3536 621 3614 seriam
652 3556 689 3610 et
717 3538 894 3615 solennem
928 3542 1230 3639 increpationem,
1268 3546 1359 3620 haud
1393 3547 1504 3625 semel

280 3667 322 3721 re
351 3656 493 3723 etnam,
518 3632 617 3709 omni
645 3631 774 3708 efferto
799 3637 944 3726 callam,
971 3636 1047 3712 Tit.
1072 3639 1139 3710 ΙΙΙ.
1169 3657 1206 3710 et
1227 3665 1247 3714 n
1265 3644 1345 3716 Cor.
1369 3643 1436 3722 111:
1465 3649 1503 3721 6.

280 3740 343 3828 pbr
371 3731 447 3808 talis
480 3735 615 3828 lrrnpse
646 3732 823 3836 infrepotr'o
855 3731 1012 3808 sufficere
1046 3730 1180 3808 dicitur
1208 3735 1394 3821 scortatori
1416 3737 1503 3824 ren,-

281 3826 446 3936 pilcenti.
496 3829 552 3903 Ex
580 3847 649 3923 quo
675 3848 713 3899 tn
739 3829 859 3903 oculos
885 3828 1055 3921 incurrit,
1111 3849 1253 3913 uantum
1277 3832 1372 3908 inter
1393 3831 1504 3929 hujus

281 3953 320 4008 ct
350 3923 568 4021 sequentium
603 3939 803 4019 temporum
830 3924 1048 4023 disciplinam
1083 3854 1198 4002 distet.
1245 3928 1366 4013 Postea
1396 3930 1500 4010 enim

278 4020 494 4129 praecipites
521 4019 558 4097 in
568 4023 971 4101 excommunicationem
994 4021 1172 4103 teviffimis
1197 4022 1241 4097 de
1268 4024 1377 4105 causas
1393 4047 1501 4111 strete

277 4135 495 4219 coepertum
535 4113 687 4224 marime
712 4117 893 4228 postquam
918 4117 1130 4217 synodorum
1156 4120 1349 4216 qualescun,
1364 4143 1408 4196 ue
1438 4144 1498 4197 ca·

279 4239 394 4305 nones
421 4210 465 4286 de
489 4208 667 4297 torinna,
691 4212 838 4305 ratibus,
864 4235 902 4288 et
918 4215 1094 4306 moribus,
1117 4213 1302 4292 societates
1328 4222 1372 4299 C¹
1401 4215 1412 4231 ⁶
1447 4216 1498 4291 ‘a-

277 4318 338 4401 ins
370 4306 472 4387 nimis
506 4303 609 4381 arslis
641 4309 841 4384 circumseri
868 4310 985 4386 serunt
1014 4311 1204 4399 limitibus,
1242 4330 1280 4384 et
1304 4312 1380 4387 vim
1405 4313 1498 4410 legit

272 4421 508 4511 acceperunt,
534 4400 621 4480 vdeo
647 4421 686 4480 ut
710 4403 770 4507 qui
795 4335 866 4484 vei
877 4403 1123 4505 dissentirent,
1146 4406 1206 4497 vel
1229 4427 1304 4487 non
1328 4405 1497 4488 observa,

1383 4524 1491 4601 tert,
