3609 5500
228 959 235 966 “
276 936 354 1011 ΜΞ
666 926 971 1030 historiaflicclrfi
994 926 1110 1030 Christ.

282 1111 384 1188 tione
409 1113 549 1209 quoque
573 1108 620 1186 ad
636 1111 716 1208 ejus
740 1109 895 1207 illapsum
919 1110 958 1187 in
974 1109 1198 1206 Cornelium,
1223 1128 1263 1187 et
1285 1108 1401 1188 socios
1412 1123 1510 1211 gend

282 1212 362 1284 tiles
385 1209 466 1284 Ate.
493 1211 559 1299 X.,
593 1232 664 1305 quo
695 1209 815 1297 Deus,
858 1228 986 1306 gentes
1017 1208 1061 1282 ad
1087 1206 1181 1284 suam
1212 1208 1509 1284 communionem·
1547 1233 1550 1238 ⁴

281 1306 353 1475 inp
378 1304 679 1381 circumcisionea
699 1303 734 1379 se
750 1302 913 1396 admitti,
936 1304 1147 1397 declaravit,
1172 1304 1226 1382 uti
1242 1329 1288 1381 ex
1304 1303 1387 1381 Aet
1411 1305 1513 1398 XVt',

284 1412 317 1483 8.
355 1401 461 1476 iuet.

332 1498 364 1597 i.
390 1496 550 1574 CXCIV.
577 1493 633 1569 Ex
649 1494 752 1570 ditiis
767 1493 957 1573 discrimen
972 1495 1076 1593 hujus
1092 1513 1308 1587 conventus,
1340 1514 1379 1570 et
1394 1490 1511 1595 syro-⁵¹

281 1592 406 1671 dorum
432 1618 500 1691 pro
525 1591 576 1665 rie
603 1590 649 1665 fic
673 1592 864 1683 didlarum,
897 1594 969 1669 sese
990 1593 1095 1667 facile
1120 1590 1239 1666 offert.
1272 1617 1307 1665 a.
1333 1587 1432 1667 enim
1447 1593 1524 1684 sos

281 1695 312 1769 la
339 1689 490 1766 Ecclesia
548 1688 828 1788 ierosolymitana
852 1690 922 1766 fuit
947 1690 1123 1779 consulta,
1147 1710 1220 1761 non
1245 1689 1362 1783 plurer
1376 1690 1505 1766 Eccle-

282 1790 349 1864 fiae
380 1809 446 1885 per
474 1784 660 1882 deputatos
691 1786 730 1859 in
753 1810 861 1862 unum
892 1804 1148 1860 convenerunt
1200 1787 1232 1858 b.
1256 1781 1420 1880 Apostoli
1445 1785 1505 1876 so·,

281 1885 329 1975 li,
352 1903 390 1957 et
417 1905 484 1982 qua
502 1881 605 1970 tales,
630 1882 841 1958 sententiam
865 1882 1052 1973 dixerunt,
1076 1908 1105 1958 c.
1129 1879 1313 1954 decretum
1339 1904 1413 1956 non

281 1978 467 2077 suffragia,
495 1996 533 2050 et
551 2000 615 2074 per
642 1977 759 2072 plura,
785 1979 843 2054 sed
868 1977 1100 2067 unanimiter,
1125 1995 1163 2049 et
1177 1975 1366 2068 secundum
1388 1977 1506 2076 Spiri-

282 2097 339 2153 tus
354 2078 389 2151 S.
406 2074 567 2162 dudiurn,
593 2073 797 2151 formarunt,
845 2078 878 2149 d.
904 2075 1025 2149 Paulus
1048 2091 1086 2146 et
1104 2073 1275 2146 Barnabas
1292 2096 1410 2148 coram
1427 2077 1506 2172 hoo

282 2197 357 2250 non
380 2187 651 2269 comparuerunt
675 2190 877 2263 conventu,
920 2190 960 2245 ut
984 2193 1106 2244 eorum
1140 2167 1300 2243 doetriua
1325 2171 1535 2262 examina,-

282 2289 401 2358 retur,
425 2285 463 2342 et
478 2264 749 2358 dijudicaretur,
774 2266 833 2341 sed
854 2268 980 2364 sponte
1006 2267 1050 2340 ad
1065 2262 1253 2362 Apostolos
1277 2262 1348 2341 sese
1372 2287 1505 2364 contu}

282 2368 421 2455 lerunt,
445 2383 505 2454 ut,
529 2360 641 2435 amica
665 2382 704 2436 et
720 2362 874 2438 fraterna
902 2361 1062 2436 instituta
1079 2360 1289 2452 collatione,
1314 2362 1507 2443 consensus

283 2484 406 2538 eorum
429 2458 467 2531 in
483 2460 598 2533 iucem
625 2457 809 2555 prodiret,
833 2478 871 2533 et
893 2458 986 2548 falfi,
1009 2481 1050 2531 ac
1067 2457 1306 2548 contentioii,
1332 2458 1503 2537 dodlorea

281 2554 472 2633 Pharisaici
504 2552 809 2650 prostituerentur.
858 2554 1046 2629 Gefferunt
1079 2553 1151 2627 sese
1183 2555 1301 2651 itaque
1331 2553 1503 2653 Apostoli

281 2676 350 2730 nna
366 2674 446 2727 curn
461 2651 568 2725 Paulo
593 2669 754 2750 tanquam
771 2675 813 2724 ae
838 2651 949 2740 uales,
975 2649 1101 2724 eodem
1116 2646 1212 2722 adios
1229 2649 1386 2747 Spiritu,
1409 2675 1502 2730 cona

279 2748 471 2831 venienter
494 2744 593 2821 dieto
617 2766 655 2821 et
678 2745 794 2844 promi
823 2773 846 2820 o
879 2742 1008 2823 Christi
1039 2747 1148 2821 Matr.
1181 2746 1321 2837 XVIllr
1349 2750 1406 2824 ao.
1440 2733 1506 2825 obl

280 2850 341 2924 'duo
366 2860 425 2931 aut
453 2861 520 2917 tres
549 2849 581 2916 in
603 2867 673 2917 meo
695 2848 820 2918 nomine
833 2842 967 2940 fuerint
991 2845 1202 2939 congregati,
1227 2847 1272 2916 ibi
1296 2868 1354 2938 ego
1379 2849 1411 2919 in
1427 2871 1502 2939 νηι-Ι

280 2949 333 3021 dio
356 2959 482 3018 eorum:
506 2939 603 3013 limul
618 2942 820 3037 exemplum
834 2939 998 3016 Ecclesris
1014 2943 1250 3035 praebuerunt
1264 2937 1498 3037 imitandum,

280 3043 326 3119 ad
349 3061 473 3140 pacem
506 3057 542 3110 et
567 3038 810 3148 aequalitatem
841 3036 1025 3118 dodiorurn
1058 3035 1351 3129 conservandam,
1388 3036 1502 3118 ineo

282 3140 405 3228 litum,
430 3153 469 3209 ut
485 3131 603 3209 secum
619 3134 777 3210 invicem
797 3134 938 3232 quidem
961 3130 1166 3220 conferant,
1192 3149 1354 3228 tanquam
1372 3157 1501 3231 aequa·

281 3241 352 3327 les,
385 3252 423 3308 et
446 3231 588 3321 iratres,
621 3232 682 3306 sed
703 3232 761 3306 alii
792 3233 830 3306 in
857 3231 943 3306 alios
969 3226 1165 3304 dominium
1188 3249 1260 3301 non
1286 3246 1504 3329 exerceant,

280 3353 343 3411 aut
366 3327 585 3427 quaestiones
609 3352 674 3421 per
698 3327 797 3421 plura
811 3325 963 3422 iaperirffe
979 3347 1052 3398 non
1068 3322 1255 3399 definiant:
1280 3326 1360 3400 sunt
1376 3325 1474 3402 enirn

281 3438 394 3522 aeque
413 3447 455 3497 ac
470 3420 655 3518 Apostoli,
679 3423 787 3495 relate
810 3422 902 3495 adse
929 3420 1106 3505 invicem,
1132 3442 1254 3514 pares,
1282 3445 1404 3497 omnes
1427 3380 1499 3511 dil}

278 3521 392 3617 cipuli
420 3518 522 3592 unius
554 3515 709 3614 magistri
741 3515 891 3608 Christi,
932 3536 971 3591 et
1001 3515 1127 3589 fratrer
1161 3515 1261 3602 unius
1286 3517 1398 3593 Patris
1422 3519 1501 3599 Dei

281 3621 392 3695 Mart.
418 3613 554 3687 XXIII.
580 3633 781 3708 praeterea,
811 3635 850 3688 ut
874 3637 894 3686 a
920 3611 1080 3709 quaesitis
1106 3608 1301 3687 abstineant
1324 3608 1502 3703 definien-¹

280 3715 356 3800 dis,
413 3734 477 3783 uae
502 3732 522 3779 a
546 3707 680 3802 Spiritu
703 3708 737 3782 S.
763 3732 835 3782 non
862 3710 942 3783 sunt
965 3726 1046 3780 ante
1071 3704 1207 3799 decisa,
1249 3707 1321 3785 sive
1347 3713 1438 3785 clare
1461 3731 1504 3804 et

281 3831 391 3906 expre
422 3830 441 3878 e
467 3805 644 3892 revelata;
675 3801 726 3877 ita
751 3824 790 3879 ut
815 3806 936 3880 dicere
958 3822 1154 3900 nequeant,
1194 3803 1295 3898 ursum
1317 3805 1365 3906 esi
1390 3808 1502 3904 Spiri-

281 3913 330 3983 tui
354 3905 389 3978 S.
416 3921 448 3974 at
473 3903 587 3991 nobis,
611 3900 763 3999 denique
786 3902 849 3977 fibi
876 3920 1025 3977 caveant
1048 3926 1068 3976 a
1091 3922 1179 3996 pace
1196 3921 1234 3972 et
1255 3905 1389 3977 unione
1403 3926 1502 4003 urm,-

253 4001 416 4102 ¹penda,
442 4019 480 4072 et
505 3999 625 4071 litibus
649 4021 689 4072 ac
706 3998 935 4075 divisionibus
957 3998 1139 4086 fovendis,
1166 3998 1308 4097 aliisque
1329 4000 1501 4090 domurn?

278 4100 337 4175 dir
359 4116 397 4170 et
418 4093 647 4188 adfligendis,
673 4117 739 4188 per
765 4096 966 4171 temerarias
992 4111 1031 4167 et
1054 4091 1248 4189 inperiosar
1270 4095 1503 4189 defiuitione}

280 4197 322 4278 in
350 4190 448 4270 causa
473 4189 556 4261 fidei
583 4210 619 4259 et
643 4188 836 4266 dodirinae.
1351 4242 1354 4249 ,
1440 4243 1444 4259 .

279 4307 283 4313 ·
331 4292 362 4392 5.
388 4284 532 4364 CXCV.
574 4284 674 4386 Quae
699 4285 822 4362 cuneta
845 4287 906 4386 qui
927 4284 1141 4377 adverterit,
1180 4288 1276 4363 lirnul
1305 4287 1348 4362 ad
1372 4286 1502 4365 statum

276 4385 515 4489 Ilcclessarum
535 4380 820 4484 particularium,
850 4387 997 4465 durante
1017 4382 1502 4560 Wiffldwiidlcaffd·

273 4514 303 4535 ⁸¹
349 4530 369 4546 ‘¹
843 4560 860 4585 ν
889 4546 900 4559 .
919 4550 947 4559 ..
1322 4498 1386 4575 ‚ten
1410 4498 1503 4580 ent,
