3609 5500
569 715 592 783 ·'
696 738 803 818 secui.
830 743 884 822 ir.
1309 750 1413 851 ψ,μς

192 913 405 1003 christianos
428 924 463 997 ln
480 941 640 998 carcerem
664 924 710 995 ad
725 922 899 1021 osculanda
920 925 1054 999 vincula
1079 932 1233 1027 martyrt't
1257 946 1406 1027 reptare,

189 1042 261 1097 non
288 1038 426 1093 tantum
459 1021 566 1094 tradit
576 1054 599 1109 ,⁴
628 1019 748 1092 sedin
780 1021 840 1093 lib.
867 1021 912 1093 de
935 1022 1086 1095 Pudicit.
1111 1046 1142 1097 c.
1173 1048 1228 1100 aa.
1262 1030 1415 1104 abusum,

189 1114 488 1211 superstitiosum,
521 1118 558 1189 iii
582 1114 736 1188 Ecclesia
759 1115 986 1212 gliscentem,
1028 1120 1217 1212 expressius
1241 1123 1404 1200 notavit:

189 1214 348 1287 adfirmat
372 1234 511 1307 quoque
538 1212 575 1284 iii
592 1214 651 1284 lib.
679 1210 721 1281 ad
740 1214 939 1307 Martyres,
964 1216 1182 1309 indulgentias
1207 1218 1250 1288 alr
1275 1221 1317 1292 i'i‘s
1339 1220 1407 1312 dis·

185 1308 339 1405 pensari,
364 1326 401 1378 et
425 1309 467 1380 ab
491 1308 534 1380 iis
558 1309 634 1404 peti
660 1306 793 1396 solere3
818 1330 924 1403 quem
947 1330 1082 1381 morem
1106 1310 1157 1383 ibi
1181 1310 1321 1406 quidem
1347 1316 1408 1387 ad·

189 1408 337 1505 probat,
363 1401 422 1475 sed
438 1405 519 1475 Ioco
535 1404 624 1491 alio,
649 1401 756 1475 modo
772 1403 903 1493 citato,
929 1406 1090 1495 abusum,
1119 1428 1188 1501 quo
1209 1410 1407 1485 mortaliter

188 1520 380 1599 peccantes
408 1501 549 1573 veniam
579 1496 714 1571 abillis
743 1497 1002 1594 supplicabant,
1035 1501 1273 1599 reprehendit.
1323 1506 1406 1609 Quo

189 1595 295 1671 etiam
324 1594 431 1684 facit,
463 1606 525 1668 eos
549 1617 633 1668 mox
658 1594 700 1665 ad
726 1594 924 1690 proximam
952 1594 1024 1668 Dei
1056 1598 1340 1674 communionem
1367 1601 1406 1675 iii

192 1692 299 1766 coelis
334 1690 476 1764 admitti
514 1688 752 1764 communiter
785 1685 886 1763 fuisse
928 1690 1122 1783 creditum,
1165 1716 1246 1767 cuin
1279 1697 1404 1795 reliqui

192 1788 312 1863 fideles
345 1786 383 1859 in
414 1791 506 1857 tertio
536 1788 617 1860 Ioco
648 1785 743 1857 diein
774 1785 935 1881 supremi
955 1787 1083 1883 judicii
1119 1789 1405 1886 exspectaretis

188 1884 344 1959 buerint.
393 1882 475 1981 Quo
507 1880 583 1979 ipso
614 1881 821 1954 Sacerdotem
856 1904 1002 1957 munere
1035 1882 1157 1959 censiti
1193 1886 1336 1962 fuerunt
1369 1888 1406 1962 in

189 1982 291 2055 coelo
315 1978 439 2074 fungi,
480 1997 518 2050 et
546 1999 613 2075 pro
637 1976 789 2050 Ecclesia
815 1974 1058 2069 intercedere;
1101 2004 1146 2053 eo
1171 1985 1277 2055 etlam
1302 2004 1407 2080 rapto

190 2075 265 2151 viso
288 2076 410 2170 Apoc.
435 2072 506 2148 VI:
531 2097 566 2163 9.
593 2096 663 2169 quo
687 2075 816 2145 animae
840 2092 1030 2168 martyrum
1046 2072 1112 2173 fiili
1129 2076 1231 2150 altari
1255 2080 1407 2153 clamati·

191 2190 245 2247 tes
266 2172 361 2247 nisae
387 2168 477 2244 sunt.
525 2169 660 2265 Utique
684 2190 704 2240 a
729 2168 877 2265 Dionys.
903 2171 1005 2244 Alex.
1039 2172 1129 2267 apud
1152 2173 1231 2246 Etis.
1262 2176 1310 2248 H.
1336 2178 1406 2249 VI:

191 2292 251 2361 42.
274 2266 494 2363 adpellantur
518 2266 636 2363 Christi
667 2261 860 2360 atlseffores,
893 2281 925 2337 tt
949 2270 1039 2359 regni
1062 2272 1134 2362 ejas
1161 2290 1216 2340 ion
1235 2284 1341 2357 ortes,
1366 2296 1407 2345 ac

185 2368 306 2465 judicii
335 2363 533 2459 participes,
577 2382 643 2432 una
675 2384 745 2434 cuni
781 2356 904 2456 Christo
930 2364 1126 2455 judicaturi.
1216 2365 1263 2441 id.
1296 2364 1408 2440 etiam

190 2463 338 2560 Origen.
370 2457 468 2555 hom.
497 2456 542 2531 X.
568 2456 605 2530 iii
625 2455 752 2530 librum
776 2457 872 2531 Mos.
925 2456 1097 2549 Numen,
1131 2478 1169 2533 et
1192 2460 1230 2535 iii
1253 2462 1405 2537 exhorta·

190 2562 275 2633 tione
305 2555 473 2650 martyrii.
520 2552 693 2641 Tertull.‚
719 2549 784 2625 etsi
808 2551 962 2625 medium
989 2555 1105 2629 locum
1130 2552 1224 2630 intcr
1248 2562 1408 2648 coelum,
1467 2622 1470 2631 .

191 2675 229 2731 et
253 2649 496 2729 communium
522 2646 762 2750 credendum,
805 2644 850 2719 iis
879 2648 1055 2745 adsignet,
1097 2674 1199 2747 quent
1220 2654 1409 2754 paradisum

188 2740 361 2848 adpellat,
400 2766 462 2820 eos
486 2764 604 2821 tamen
636 2742 749 2818 statim
784 2744 938 2818 inmorari
961 2751 1048 2842 apud
1070 2748 1263 2838 Domi'ttiinr,
1307 2773 1344 2823 et
1368 2751 1409 2822 in

187 2839 240 2922 'eo
264 2841 542 2942 praerogativam
567 2839 727 2938 martyrii
756 2835 825 2909 effe
851 2840 969 2929 sitam,
1003 2843 1094 2913 clare
1122 2843 1256 2915 indicat
1281 2842 1325 2915 de
1350 2867 1405 2914 re·

192 2941 280 3018 surr.
305 2959 397 3011 carn.
422 2961 452 3013 c.
476 2961 537 3033 43.
562 2953 599 3010 et
622 2937 666 3010 de
690 2931 819 3006 Anima
842 2956 873 3007 c.
901 2957 961 3024 55.
1013 2936 1092 3006 Alia
1109 2938 1284 3010 Veterum
1310 2934 1407 3011 testi·

193 3033 314 3115 'monia
343 3030 456 3108 mitto.
506 3030 594 3108 Vid.
624 3025 744 3132 potest
769 3028 877 3103 etiam
910 3030 1084 3105 Dodwell.
1115 3029 1204 3106 DilI.
1238 3031 1405 3130 Cyprian.

189 3133 339 3212 Vinia.

183 3214 189 3225 ’
235 3227 268 3328 s.
294 3226 536 3300 LXXXVIII.
569 3223 751 3314 Alterum,
777 3219 890 3321 quod,
918 3219 1010 3320 vitio
1036 3219 1150 3295 adhuc
1174 3247 1314 3314 carens,
1348 3245 1409 3300 an·

189 3327 261 3402 sam
284 3319 404 3421 postea
430 3319 653 3416 superstitiosi
679 3321 789 3392 cultus
816 3318 999 3411 praebuit,
1026 3315 1126 3390 situni
1153 3323 1203 3397 est
1234 3324 1271 3397 iii
1296 3319 1409 3395 solen·

188 3423 319 3506 nibus,
343 3437 383 3490 ct
406 3415 651 3490 anniuersariis
670 3417 870 3513 Martyrum
895 3419 1259 3508 cotnmtrnorati'oni'brts,
1285 3417 1410 3515 quibus

194 3517 354 3591 natalitia
385 3527 515 3586 eorum·
540 3514 832 3598 celebrabantur,
885 3509 960 3582 vita
994 3530 1031 3583 et
1062 3530 1156 3585 mors
1192 3538 1310 3612 paneg
1336 3511 1410 3586 rica

196 3613 427 3686 extollebatur
448 3605 630 3698 oratione;
655 3631 753 3680 more
781 3629 800 3678 a
827 3604 1029 3679 Gentilibus
1054 3603 1171 3684 duslo.
1221 3539 1333 3710 Quod
1345 3631 1409 3694 co,

183 3731 268 3808 ,quo
297 3725 426 3804 martyr
450 3723 637 3776 coronatus
662 3721 759 3792 erat,
800 3699 907 3772 fiebat
930 3700 1009 3790 die,
1035 3703 1282 3796 naintrdieto,
1317 3697 1411 3802 ipuod

193 3807 288 3879 altae
304 3798 499 3878 inmortalis
515 3799 600 3873 esset
623 3797 800 3896 particeps
825 3793 955 3886 faetus,
980 3818 1048 3870 nec
1075 3817 1166 3890 nori,
1191 3800 1311 3876 sifieri
1328 3801 1411 3898 pos·

191 3901 271 3990 set,
311 3897 348 3971 in
370 3898 450 3970 Ioco
476 3894 537 3970 ubi
564 3915 675 3990 carpus
699 3911 758 3967 aot
787 3891 940 3983 reliquiae
969 3891 1045 3988 ejus
1063 3891 1250 3986 jacebant,
1317 3898 1411 3972 affini

184 3993 266 4088 ¹hoc
289 4011 451 4088 tempore
476 4007 577 4064 extra
602 3994 735 4065 urbem.
789 3984 901 4060 Prima
919 3988 1021 4083 hujus
1043 3989 1153 4064 moris
1176 3987 1411 4090 vestigia'sese

180 4089 355 4172 ‚offerunt
380 4081 417 4160 in
441 4084 551 4185 Epist.
577 4081 773 4186 Smymens.
806 4079 852 4156 de
883 4086 1039 4180 martyria
1070 4083 1261 4182 arnapa,
1292 4085 1326 4251 y.
1354 4095 1412 4168 18.

172 4265 177 4278 ,
189 4207 285 4293 tyriae
308 4182 418 4304 cpiam
437 4181 531 4283 apud
555 4181 637 4260 Etis.
661 4183 712 4260 Η.
736 4179 892 4352 Illgkpn
926 4178 1049 4258 eiillat.
1095 4181 1183 4262 offa
1204 4181 1291 4278 Poly
1314 4181 1412 4296 aipij,
1498 4279 1501 4286 ι

876 4295 900 4352 2
1283 4299 1418 4374 gemmis
1496 4319 1508 4356 a
