3609 5500
718 646 828 729 Secul.
850 644 883 725 l.
1339 670 1415 748 pp,

182 828 317 907 rationi
343 827 530 926 viduamrn
561 828 834 907 Hellenistarum
864 826 1121 927 prospicerent.
1168 828 1255 907 Huc
1286 828 1438 930 utique<

185 928 331 1017 tendit,
355 927 453 1024 quod
466 926 631 1024 Apostoli
656 927 802 1017 dicam,
823 926 886 1002 sbi
911 950 984 1001 non
1008 926 1137 1016 licere,
1165 928 1265 1003 verbi
1289 922 1413 1006 minis«

179 1024 276 1097 terio
301 1022 451 1111 reliilo,
474 1022 646 1100 inservire
670 1023 821 1116 menfia,
842 1022 1003 1119 adeoque
1030 1020 1118 1095 alios
1139 1020 1237 1097 viros
1262 1024 1414 1103 idoneos

184 1118 253 1193 noi
276 1118 353 1193 effe
378 1116 620 1211 sufficiendae,
645 1119 706 1216 qui
727 1143 818 1216 ergo
839 1142 963 1192 eorum
980 1118 1098 1191 locum
1123 1116 1346 1215 supplerent,
1372 1141 1411 1199 et

182 1236 309 1289 comm
334 1214 517 1312 personas,
542 1232 713 1315 tanquam
728 1213 858 1313 legati,
880 1214 1205 1311 repraesentarent,
1226 1232 1409 1310 praeterea

182 1312 276 1405 quod
300 1332 373 1407 per
396 1310 615 1404 inptplriontm
637 1334 790 1385 mantum
814 1310 858 1385 ab
886 1306 968 1407 ipsu
991 1305 1171 1405 Apostolis
1194 1307 1328 1385 fuerint
1352 1311 1408 1407 in·

180 1406 372 1503 augurati3
409 1405 563 1521 denique
591 1406 709 1505 Philip
800 1404 1148 1520 diserteadpelletur
1172 1404 1428 1512 EnmgtliJlo„

182 1499 803 1673 &assumimini
804 1504 1412 1707 ·f.tssrinal¹¹tn13ltll¹¹s⁰ie

182 1693 322 1789 pinnae
347 1690 432 1767 Λᾶ.
458 1692 517 1767 Vl
541 1711 579 1765 et
602 1692 691 1768 vll„
742 1692 920 1767 Ordrnaru
953 1708 1074 1790 utaque
1099 1708 1138 1765 et
1158 1693 1307 1788 proprie
1329 1692 1443 1771 dim

183 1788 214 1862 ti
243 1810 320 1862 non
348 1786 494 1862 suerunt
524 1786 687 1881 diaconi,
720 1810 791 1863 nec
820 1810 969 1863 munere
997 1786 1215 1886 presbyteri,
1254 1788 1315 1867 fed
1346 1815 1411 1867 eun

180 1880 392 1982 augelistae,
433 1881 478 1957 ad
511 1884 620 1957 breve
650 1903 790 1983 ternpus
819 1902 920 1961 extra
958 1882 1119 1959 ordinem
1154 1883 1413 1980 eleemosynis,

185 1978 260 2054 fine
282 1978 516 2077 personarum
548 1980 759 2076 acceptione
783 1978 1049 2070 distribuendis,
1084 1978 1121 2053 in
1144 1977 1264 2075 specie
1282 1980 1409 2059 Helle·
1555 2017 1559 2032 =

183 2073 283 2151 nistia
307 2072 573 2165 succumeudis,
698 2074 798 2150 feni.
845 2073 1012 2151 Ecclesn'e
1037 2073 1166 2177 deinde
1192 2075 1410 2174 multiplica-e

185 2171 252 2261 tir,
272 2190 311 2245 et
326 2170 543 2269 perorbetn
564 2168 601 2245 di
651 2170 815 2261 minaria,
838 2170 919 2262 alii,
945 2189 987 2248 et
1000 2168 1191 2262 ordinarii,
1214 2171 1310 2263 sunt,
1339 2194 1411 2250 una

184 2286 266 2341 com
292 2264 535 2366 presbyteria,
571 2266 766 2344 introdueii
796 2262 964 2359 Diatoni,
1003 2288 1154 2364 quorum
1183 2264 1300 2351 officia
1331 2268 1408 2365 prid

183 2364 307 2455 mitur,
332 2380 375 2434 ut
400 2360 499 2453 dixi,
534 2358 572 2435 io
595 2363 692 2438 vitae
719 2360 875 2452 subfidjis
897 2360 1148 2459 procurandis,
1183 2362 1247 2438 obi
1267 2364 1410 2451 neeesse

187 2478 281 2550 erat,
326 2459 388 2533 seu
413 2460 533 2533 mensa
551 2456 840 2550 administranda,
872 2457 1015 2535 fuerunt
1038 2456 1121 2550 sita,
1151 2456 1209 2532 sed
1236 2459 1411 2561 deincepr

184 2554 248 2631 alia
272 2552 516 2629 ministerialia
546 2554 784 2646 accesserunt,
824 2553 877 2630 uti
901 2553 1173 2631 catechumenos
1197 2552 1425 2651 instituere„

186 2651 395 2750 praelegere
420 2649 549 2747 script.
574 2651 635 2741 S.,
662 2650 819 2725 oratoria
840 2673 981 2742 curare,
1006 2668 1048 2726 et.
1069 2649 1205 2729 similia.
1252 2654 1311 2727 De
1358 2676 1406 2729 uo

185 2744 310 2845 postea
331 2745 399 2821 fao
418 2746 519 2849 loco,
566 2746 625 2820 Ex
645 2746 749 2822 ditus
772 2745 876 2823 facile
893 2746 938 2821 de
955 2742 1182 2844 Diatonifflt,
1202 2748 1266 2822 seu
1288 2674 1409 2826 vidulo

185 2859 249 2918 ant
270 2841 446 2939 innuptis,
470 2841 656 2916 minimum
680 2842 936 2940 sexagenariis,
966 2841 1163 2936 iudicatur:
1196 2865 1303 2936 quare
1328 2845 1423 2934 lon·¹

190 2937 313 3035 giores
345 2957 412 3010 noo
442 2936 580 3013 aedom
613 2958 747 3026 morae,
787 2953 826 3009 et
856 2936 902 3010 ad
935 2935 1152 3030 disciplinam
1186 2933 1410 3028 Ecclesiam,

191 3031 304 3131 qualis
327 3030 366 3108 in
385 3029 539 3108 Ecclesia
561 3031 690 3129 Apost.
715 3030 899 3122 obtinuit,
926 3027 1190 3140 depingendam
1217 3032 1322 3129 paulo
1345 3031 1406 3107 ad·

187 3124 367 3218 curatius,
390 3151 450 3203 me
474 3127 635 3204 confero.
686 3127 788 3230 Quae
813 3125 1008 3224 disquisttro
1028 3148 1074 3200 eo
1098 3121 1217 3200 utilior
1239 3125 1310 3217 est,
1334 3150 1411 3225 quo

186 3221 508 3396 aaziae
530 3223 771 3395 rutena
788 3219 1409 3412 traterraunnaen

494 3375 506 3410 9
918 3375 929 3409 2
1327 3377 1338 3414 2

191 3415 359 3492 summum
382 3416 556 3506 dedecus,
590 3434 628 3490 et
649 3415 811 3506 minam,
844 3411 1112 3491 Christianismi,

233 3511 266 3612 ς.
292 3510 490 3588 CLXXXI.
531 3512 709 3585 Versatur
728 3511 870 3608 quidem
900 3534 945 3585 ea
966 3533 1075 3609 aeque
1109 3510 1202 3585 circa
1233 3515 1411 3588 admitten-

188 3610 241 3684 dos
262 3609 309 3684 ad
339 3607 517 3682 Ecclesiae
547 3607 690 3700 alicuius
726 3604 1032 3696 communionem,
1074 3630 1116 3682 ae
1141 3607 1313 3704 adrniffos,
1347 3609 1412 3684 seu

190 3705 341 3795 fideles,
383 3701 444 3777 sed
477 3701 652 3800 posterior
681 3701 834 3777 nostram
865 3701 905 3776 in
937 3700 1062 3800 primis
1092 3721 1246 3784 meretur
1284 3703 1409 3782 adten-

193 3800 328 3876 tionem
353 3818 394 3872 et
423 3821 590 3894 operam:
625 3821 730 3894 quare
754 3802 866 3875 verbo
890 3797 1023 3874 notasse
1044 3795 1242 3890 suffecerit,
1283 3801 1420 3878 utere--

195 3895 260 3970 liae
286 3895 359 3970 hoc
383 3914 545 3990 tempore
579 3894 683 3971 soille
754 3917 773 3970 r
797 3893 1007 3992 baptismum
1031 3893 1196 3986 insertos,
1227 3894 1287 3992 qui
1312 3894 1414 3990 leges

198 3990 475 4066 fundamentales
500 3990 679 4067 societatis
732 3990 919 4068 hristianae
947 3991 1017 4066 sese
1047 3989 1228 4092 recipere,
1268 3987 1415 4084 seseque
1487 4063 1497 4090 ,

201 4085 246 4184 iia
270 4087 474 4168 wasemes
495 4086 720 4187 praestituros
742 4087 835 4263 cesse,
858 4109 921 4166 ore
942 4087 1214 4190 profiterentur,
1224 4104 1306 4253 Effe
1323 4107 1413 4179 pro·

778 4205 847 4284 ca
1301 4201 1412 4256 ouem
