3609 5500
703 935 710 988 t
738 1035 742 1042 ⁸
808 907 977 1023 Senti..
1003 949 1010 960 '
1054 943 1083 958 ''
1108 950 1112 958 '
1445 981 1517 1052 ¹09

349 1113 364 1209 i
396 1111 699 1216 undamentum,
764 1148 805 1199 er
843 1123 964 1200 omnia
995 1143 1188 1221 tempora,
1230 1125 1341 1206 totius
1374 1143 1515 1235 quoque

319 1226 542 1306 Economiae
573 1222 694 1322 IegaIir
716 1145 841 1319 ssopus
865 1241 904 1296 et
926 1221 1201 1315 fundamentum,
1243 1228 1514 1325 prophetiarum

288 1346 431 1496 mque
462 1339 707 1418 argumentum
738 1316 992 1415 praecipuum,
1037 1317 1145 1394 Rom.
1178 1320 1224 1393 X.
1284 1326 1413 1402 2Cor.
1445 1329 1513 1409 III.

371 1437 401 1496 t.
426 1415 491 1492 XI.
517 1435 556 1489 et
579 1415 619 1488 in
641 1417 709 1512 Ep.
733 1414 777 1488 ad
799 1414 915 1488 Hebr.
939 1411 1082 1507 ubique.

333 1516 368 1617 ς.
393 1514 496 1589 CIV.
538 1511 732 1587 Vertamut
765 1532 860 1585 nunc
890 1507 930 1584 in
954 1507 1072 1605 specie
1098 1508 1221 1583 oculor
1243 1508 1287 1585 ad
1312 1513 1511 1612 Christum,

288 1637 356 1714 qua
382 1635 409 1708 p
477 1608 617 1697 hetam,
650 1604 882 1705 pontificem,
909 1624 946 1678 et
961 1626 1105 1702 regem,
1130 1622 1168 1676 et
1185 1605 1316 1685 summa
1339 1610 1409 1686 hac
1431 1636 1511 1711 par.

287 1729 326 1785 te
350 1727 446 1782 exce
470 1702 567 1777 entia
594 1702 669 1800 ejus
706 1699 808 1776 nobis
834 1700 1016 1775 cIariIIime
1046 1699 1238 1797 adparebit.
1285 1734 1322 1780 a.
1344 1707 1508 1788 Summus

288 1801 539 1898 cstPropIreta,
564 1796 662 1873 Most
678 1820 751 1874 non
767 1815 899 1871 tantum
914 1795 953 1869 in
971 1793 1090 1870 multis
1106 1793 1226 1872 nmilis
1239 1799 1349 1877 Deot.
1366 1803 1510 1885 XVIII.
1531 1874 1535 1883 ,

288 1921 359 1998 qna
380 1893 510 1972 doctor
533 1912 572 1967 et
605 1891 784 1992 legissator
803 1890 950 1965 nornitte
973 1889 1069 1980 Dei,
1107 1891 1281 1968 mediator
1305 1921 1444 2008 quoque
1471 1921 1511 1980 et

291 2015 411 2070 novae
447 1989 681 2064 oeconomIae
713 1986 900 2076 conditor,
944 1985 1064 2062 sedin
1088 1985 1249 2063 omnibus
1273 1988 1341 2066 ihre
1366 2018 1411 2068 eo
1436 2020 1509 2072 ma·

285 2091 352 2192 jor
373 2105 413 2163 ct
434 2084 564 2160 melior
587 2085 684 2159 Heb.
707 2085 775 2158 Ill.
798 2082 959 2156 omnium
984 2106 1030 2182 qu
1080 2107 1122 2158 ue
1139 2084 1395 2182 prophetarum
1417 2093 1510 2166 anti·

357 2209 418 2276 nr,
462 2180 521 2255 sco
547 2203 587 2254 uc
614 2198 653 2255 et
677 2180 998 2276 complementum,
1038 2203 1058 2252 a
1103 2203 1207 2277 quem
1235 2179 1340 2278 usque
1363 2184 1442 2261 Lex
1469 2206 1508 2264 et

382 2281 493 2354 hetae
565 2293 629 2351 att.
653 2276 721 2350 III.
766 2275 824 2349 De
855 2297 926 2383 quo
957 2274 1017 2373 qui
1050 2275 1220 2350 convinci
1244 2279 1367 2378 cupit,
1408 2303 1440 2356 r.
1465 2283 1509 2360 ad

366 2397 478 2450 onam
500 2372 596 2468 ejus,
639 2389 677 2444 et
699 2369 794 2445 dona
816 2368 967 2467 Spiritus
993 2373 1051 2461 S.,
1093 2371 1216 2468 quibus
1247 2373 1319 2449 fine
1349 2375 1510 2458 mensura

359 2473 430 2546 'uc
455 2465 527 2557 est,
549 2465 738 2558 adtendat,
764 2488 799 2541 2.
823 2466 979 2541 moneris
1003 2465 1208 2565 prophetici
1235 2470 1309 2565 ejus
1334 2474 1508 2550 excellen-

287 2589 376 2648 trum
408 2587 454 2642 ac
489 2561 702 2661 dignitatem
731 2562 893 2637 advertat
924 2592 960 2638 a.
991 2559 1151 2659 respettu
1181 2565 1340 2642 ὼᾶνὶηαε
1373 2565 1508 2665 ipIius,

315 2687 380 2740 nae
405 2656 728 2761 praestantiffimar,
749 2656 929 2753 salutaret,
962 2659 1160 2758 summeque
1185 2661 1389 2738 trecenarius
1410 2689 1509 2741 corn·

287 2758 460 2863 plectitur
484 2757 676 2847 veritates,
699 2778 744 2830 eo
759 2754 904 2830 nomine
918 2756 1054 2854 dIgnas.
1105 2756 1259 2861 Quarum
1285 2762 1414 2838 summa
1433 2763 1507 2857 est,

291 2880 403 2935 unum
426 2852 499 2929 effe
521 2853 642 2928 Deum
665 2854 826 2944 Patrem,
874 2874 920 2926 en
943 2876 1013 2951 quo
1037 2851 1116 2927 sunt
1139 2854 1275 2947 omnia,
1308 2875 1346 2932 et
1377 2858 1506 2936 Filium

291 2949 531 3051 nospitium
558 2951 593 3024 S.
620 2970 666 3021 ex
690 2947 786 3046 ipso,
820 2968 966 3022 aecum
996 2947 1072 3044 ipfo
1109 2949 1263 3044 ejusdem
1288 2952 1507 3049 divinitatis,

285 3050 417 3129 Deum
445 3066 553 3143 porro
582 3066 689 3119 unum
728 3044 823 3118 illum
859 3043 1000 3117 infinite
1037 3042 1259 3141 sapientem,
1297 3070 1508 3143 potentem,

290 3142 452 3245 justum,
476 3162 616 3237 aequum
639 3163 680 3214 ac
703 3141 855 3226 bonum,
880 3138 1022 3213 unicum
1049 3137 1159 3210 totius
1175 3139 1337 3211 Universr
1364 3146 1507 3215 Cremo*

285 3262 394 3330 rem,
421 3234 716 3325 conservatorem,
741 3231 916 3307 rectorem
928 3257 945 3321 ,·
966 3255 1007 3306 ac
1025 3230 1187 3328 Judicem
1202 3233 1419 3328 supremum:
1446 3237 1469 3333 J
1491 3276 1507 3294 ·

284 3336 369 3418 sum
393 3332 466 3408 effe
488 3329 614 3405 FiIiom
642 3331 735 3420 Dei,
758 3354 805 3405 ac
824 3327 1028 3427 promiffirm
1055 3326 1239 3417 Meffiam,
1266 3330 1404 3404 unicam
1422 3332 1506 3411 sulu-

286 3435 338 3509 tis
369 3427 507 3504 cauiitm
539 3425 777 3515 meritoriam,
814 3450 879 3523 per
905 3422 1144 3499 obedientiam
1168 3424 1262 3498 Patri
1286 3426 1328 3502 ad
1353 3449 1508 3507 mortem

285 3523 405 3608 crucis
437 3523 659 3621 praestitam,
699 3522 839 3619 ejusque
874 3544 916 3593 ac
948 3519 1058 3594 Patris
1087 3518 1257 3615 Spiritum
1290 3523 1360 3598 effe
1392 3529 1507 3604 omnis

295 3624 381 3704 boni
406 3619 548 3694 moralis
579 3643 621 3694 ac
652 3617 840 3714 spiritualis
869 3618 1062 3713 supremam
1096 3616 1231 3689 causam
1266 3618 1506 3717 effecirIccm,

293 3722 387 3799 fulva
411 3713 570 3791 hominis
593 3717 765 3790 libertate.
817 3712 942 3788 Vitam
973 3711 1048 3786 dari
1071 3731 1249 3786 aeternam
1273 3738 1315 3787 ac
1340 3715 1506 3796 inmorta-

291 3822 364 3898 Iem
388 3810 546 3888 hominis
578 3811 615 3885 in
639 3811 754 3884 anima
781 3828 817 3882 et
845 3832 1017 3905 corpore,
1061 3808 1221 3882 omnibus
1245 3812 1353 3905 gratis
1379 3836 1507 3890 conce·

292 3908 465 3999 ciendam
490 3904 550 4002 qui
565 3908 798 4004 cognoverint
823 3903 1021 3979 theoretice
1047 3921 1084 3976 et
1102 3902 1274 3998 practice,
1301 3907 1439 3983 intera
1464 3913 1505 3987 fi-

290 4012 336 4087 de
365 4029 434 4105 per
470 4002 679 4078 charitatem
710 4021 747 4074 et
776 4004 868 4074 bona
901 4023 1008 4094 opera
1045 3997 1211 4087 aetuoso,
1267 4026 1372 4078 unum
1409 4005 1507 4085 illurn

293 4109 433 4194 Deum,
474 4119 513 4172 et
551 4122 653 4195 quem
688 4097 779 4171 misrt
814 4095 930 4193 Jesum
968 4093 1162 4186 Christum,
1192 4095 1280 4265 Ι[01].
1313 4102 1436 4177 XVII:
1473 4133 1505 4201 3,

300 4204 413 4276 Deum·
445 4218 567 4283 vero,
609 4195 749 4291 ejusque
786 4190 1018 4286 obsequium,
1060 4193 1163 4284 culpa·
1209 4218 1250 4267 ua
1280 4196 1506 4294 ignorantes,

305 4320 339 4370 tc
367 4291 620 4393 negligentes,
664 4288 847 4387 euangelio
882 4306 1020 4377 autem,
1060 4287 1140 4385 ipsrs
1177 4288 1396 4375 notificato,
1436 4296 1508 4367 non

305 4392 532 4481 obedienter,
565 4406 709 4462 manere
740 4406 901 4555 aeternas
933 4407 1088 4479 poenas,
1128 4381 1508 4490 secundum-cujusque

924 4503 946 4574 3
1342 4499 1514 4567 meritum
