3609 5500
671 720 882 804 1111111.
997 743 1001 748 ’
1326 719 1402 820 365

197 894 254 971 hac
272 903 383 980 aetate
397 899 588 996 secundus,
611 922 650 979 et
666 899 953 994 duobuslibellis,
970 898 1030 998 qul
1048 907 1204 976 aetatem
1217 894 1393 994 tulerunt,
1552 912 1556 926 '

195 993 338 1089 ilustris,
369 1002 600 1100 Philosophus
623 1001 777 1098 primurn
811 996 1054 1086 Atheniensis,
1084 997 1167 1072 dein
1191 997 1395 1073 Catechista

195 1091 390 1169 Christianus
419 1099 488 1172 suit
523 1095 767 1172 Alexandriae.
827 1100 914 1169 Corn
949 1095 1072 1181 enim,
1113 1113 1153 1166 ut
1182 1093 1394 1190 religionem

195 1187 408 1267 Christianam
442 1194 633 1284 refutaret,
676 1191 841 1264 sacrarum
873 1192 1069 1264 litterarum
1102 1187 1246 1261 lesiioni
1274 1189 1394 1264 sedulo

191 1279 418 1378 incumberet,
462 1293 554 1367 o‘culi
589 1291 663 1386 ejus
696 1309 760 1383 per
791 1287 941 1384 Spiritus
971 1285 1120 1382 gratiam
1156 1286 1246 1357 adeo
1276 1286 1393 1380 aperti

191 1375 277 1470 sunt,
307 1403 366 1471 ut,
398 1407 498 1482 quam
525 1385 678 1459 refutare
710 1383 873 1472 volebat,
906 1384 1083 1475 amplexus
1115 1379 1224 1453 suerit
1249 1379 1395 1475 religio·

192 1493 279 1551 nem:
304 1501 407 1574 quam
429 1481 513 1555 dein
538 1483 576 1556 in
599 1481 718 1555 schola
740 1468 967 1553 Cateehetica
993 1477 1228 1551 Alexandrina
1246 1475 1391 1568 docuit,
1509 1541 1512 1547 .

191 1587 224 1640 et
254 1573 391 1670 scriptis
429 1577 615 1652 defendit:
656 1574 709 1650 uti
747 1575 786 1648 in
818 1575 867 1648 fra
931 1592 1020 1646 ento
1048 1571 1207 1668 Philippi
1230 1572 1392 1681 sedetis,

192 1661 359 1764 scriptoris
381 1672 449 1748 sec.
475 1676 549 1765 V.,
579 1672 623 1747 ad
648 1673 781 1745 calcem
804 1669 854 1744 Di
883 1689 948 1744 ert.
972 1670 1066 1744 lien.
1091 1669 1283 1757 Dodwellr,
1314 1691 1395 1743 nar·

191 1781 285 1838 ratur.
334 1767 399 1842 Cui
430 1787 550 1842 tamen
572 1768 799 1842 nescionum
824 1786 902 1840 tuto
927 1762 1037 1838 fidere
1063 1765 1190 1841 liceat:
1216 1763 1275 1837 sed
1300 1763 1395 1840 aliud

192 1854 230 1926 de
252 1859 329 1956 Ipso
361 1861 454 1936 nihil
487 1863 643 1950 constat,
683 1860 803 1957 estque
834 1860 926 1961 apud
958 1860 1088 1936 Euseb:
1115 1879 1153 1936 et
1176 1861 1392 1960 Hieronym.

189 1952 284 2026 alturn
298 1956 341 2030 de
357 1955 584 2058 Athenagora
600 1956 793 2046 silentium3
810 1981 899 2048 nec,
916 1958 1012 2053 quod
1028 1957 1155 2046 sciam,
1172 1955 1295 2054 aliquis
1314 1960 1393 2032 Ve·
1433 1981 1437 1988 ·

191 2063 295 2122 terum
315 2053 388 2149 ejus
411 2057 596 2146 meminit,
617 2071 757 2152 praeter
779 2053 1012 2130 Methodiurn
1034 2053 1275 2142 Patarensem,
1300 2052 1395 2152 apud

193 2141 355 2242 Epiphan.
379 2149 475 2225 haer.
502 2159 560 2242 64.
585 2171 623 2224 et
646 2149 811 2224 Photium
834 2150 928 2224 Bibl·
948 2148 1027 2222 cod.
1057 2169 1137 2244 234.
1189 2152 1278 2224 Cum
1303 2171 1394 2223 vero

190 2261 262 2313 ann.
283 2265 353 2321 ner.
380 2248 430 2322 V.
457 2256 528 2341 176
551 2245 727 2344 scripserit
752 2246 854 2341 apulo
882 2246 971 2335 iam,
995 2249 1145 2320 ut'm'orr
1168 2244 1324 2340 patebit3
1348 2246 1396 2321 de

192 2355 366 2435 tempore,
391 2365 460 2439 qno
482 2343 624 2431 floruit,
658 2339 760 2416 facile
785 2363 851 2415 con
905 2357 930 2414 t
981 2339 1144 2436 Reliquit
1168 2341 1240 2416 duo
1263 2364 1394 2416 mono·

187 2453 316 2526 menta,
340 2439 487 2536 egregie
513 2457 552 2511 et
573 2437 682 2512 solide
703 2438 926 2534 conscripta,
950 2461 1050 2511 unum
1073 2439 1136 2510 sub
1160 2435 1264 2511 titulo
1282 2439 1394 2534 Legi,

186 2532 274 2603 tionis
305 2555 373 2628 pro
402 2531 623 2624 Christianis,
655 2537 795 2608 alterum
822 2534 867 2608 de
891 2531 1132 2628 Resurrellione
1162 2553 1395 2611 mortuorum.

191 2625 228 2697 ln
255 2631 372 2721 priore
410 2631 477 2705 tria
507 2630 610 2704 diluit
640 2629 810 2719 crimina,
851 2628 1058 2706 Christianis
1086 2647 1228 2726 inpingi
1269 2629 1392 2723 solitaj

187 2719 380 2815 htheisnti,
402 2727 578 2824 epularum
598 2725 874 2825 Thyestearunr,
899 2743 936 2800 et
954 2722 1163 2799 concubitus
1178 2713 1322 2817 incesti:
1355 2725 1395 2801 in

191 2816 374 2913 posteriore
408 2822 699 2899 resurrectionem
732 2820 840 2897 solide
855 2888 858 2897 .
873 2818 1098 2897 demonstrat.
1157 2819 1227 2914 Qui
1245 2818 1377 2926 ‘libelli

187 2914 227 2985 ab
244 2914 324 3021 'Eos
347 2936 386 2990 et
409 2920 561 2997 Hieron.
585 2916 834 3017 praetermissi,
865 2917 1020 3023 citantur
1039 2938 1058 2986 a
1083 2912 1279 3023 Methodro
1294 2859 1397 3010 ¹apud

191 3006 355 3105 Eprium.
381 3032 420 3087 et
444 3015 546 3089 Phot.
572 3017 593 3090 l.
619 3037 650 3091 c.
676 3011 774 3089 varie
792 3010 875 3085 dein
901 3009 990 3085 editi
1016 3008 1119 3099 sunt,
1149 3006 1336 3086 novissime
1354 3023 1395 3087 et

192 3108 319 3201 optime
344 3111 389 3183 ab
414 3108 480 3186 Ed.
506 3110 674 3186 Dechair.
698 3110 820 3217 011911.
1015 3199 1024 3215 .
1205 3150 1223 3164 ·-
1382 3166 1388 3179 .

189 3191 1396 3397 diffil’l‚qssstigeniggrsssggggggggeangologrgglagolngabetestjnpgg

190 3402 341 3471 tutoribus
368 3398 491 3473 Marco
514 3402 644 3472 Aurelio
676 3400 856 3485 Antonino,
900 3414 931 3469 et
965 3397 1069 3469 Lucio
1092 3394 1224 3469 Aurelio
1252 3392 1397 3479 Commo&

192 3491 241 3575 do,
264 3494 488 3585 Armenicis,
504 3495 721 3583 Samniticis,
737 3510 790 3579 et,
809 3492 889 3588 quod
903 3494 1081 3565 inanimum
1098 3484 1162 3585 est,
1187 3488 1398 3584 Philosophia.

191 3586 272 3660 Cum
296 3588 390 3661 enirn
414 3591 559 3664 Marcus
584 3592 734 3687 primum
758 3586 921 3663 habuerit
954 3587 1127 3681 collegam
1147 3584 1297 3657 Lucium
1320 3584 1397 3656 Ao·

195 3681 309 3757 reliurn
326 3686 474 3770 ‚verum
497 3686 662 3775 fratrem,
696 3684 800 3772 dein,
833 3706 879 3754 eo
911 3705 967 3754 an.
995 3690 1068 3771 169
1088 3699 1250 3767 mortuo,
1280 3680 1323 3753 L.
1348 3680 1395 3757 il..

192 3775 414 3854 Commodum
433 3782 562 3872 lilium,
586 3803 736 3878 uterque
749 3797 869 3853 autent
883 3774 1069 3853 Commodi
1088 3772 1230 3873 gesserit
1246 3796 1402 3866 nomen,

197 3876 386 4039 guaeritur,
420 3878 497 3974 quis
523 3877 771 3977 intelligendos
795 3870 865 3947 sit?
907 3872 1000 3946 unde
1027 3870 1197 3969 temporis
1220 3870 1404 3980 dependet

220 3972 372 4064 efinitio,
399 3974 492 4069 qnod
518 3972 555 4047 in
572 3997 651 4051 ann.
679 3980 750 4048 166
772 3988 831 4044 aut
862 3976 929 4049 168
955 3967 1140 4041 consertor
1163 3967 1205 4039 ab
1230 3968 1315 4049 illis,
1339 3988 1404 4059 qut
1432 4029 1436 4037 .

198 4060 346 4159 Verum,
389 4090 427 4145 et
457 4076 528 4164 176
550 4088 611 4145 aut
635 4090 702 4165 177
735 4068 777 4141 ab
804 4065 893 4151 illis,
932 4064 991 4161 qui
1015 4061 1250 4138 Commodum
1273 4058 1406 4168 Filium

198 4154 399 4265 inteligunt.
451 4166 558 4276 Quod
590 4185 759 4335 aanorurgr
795 4162 986 4239 discrimen
1019 4157 1213 4247 1111111611
1245 4150 1408 4325 {ffi-

767 4280 833 4357 ⁷⁶3
1382 4306 1404 4351 a
