3609 5500
580 775 584 779 ’
696 744 805 823 Setui.
829 746 862 822 Ι.
1328 763 1398 843 ¹77

170 924 261 1025 quod
286 946 375 999 curn
399 924 537 999 Romae
563 923 759 1022 scripserit,
785 946 853 999 nec
874 922 981 1001 alium
1003 926 1162 1027 murtytii
1188 927 1304 1003 locum
1320 915 1394 999 rne-

171 1023 390 1111 moraverit,
433 1022 485 1093 uti
510 1019 671 1112 feciffet,
711 1020 844 1096 fialibi
869 1021 952 1097 illud
979 1024 1205 1122 contigiffet‚
1248 1042 1327 1097 tum
1351 1022 1398 1095 de

172 1117 351 1193 Romanis
378 1120 542 1213 loquatur
562 1116 792 1216 martyribus3
831 1117 885 1191 uti
908 1140 954 1191 ex
1006 1124 1075 1195 .6.
1102 1139 1213 1217 patet.
1260 1118 1397 1213 Adjun·

173 1217 243 1313 gir,
274 1216 458 1309 lgnetium
484 1214 523 1285 in
547 1212 657 1309 Epist.
682 1218 726 1287 ad
750 1215 930 1285 Romanos
964 1238 1038 1310 ejus
1073 1238 1145 1288 non
1177 1212 1393 1289 meminiffe:

169 1332 319 1397 terum,
348 1307 710 1405 praeterquamquod
733 1332 779 1381 ex
808 1307 947 1382 filentio
971 1309 1045 1403 ejus
1074 1307 1163 1383 nihil
1189 1308 1280 1382 certi
1299 1308 1398 1383 colli·

170 1410 205 1503 gi
233 1424 367 1501 queat,
398 1404 570 1480 indirecte
592 1423 712 1477 tamen
734 1403 818 1477 illud
844 1402 1039 1495 indicavit,
1082 1404 1143 1479 ubi
1167 1398 1198 1501 5
1224 1426 1261 1496 4.
1286 1403 1397 1494 dicit,

171 1526 229 1575 zon
264 1516 306 1571 ut
334 1500 454 1573 Petrus
481 1515 515 1573 et
540 1502 666 1573 Paulus
697 1502 860 1595 praecipio
885 1502 997 1572 vobis:
1036 1502 1132 1596 quod
1167 1496 1327 1596 expresse
1358 1499 1398 1575 in

171 1599 238 1692 Ep.
269 1596 319 1668 ad
341 1596 451 1668 Rom.
488 1596 657 1668 monendi
678 1596 851 1667 rationem
883 1615 956 1667 non
989 1594 1181 1684 habuiffet,
1220 1593 1305 1687 nist,
1336 1618 1399 1693 eop

173 1691 561 1859 Roffitieffeuangelium
585 1688 824 1779 adnunciaffe,
848 1707 887 1762 et
902 1709 1063 1765 mortuos
1087 1688 1209 1781 fuiffe,
1234 1688 1396 1767 constare

195 1810 272 1860 rer
341 1804 390 1859 et.

172 1811 194 1864 t
221 1882 254 1982 5.
278 1880 390 1955 CLX.
425 1878 590 1990 Denique
612 1900 694 1955 cum
718 1878 841 1953 Paulus
870 1876 909 1952 in
929 1877 1097 1977 posteriore
1122 1902 1178 1975 ep.
1204 1878 1248 1953 ad
1273 1876 1403 1972 Tim,

175 2000 264 2075 quae
293 1976 334 2051 in
359 1974 616 2072 posterioribus
642 1973 772 2071 scripta
805 1972 858 2047 est
889 1973 1070 2065 vinculis,
1101 1975 1194 2049 haud
1227 1972 1288 2051 diu
1313 1996 1397 2051 ante

176 2094 325 2244 'iffi'
340 2068 1286 2241 titt..i{“³..¹i⁰.¹¹²¹t.i{if‘³‘s.tit?estrei}
1312 2092 1397 2243 {52⁰

178 2268 266 2341 male
290 2224 642 2359 conciuditur,’quia
667 2191 769 2335 aritea
791 2221 913 2358 pot’uit
935 2261 1141 2361 martyrium
1159 2193 1400 2339 Romaegsub:

178 2359 271 2452 iisse,
295 2358 425 2447 Paulo,
458 2380 479 2429 a
503 2358 677 2453 prioribus
698 2356 850 2433 vinculis
871 2357 1041 2449 liberato,
1080 2376 1117 2431 et
1141 2359 1217 2433 aliis
1240 2358 1278 2434 in
1307 2359 1397 2438 tocie

178 2458 351 2532 versante.
399 2454 460 2525 De
475 2474 546 2548 quo
572 2473 611 2529 ut
625 2450 756 2527 rectius
780 2450 939 2541 constet,
965 2451 1009 2525 de
1028 2472 1167 2549 ternpore
1191 2455 1315 2529 mortis
1331 2456 1396 2530 Pe·

177 2554 222 2628 tri
246 2552 356 2650 paulo
383 2546 587 2622 adcuratius'
603 2548 779 2645 agendum
807 2545 870 2621 est.
919 2548 1079 2623 Plurimis
1114 2549 1256 2646 quidem
1283 2552 1398 2627 Vete-
1498 2602 1503 2611 -

175 2672 253 2725 mm
273 2645 366 2719 sedit
396 2642 545 2739 opinio,
568 2644 710 2717 Petrum
736 2662 776 2717 et
799 2642 940 2719 Paulum
965 2644 1090 2719 eodem
1117 2667 1230 2738 anno,
1254 2646 1341 2745 quin
1357 2666 1398 2723 et

175 2742 368 2822 secundum
391 2740 577 2816 nonnullos
599 2738 681 2830 die,
703 2736 805 2813 fuiffe
829 2737 1000 2836 martyrio
1025 2737 1207 2832 adfectos,
1233 2766 1278 2817 ex
1304 2740 1396 2816 Dio·

175 2841 267 2940 nyfii
290 2836 475 2927 Corinth,
514 2853 689 2931 utputo,
729 2833 887 2930 Epistola
917 2835 1011 2929 apud
1037 2835 1116 2910 Eus.
1153 2837 1202 2910 H.
1228 2837 1269 2911 Ε.
1295 2838 1316 2910 Ι.
1345 2841 1394 2912 11:

177 2961 243 3027 25.
270 2951 375 3019 orm,
396 2930 478 3020 ubi,
502 2953 565 3004 eos
585 2957 671 3004 κατι
694 2928 741 3002 riv
763 2928 851 3002 men
876 2928 973 3024 uagi·
989 2930 1092 3000 eodem
1110 2944 1249 3021 tempore
1265 2946 1400 3024 marty-

173 3033 279 3110 rium
311 3026 507 3124 pertulisse,
550 3025 722 3113 truditur3
762 3024 821 3098 sed
845 3022 903 3096 ina
952 3019 1057 3094 urafis
1088 3019 1310 3098 latitudinem
1336 3021 1398 3099 ad·

171 3125 317 3215 mittit,
355 3121 646 3220 quemadmodum
673 3118 749 3218 ipse
780 3114 860 3195 Eus.
891 3139 912 3192 a
960 3135 1101 3224 tempus·
1124 3115 1284 3191 Neronis
1314 3140 1393 3197 eam

170 3227 209 3301 in
234 3242 372 3322 genere
400 3217 521 3293 refert.
571 3215 817 3314 Antiquiffima
849 3213 970 3310 utique
1003 3234 1128 3307 opimo
1159 3209 1287 3304 habet,
1327 3215 1395 3292 Pe·

169 3342 267 3396 trum
289 3314 395 3393 fuiffe
417 3331 501 3388 ante
523 3313 663 3388 Paulum
686 3310 801 3407 aliquo
824 3329 986 3406 tempore
1011 3305 1176 3381 occisum.
1231 3311 1395 3394 Clemens
1533 3363 1536 3370 ,

171 3419 281 3492 Rom.
313 3413 337 3488 1.
362 3433 396 3485 c.
421 3408 517 3484 Petri
540 3405 738 3506 praemittit
760 3405 985 3502 martyrium:
1004 3401 1169 3572 dIustinus
1194 3426 1285 3478 mart
1311 3429 1328 3478 r
1352 3429 1393 3485 et

171 3515 341 3586 lrenacus
394 3503 615 3600 uinquennio
652 3523 735 3576 ante
768 3502 908 3574 Paulum
943 3501 1003 3574 illu
1060 3500 1168 3572 Petro
1193 3500 1391 3598 contigisse

171 3607 338 3693 tradunt,
370 3530 396 3675 ὃ
426 3599 516 3674 fider
541 3599 584 3675 sit
615 3595 773 3672 Simeoni
802 3591 1065 3692 Metaphrastae
1097 3593 1177 3666 Lat.
1208 3595 1300 3692 apud
1325 3599 1389 3674 Su.

169 3706 281 3794 rium,
304 3717 345 3774 et
373 3697 437 3772 Gr.
460 3695 552 3803 apud
566 3694 708 3792 Junium
731 3691 775 3767 ad
801 3692 911 3765 Clem.
938 3691 1066 3776 Rom,
1090 3687 1259 3796 habenda.
1348 3718 1389 3772 ua

168 3799 313 3875 ratione
338 3796 463 3868 Petrus
483 3812 522 3864 tn
545 3790 724 3889 principio
747 3783 1004 3884 persecutionis
1028 3783 1274 3875 Neronranae,
1299 3809 1389 3890 quae

169 3921 200 3970 n
238 3902 300 3986 64.
333 3912 405 3964 aer.
440 3885 551 3984 Vulg.
581 3884 735 3982 incepit,
775 3901 963 3955 coronatus
993 3875 1131 3968 fuiffet,
1174 3877 1406 3962 Prudentius·

169 4013 261 4066 tero
284 3995 358 4086 mi
380 3979 515 4075 seut-m
537 3981 582 4056 de
599 3984 740 4068 coronis,
763 3999 871 4051 unum
892 3999 1020 4051 annum
1044 3991 1199 4048 autumat
1226 3994 1389 4050 antever-

171 4086 254 4160 tiffe
282 4089 441 4160 Petrum.
489 4076 662 4169 Accedit,
701 4073 777 4172 ejus
809 4074 961 4147 aPauto
994 4071 1032 4146 in
1059 4069 1187 4167 poster.
1220 4068 1321 4166 epist.
1344 4071 1388 4145 ad

172 4181 296 4354 Tipp,
318 4175 498 4352 ufflnodo
520 4170 668 4276 notaui,
690 4171 819 4343 nuilla?
843 4167 970 4246 fatiam
996 4163 1065 4244 effe
1083 4162 1325 4264 mentionem.

253 4302 313 4357 nm.
405 4323 418 4348 .
