3609 5500
259 432 1658 489 ἡ

1152 743 1156 750 -
1367 678 1448 788 Pat-
1474 701 1552 795 ul.

317 1250 1557 1440 pucuuuuuuuuiuuj

595 1654 1333 1741 scuturouua'
1434 1684 1471 1743 μ
1531 1601 1553 1770 J

311 2094 349 2204 §t
372 2107 402 2178 Ι.
437 2003 833 2237 ffwssessffimum
849 2101 973 2181 ordine
989 2078 1159 2207 temporis
1175 2104 1291 2185 locum
1308 2106 1402 2184 inter
1412 2079 1533 2211 scrip}

711 2219 805 2275 tores
830 2204 987 2277 Graecos
1004 2206 1084 2301 jure
1111 2222 1210 2278 tenet
1243 2204 1431 2299 Theophilus
1456 2214 1527 2282 An-

331 2386 335 2390 ·
437 2238 486 2392 it
710 2300 895 2389 lloclenus,
928 2300 988 2467 aui
1014 2302 1075 2375 sub
1102 2297 1277 2396 Septimio
1301 2303 1436 2375 Severo
1460 2304 1527 2387 ilo·¹

348 2414 350 2419 ·
485 2358 561 2459 Ψ
709 2393 801 2484 ruit,
826 2413 862 2467 et
877 2418 926 2491 po

310 2489 454 2588 quidem
477 2490 584 2564 habet
609 2488 751 2584 opinio,
808 2513 872 2563 uae
898 2493 941 2564 ab
966 2492 1044 2566 Eus.
1070 2493 1121 2565 H.
1146 2493 1215 2567 IV:
1243 2513 1301 2582 24.
1328 2498 1530 2587 emanavit,

310 2610 393 2660 eum
418 2581 487 2657 esse
514 2586 620 2658 Theo
648 2585 756 2694 hilupt
784 2514 884 2694 3¹⁰³}
902 2586 1169 2660 Antiocheuum
1196 2587 1429 2684 Episcopum,
1463 2594 1525 2689 qui

310 2684 356 2758 ab
381 2702 462 2753 ann.
489 2702 588 2775 177„
662 2703 733 2754 arci
750 2680 884 2756 Aurelii
911 2687 991 2770 16.,
1015 2681 1106 2756 sedit
1122 2684 1165 2758 ad
1191 2684 1266 2777 ejus
1287 2705 1460 2777 mortem,
1485 2707 1531 2763 et.

308 2773 478 2884 scripsisse
509 2778 568 2852 sub
605 2777 802 2852 Commodo
832 2773 912 2873 post
941 2788 1139 2858 ann..·18u.
1195 2778 1269 2851 Sed.
1295 2779 1338 2848 ab
1374 2803 1421 2851 eo
1452 2781 1525 2854 esse

309 2870 611 2968 distinguendum,
644 2897 688 2946 ac
709 2873 770 2947 sub
794 2874 929 2947 Severo
954 2871 1125 2969 viguisse,
1155 2888 1193 2944 et
1214 2868 1404 2964 scripfiffe,
1436 2872 1522 2948 inde

304 2965 396 3042 mihi
425 2969 607 3063 probabile
632 2968 694 3058 fit,
729 2969 822 3064 quod
847 2991 922 3043 cum·
940 2967 1197 3065 persecutionis
1226 2985 1389 3060 tempore
1413 2967 1523 3068 scrip.

305 3063 413 3152 serit,
446 3082 484 3136 ut
512 3088 557 3138 ex
580 3065 677 3140 libris
700 3065 774 3160 ejus
797 3083 915 3161 patet,
958 3086 1045 3159 quae
1072 3064 1163 3138 nulla
1186 3061 1255 3137 fuit
1277 3086 1297 3134 a
1320 3061 1449 3137 Marco
1477 3064 1525 3144 ad

303 3161 495 3250 Severum,
537 3180 572 3233 et
604 3161 666 3235 sub
691 3161 886 3234 Commodo
920 3160 1025 3233 etiam
1055 3162 1123 3233 alta
1147 3182 1235 3255 pau,
1275 3156 1355 3232 Eus.
1383 3160 1438 3237 Vt
1460 3185 1524 3241 21..

303 3269 373 3331 tum
401 3254 610 3330 Severianae
638 3255 807 3330 indicium
832 3257 903 3330 sese
930 3256 971 3328 iu
992 3280 1042 3329 eo
1062 3256 1210 3354 prodat,
1243 3255 1336 3353 quod
1362 3279 1407 3331 ea
1426 3258 1519 3337 dica-
1619 3341 1626 3354 ‚

297 3366 364 3428 tur
388 3351 579 3450 praecipue
614 3353 652 3425 in
677 3353 888 3449 proselytae,
932 3370 969 3425 et
996 3351 1263 3448 Philosophicae
1289 3352 1438 3439 ἀσκήσεως
1462 3383 1523 3431 ex·

303 3451 506 3545 prcltatt'onis
538 3448 706 3521 studiosos
739 3447 909 3523 incidisse.
960 3449 1048 3523 Vid.
1081 3450 1103 3524 l.
1138 3451 1203 3524 lli.
1234 3449 1277 3523 ad
1309 3454 1430 3526 Autol.
1456 3453 1517 3526 sub

307 3541 394 3629 fin„¹
419 3545 506 3618 Vid.
533 3545 706 3618 Dodwelt
731 3544 893 3619 additam.
919 3543 961 3615 ad
987 3545 1147 3618 Pearson.
1172 3544 1329 3617 Success..
1347 3547 1392 3616 P..
1408 3549 1452 3618 P..
1471 3547 1524 3624 R..

301 3636 394 3714 Diis.
418 3641 446 3713 l.
473 3665 504 3715 c.
533 3664 564 3715 2.
616 3640 789 3728 Accedit,
824 3663 906 3713 eum
938 3636 1104 3735 scripsisse
1136 3637 1214 3734 post
1248 3638 1519 3735 Chryserotem,

300 3734 424 3811 Marci
442 3735 575 3810 Aurelii
600 3736 782 3825 libertum,
809 3758 913 3831 quem
939 3733 1026 3807 citat
1047 3754 1085 3808 et
1101 3734 1273 3829 sequitur,
1299 3758 1407 3832 quare
1422 3757 1521 3812 cata·

284 3830 422 3930 logum
457 3834 700 3927 snperatorum
733 3834 974 3906 Romanorum
1006 3833 1096 3906 ultra
1128 3833 1291 3905 Marcum
1325 3852 1397 3904 uon
1430 3856 1521 3908 con·

264 3948 268 3955 ·
299 3930 418 4003 texuit
442 3930 464 4002 l.
490 3931 555 4005 ΙΙΙ.
581 3927 611 4027 s.
641 3936 699 4019 26,
729 3949 786 4022 27.
838 3928 1006 4000 Mortuus
1038 3947 1154 4001 autem
1178 3927 1342 4001 Liber-tut
1365 3926 1429 4002 iste
1453 3927 1520 4001 de·

290 4044 398 4099 mum
432 4021 577 4100 estnon
611 4044 692 4098 ante
720 4046 798 4099 ann.
828 4031 908 4103 180.
958 4023 1137 4118 Equidem»
1156 4046 1227 4096 non
1253 4022 1407 4118 ignoro,
1432 4023 1522 4118 quid·

290 4120 385 4222 stuic
416 4118 580 4216 opinioni
616 4144 637 4200 a
671 4117 773 4213 ilitio
794 4118 956 4308 &iniisti
988 4123 1082 4200 Cave
1100 4174 1119 4216 ‚f
1161 4117 1299 4199 Wolfio
1328 4118 1376 4195 itt·
1399 4121 1522 4290 9255·

973 2419 1052 2471 ann.
1079 2418 1161 2491 203.
1189 2394 1333 2489 scripsit.
1370 2396 1528 2496 Vulgata
