3609 5500
810 937 916 1016 Serus.
934 938 966 1014 1.
1441 957 1517 1037 321,-
1638 911 1669 1024 ‚⁹

330 1117 370 1220 5.
395 1113 626 1192 CCLXXIV.
669 1115 825 1192 Antores
850 1118 972 1192 harum
1005 1116 1254 1217 hypothesium
1289 1120 1327 1196 in
1361 1121 1513 1197 obscuro
1632 1147 1641 1178 ν

284 1215 381 1292 sunt.
432 1214 590 1308 Antiqua
612 1237 699 1288 vero
724 1214 866 1288 traditio
884 1218 1008 1304 habet,
1036 1239 1093 1289 ear
1112 1216 1319 1308 aNicolao,
1350 1238 1505 1314 euange-

285 1311 368 1390 rista
381 1329 421 1384 ct
436 1309 609 1399 diacono,
642 1308 722 1383 Aet.
751 1312 817 1385 Vl.
844 1312 1074 1408 repetendas,
1110 1311 1263 1409 indeque
1288 1337 1419 1388 nomen
1438 1312 1509 1385 Ni·

286 1405 520 1494 colaitarum,
554 1427 623 1499 quo
638 1402 795 1501 insigniti
819 1407 918 1497 sunt,
944 1406 1173 1481 derivandum
1190 1408 1269 1483 effe.
1322 1409 1426 1505 Cujus
1442 1427 1509 1481 tra·

287 1500 442 1580 ditionis
466 1499 597 1598 primus
620 1519 739 1590 autor,
765 1501 825 1599 qui
851 1502 952 1575 nobis
967 1503 1143 1592 innotuit,
1169 1503 1220 1576 est
1243 1505 1411 1577 Irenaeus
1426 1503 1506 1576 adv.

285 1601 389 1676 haer.
414 1599 443 1670 l:
472 1603 555 1685 26„
586 1617 800 1694 propagator
826 1597 986 1671 Clemens
1011 1598 1180 1674 Alexand.
1217 1600 1287 1674 Str.
1314 1602 1361 1672 ll:
1390 1621 1447 1672 20.
1472 1613 1511 1669 et

288 1697 362 1770 111:
385 1715 424 1784 4.
451 1691 511 1791 qui
537 1709 654 1766 tamen
681 1693 877 1788 discrepant
901 1692 997 1767 circa
1019 1696 1182 1787 modurn,
1214 1719 1284 1791 quo
1316 1692 1509 1768 haeresrsa

288 1790 450 1867 Nicolao
473 1787 541 1860 suit
565 1786 735 1883 prosodia.
778 1787 986 1885 Magistrum
1004 1790 1104 1864 suille
1128 1792 1221 1886 ejus,
1246 1790 1405 1889 adeoque
1431 1809 1507 1862 eam

289 1906 435 1982 quoque
451 1881 596 1972 soviffe,
622 1882 756 1956 indicat
781 1886 962 1974 lrcnaeus,
988 1886 1046 1959 sed
1061 1887 1222 1959 Clemens
1241 1909 1321 1959 cunr
1345 1886 1506 1974 excusat,

291 2000 334 2056 ct
364 1981 502 2075 culpam
526 1978 562 2051 in
588 1977 775 2072 discipulos
807 1980 889 2075 ejus·
913 1981 1080 2076 conjicit,
1125 2002 1285 2079 tanquam
1310 1982 1371 2078 qui
1400 1984 1509 2055 verba

289 2097 333 2150 et
352 2073 442 2150 faeta
467 2073 542 2169 ejus
569 2074 732 2167 perverse
750 2073 827 2145 sunt
844 2075 1077 2172 interpretati.
1126 2081 1213 2150 Cum
1231 2075 1327 2150 enim
1344 2075 1507 2165 dixisset,

281 2173 317 2247 rt
344 2175 402 2258 dre
421 2168 654 2269 τιςιχςὸσθαι
679 2179 714 2269 τῇ
738 2200 825 2267 rapu
847 2188 989 2263 oportere
1015 2176 1109 2244 ubrrrr‘
1133 2197 1252 2261 carne,·
1294 2171 1342 2259 illi
1368 2173 1437 2244 hoc
1462 2172 1508 2245 do

292 2267 417 2342 carnia
440 2285 476 2340 et
506 2262 814 2363 concupiscentiae
847 2266 907 2339 usu
940 2267 1180 2362 accepissent,
1222 2291 1303 2340 cum
1338 2267 1509 2341 Nicolaus
1607 2257 1614 2274 ’

256 2409 261 2416 -
294 2364 379 2437 e'ur
393 2361 656 2451 crucifixionem
666 2385 707 2435 ac
718 2379 937 2436 contemtum
955 2361 1179 2436 intendisset:
1204 2382 1404 2460 praeterea,
1426 2385 1508 2437 curn

349 2458 501 2558 lotypiac
528 2458 703 2568 suspeslus
727 2456 934 2547 haberetur,
960 2458 1016 2531 vel
1044 2460 1279 2547 accusaretur,
1307 2480 1451 2533 uxorem
1468 2459 1507 2535 in

288 2555 449 2632 medium
471 2552 686 2643 adueniret,
713 2572 749 2624 et
774 2552 848 2647 ejus
873 2552 1013 2648 copiam
1032 2552 1178 2627 dedisset
1204 2553 1384 2628 omnibus:
1412 2558 1507 2651 quod

289 2654 370 2751 ejus
392 2646 530 2724 facinus
556 2649 593 2721 in
622 2647 804 2721 meliorem
824 2671 962 2746 quoque
985 2667 1120 2746 partem
1147 2649 1401 2745 interpretatur
1429 2654 1506 2727 Cle·

288 2770 403 2823 mens.
453 2745 558 2821 Unde
587 2741 715 2817 saelum
741 2741 811 2836 est,
836 2763 875 2817 ut
903 2741 962 2817 alii
987 2744 1153 2840 deinceps
1170 2744 1357 2819 Nicolaum
1384 2747 1506 2821 defen·

289 2842 431 2932 derint,
456 2840 514 2931 alii
539 2840 744 2915 damnarint.
797 2839 865 2913 Sed
888 2839 960 2937 ipsa
977 2839 1031 2914 illa
1055 2839 1288 2936 discrepantia
1304 2841 1430 2916 Dottis
1446 2844 1506 2916 de-

294 2936 380 3013 inde
402 2936 622 3012 occasionem
645 2935 807 3033 praebuit
832 2953 945 3008 totam
971 2934 1196 3010 traditionem
1224 2935 1260 3009 in
1278 2937 1421 3010 dubium
1441 2961 1505 3010 vo·
1558 2999 1560 3003 .

294 3032 416 3124 candi,
445 3032 504 3108 vel
531 3032 701 3126 negandi,
743 3031 800 3104 tali
829 3030 974 3103 nomine
1001 3031 1188 3124 adpellatos
1211 3030 1373 3104 homines
1399 3031 1504 3104 exsti·

296 3128 376 3215 cille
394 3128 465 3217 hoc
490 3146 673 3224 tempore,
709 3145 773 3198 -aut
797 3148 817 3197 a
842 3125 998 3197 Nicolao
1028 3125 1088 3197 illo
1115 3125 1253 3197 traxill'e
1277 3149 1407 3199 nomen
1432 3126 1502 3200 Ni·

300 3222 521 3312 colaitarum:
556 3221 636 3320 qui,
663 3242 791 3293 nomen
807 3219 889 3293 illud
907 3218 1024 3315 potius
1041 3242 1105 3328 pro
1122 3217 1271 3315 mystico
1296 3245 1338 3292 ac
1365 3222 1503 3316 symbo-

297 3316 367 3393 licu
382 3318 595 3407 habendum,
618 3316 780 3412 idemque
805 3333 927 3389 notare
956 3313 1226 3402 aenneamiras,
1254 3314 1409 3412 adeoque
1427 3322 1503 3393 vic-

297 3412 460 3505 curiosos,
493 3412 733 3508 etsuperbos',
761 3411 890 3508 populi,
912 3410 1124 3499 domitores,
1159 3430 1358 3501 autumant,
1391 3436 1433 3486 ac
1457 3439 1504 3493 ex

303 3508 369 3603 Ap.
394 3509 442 3585 ·11:
476 3517 510 3597 ό,
550 3532 606 3598 14,
645 3510 893 3603 15.·probant.
941 3505 1135 3579 Absurdum
1166 3530 1304 3604 quoque
1334 3509 1403 3582 else
1442 3513 1501 3586 ad·

307 3602 400 3695 dunt,
422 3605 634 3694 Nicolaum,
660 3622 726 3675 tam
753 3602 922 3699 inssgnem
949 3600 1082 3689 virum,
1126 3621 1221 3675 tanta
1238 3608 1500 3683 'commaculari

310 3716 399 3785 nora,
422 3720 459 3775 ut
484 3720 554 3774 tam
580 3698 810 3774 execrabilem
837 3697 1016 3794 pepererit
1040 3695 1217 3772 familiam.
1268 3699 1322 3770 lta
1346 3698 1500 3777 instituit

314 3792 526 3893 C.·Vitringa
543 3796 630 3870 Obs.
657 3793 691 3869 S.
725 3796 745 3868 l.
772 3795 838 3866 lV.
872 3817 903 3867 c.
930 3817 964 3884 9.
1000 3812 1036 3866 et
1068 3813 1189 3882 autor,
1220 3789 1497 3888 .qui1renaeum

316 3884 457 3965 ntalueti
482 3890 654 3975 recensuit
685 3889 722 3963 in
747 3887 827 3962 Ast.
859 3888 964 3962 Erud.
985 3886 1083 3995 ·Lips.
1114 3911 1145 3961 a.
1173 3908 1277 3979 1712.
1329 3892 1395 3966 Cui
1423 3893 1501 3969 sen·

318 3980 426 4066 tentiae
453 3986 524 4059 sese
546 3985 710 4082 opposuit
727 3981 819 4056 Mos
819 3981 976 4067 homins,
1006 4003 1062 4055 vir
1086 3982 1303 4079 praeclarus,
1323 3982 1366 4058 ·in
1388 4011 1496 4084 pecu.

322 4070 382 4146 liari
404 4076 505 4175 nin..
532 4083 647 4155 recusa
673 4080 708 4154 in
735 4078 904 4176 syntagm.
930 4076 1017 4152 Dill.
1042 4076 1084 4151 ad
1100 4076 1193 4153 Hist.
1218 4079 1351 4155 Eccles.

364 4167 388 4262 l.
406 4177 605 4250 cclxxv.
641 4175 766 4249 ·Dubio
794 4174 935 4270 quidem
962 4193 1076 4261 caret,
1116 4191 1155 4246 ut
1177 4196 1271 4248 meas
1294 4196 1498 4271 expromam

327 4255 379 4362 {lat
399 4268 488 4355 dere
514 4269 770 4368 cogitationes,
794 4268 962 4343 exstitisse
981 4271 1066 4343 tales
1083 4266 1263 4359 homines,
1288 4292 1503 4365 quocunque

241 4432 244 4439 .
330 4352 449 4445 miseriti
475 4367 607 4443 suerint
626 4366 800 4460 ·nonrine,
825 4366 884 4463 qui
914 4390 971 4441 eas
996 4365 1175 4456 severint,
1199 4384 1236 4440 et
1255 4363 1503 4454 exercuerint„
1628 4362 1633 4372 '

364 4444 430 4534 sm,
451 4463 521 4538 Ill.
877 4461 931 4539 Ss
976 4537 979 4544 ,
1293 4454 1501 4555 opiniones,
1554 4553 1556 4558 Ι
