3609 5500
395 721 481 831 pas
587 755 591 762 -
804 718 961 822 ‘astur
980 720 1111 824 aare
1137 721 1251 824 unp.

404 917 448 976 et
472 895 723 997 justitianus
747 899 928 982 obstinatis
942 944 946 953 ·
959 904 1204 1000 peecatoribus
1240 899 1450 1000 puniendis,
1487 899 1622 997 publiea

399 995 681 1093 demonstravit,
721 1000 769 1074 ita
802 999 963 1094 singulari
994 1001 1188 1096 specimine
1218 999 1379 1074 savorem
1414 1001 1511 1074 snum
1541 1021 1621 1091 erga

408 1089 538 1166 Christi
563 1091 752 1168 Ecclesiam
779 1095 868 1170 fecit
893 1096 1143 1189 conspicuum,
1177 1096 1436 1170 maximecunr
1460 1091 1621 1166 christia-

411 1188 454 1264 ni
478 1187 611 1274 suerint
635 1191 803 1285 peculiari
828 1190 899 1267 Dei
923 1212 1005 1266 cura
1027 1193 1096 1265 hac
1118 1193 1314 1270 calamitate
1335 1213 1397 1262 ere
1423 1190 1473 1278 ti3
1506 1187 1560 1260 uti
1586 1188 1621 1260 in

405 1282 588 1392 historia,
609 1285 669 1368 suo
698 1289 780 1360 loco
811 1304 966 1373 narrata,
992 1283 1267 1366 demonstravi..
1303 1217 1421 1382 Quod
1438 1285 1508 1392 hie
1525 1304 1622 1381 repe·-

410 1399 487 1465 tere
513 1379 601 1452 nrhrl
627 1381 774 1464 adtinet.
825 1403 858 1454 a.
886 1382 1052 1476 Regnum
1068 1381 1217 1482 christi,
1243 1401 1403 1476 tanquam
1430 1380 1624 1477 sptrrtuala,¹
1687 1446 1692 1463 ,

411 1493 450 1551 et
476 1476 610 1568 gratiae
634 1495 676 1546 ac
702 1475 883 1564 veritatis,
908 1476 946 1546 in
970 1476 1096 1549 claram
1116 1480 1291 1573 protraxit
1313 1481 1452 1564 lucem,
1478 1477 1626 1569 legalem

409 1570 657 1646 oeconomiam
684 1571 824 1666 publice
849 1590 888 1642 et
910 1569 1097 1651 solenniter
1119 1571 1344 1669 abrogando,
1373 1571 1566 1665 perReip.
1592 1586 1625 1640 et

412 1664 557 1758 Templi
575 1661 867 1752 destruc'lionem,
891 1688 980 1759 quae
1005 1667 1038 1739 le
1064 1669 1125 1740 alis
1142 1667 1377 1740 oeconomiae
1401 1663 1626 1738 cessationem

410 1760 527 1844 secum
556 1758 676 1842 traxit
723 1785 756 1856 3.
782 1759 947 1854 Denique
971 1690 1124 1839 Ecclesia
1146 1761 1209 1861 *est
1243 1763 1316 1837 ltoc
1341 1758 1481 1856 judicio
1515 1783 1540 1833 a
1570 1761 1626 1856 Ju-

413 1855 580 1935 daeorum
665 1855 917 1928 rsecutionibus
946 1856 999 1930 ita
1029 1857 1205 1945 liberatas
1236 1876 1276 1931 ut
1299 1878 1360 1928 eos
1390 1853 1627 1949 inposterum

411 1971 486 2024 non
510 1971 597 2024 nece
628 1973 648 2020 e
677 1950 839 2024 habuerit
868 1952 1013 2029 multum
1043 1972 1223 2038 metuere,
1255 1961 1324 2026 'aut
1354 1951 1502 2024 mtrltutn
1537 1949 1627 2044 palla

411 2045 466 2132 srt.
517 2043 703 2118 Conttitae
729 2046 823 2120 enim
857 2046 936 2120 sunt
969 2047 1064 2120 vires
1095 2066 1238 2135 eorum,
1278 2064 1316 2122 et
1347 2045 1520 2120 Romanis
1547 2040 1630 2117 fasti

414 2136 537 2218 odiost.
588 2137 661 2214 Etsr
685 2141 780 2214 enim
798 2138 1011 2214 Christianos
1028 2141 1208 2216 calumniis
1223 2141 1467 2238 proscindere,
1492 2159 1534 2214 et
1549 2142 1630 2212 Ma·

412 2233 575 2336 gistratus
600 2235 639 2308 in
669 2258 731 2309 eos
759 2235 964 2324 concitare,
999 2257 1072 2309 non
1097 2236 1280 2323 cessarint,
1311 2234 1519 2312 imoetiarn
1552 2258 1630 2322 eos,

415 2330 600 2405 occasione
627 2329 727 2416 data,
761 2331 904 2414 subinde
928 2331 1151 2421 addixerint,
1182 2327 1236 2406 titi
1261 2350 1423 2427 tempore
1443 2329 1631 2404 seditionis

412 2425 658 2499 Barcochebae
682 2425 743 2497 sub
767 2426 968 2498 Hadriano:
992 2428 1037 2500 de
1061 2451 1134 2522 qao
1159 2425 1412 2523 persecutionis
1429 2449 1565 2521 genere
1582 2422 1629 2498 saa

413 2518 461 2594 tis
485 2515 620 2597 constat
649 2541 694 2592 ex
717 2515 854 2614 Justino
880 2521 990 2604 Mart.
1025 2524 1162 2614 ap..11.
1193 2544 1235 2596 ac
1265 2535 1390 2602 tonna
1418 2521 1624 2618 Tryphon..

415 2638 447 2690 c.
476 2635 531 2708 17.
559 2613 638 2687 Eus.
663 2614 713 2688 H.
738 2616 807 2688 lV:
838 2636 916 2703 15„
950 2634 988 2688 et
1017 2615 1173 2710 Epistola
1196 2621 1393 2712 smyrneas.
1426 2615 1472 2689 de
1497 2633 1625 2711 marty·

414 2716 471 2787 rio
496 2707 702 2806 Polycarpi‚
746 2707 804 2783 ubi
830 2707 933 2783 alacri
959 2710 1077 2785 animo
1108 2711 1251 2790 adfuisse
1275 2712 1440 2787 dicuntur
1458 2711 1630 2808 persecu-¹

415 2806 571 2885 toribust
598 2804 744 2902 Origen.
767 2824 891 2878 contra
913 2806 999 2881 Cels.
1023 2807 1045 2879 l.
1072 2809 1138 2887 Ill.
1163 2808 1292 2898 initio,
1316 2826 1354 2881 et
1376 2825 1567 2881 comment
1590 2805 1628 2879 in

415 2902 551 2981 Matth.
580 2924 615 2996 p.
640 2924 749 2991 411.;
779 2912 954 2988 attamen,
985 2924 1065 2975 cum
1086 2902 1181 2976 vires
1204 2927 1326 2977 eorum
1350 2901 1489 2996 prorsus
1519 2900 1626 2975 essent

415 2997 632 3097 prostratae,
651 2994 784 3092 ipsique
803 2995 961 3069 omniurn
978 2997 1061 3073 odio
1077 2997 1248 3093 exposui,
1265 2996 1469 3071 Christianis
1482 2996 1629 3071 multum

417 3116 492 3167 non
509 3110 715 3176 nocuerunt.
763 3096 836 3165 Non
859 3090 943 3163 enlm
965 3096 1073 3181 rabir,
1097 3092 1212 3188 inquit
1236 3091 1390 3189 Justinus
1412 3087 1626 3165 Mart.'c0n·

416 3206 471 3261 tra
496 3184 660 3281 Tryph.,
702 3207 733 3259 c.
761 3192 817 3261 16.
852 3208 893 3259 aa
915 3184 962 3281 esi
985 3185 1147 3281 potestas,
1177 3204 1224 3261 att
1246 3206 1361 3267 marus
1389 3183 1449 3279 ipſs
1471 3190 1555 3260 nolti
1577 3185 1625 3255 ad
1690 3243 1691 3246 ,

417 3283 546 3357 caedem
568 3276 743 3371 inferatis,
767 3295 897 3375 propter
920 3304 993 3371 eos,
1016 3287 1071 3378 pai
1093 3280 1301 3378 impraesens
1324 3307 1431 3357 reram
1450 3287 1626 3376 patientum·
1690 3317 1691 3322 =

461 3376 493 3475 s.
522 3376 818 3450 CCLXXXVlll.
849 3375 1073 3451 Nec-tamen
1097 3378 1169 3451 hoc
1180 3379 1353 3475 judicium
1370 3375 1622 3473 peremtoriunr

415 3472 454 3547 in
481 3470 630 3567 Judaeos
651 3472 693 3545 ab
718 3468 815 3545 omni
838 3470 931 3543 malo
969 3469 1058 3546 tristi
1092 3472 1286 3570 sejundlum
1320 3472 1412 3561 suit,
1447 3474 1552 3547 relate
1581 3466 1624 3542 ad

421 3568 429 3585 “
460 3566 512 3641 sos
545 3564 768 3641 Christianos.
823 3588 854 3645 1.
887 3566 1061 3661 Splendor
1089 3572 1184 3643 enim
1219 3566 1492 3655 Christianismi,
1532 3563 1621 3660 apud

334 3676 337 3682 “
418 3592 556 3738 gentes
579 3662 792 3759 aliquatenus
815 3659 1034 3752 obscuratus,
1059 3683 1105 3737 et·
1122 3666 1238 3739 cursus
1257 3663 1431 3759 euangelii
1454 3662 1626 3755 intercep-

419 3777 476 3832 tus
499 3756 570 3845 est,
618 3755 1087 3853 quatenusChristianorum
1119 3779 1158 3834 et
1188 3759 1399 3853 Judaeorutn
1442 3756 1626 3852 religiones

416 3854 518 3948 saepe
543 3849 637 3925 inter
665 3851 700 3924 se
722 3852 862 3926 suerunt
884 3853 1070 3941 confusae,
1102 3873 1141 3929 et
1165 3853 1353 3928 Christiani
1378 3866 1447 3949 pro'
1467 3848 1625 3928 membris

415 3944 591 4025 Ecclesiae
614 3944 779 4042 Judaicae
803 3945 939 4037 ltabiti,
962 3950 1043 4045 quia
1064 3949 1254 4047 synagogas
1281 3948 1399 4045 passim
1426 3947 1621 4044 frequenta?

416 4046 522 4133 bant,
562 4064 629 4115 nec
659 4040 827 4137 separatas
851 4042 989 4143 semper
1002 4073 1006 4086 ·
1019 4045 1193 4119 habebant
1225 4042 1539 4141 congregationes,
1575 4061 1621 4111 ert

415 4135 555 4241 ludaeis
571 4135 679 4255 priam
700 4138 775 4227 ,orti
803 4156 920 4231 amnt,
944 4158 983 4229 at
1005 4139 1108 4215 multi
1123 4140 1294 4245 Judaicps¹
1312 4139 1429 4223 adhuc
1454 4139 1539 4309 rituss
1553 4136 1619 4214 ob·⁴

420 4282 431 4329 l
980 4321 989 4345 ι
1022 4294 1031 4325 r
1062 4258 1078 4327 ‚¹
1524 4248 1613 4307 em·
