3609 5500
427 748 502 823 412
816 722 966 826 ffistort'a
981 721 1117 824 'Ecclefi
1144 720 1263 823 Christ.

213 980 218 995 ·
302 965 307 975 ’
430 906 594 989 menti
629 906 786 982 Vttetei
822 905 895 982 sese
931 906 1023 987 intra
1054 906 1230 989 terminon
1270 896 1488 1000 simplicitatis
1509 884 1604 969 eunti·
1669 918 1670 925 ¹

428 1023 603 1093 puerunt,
643 1022 682 1077 et
710 1002 894 1098 aspeciali
928 1026 969 1076 ac
1021 1004 1239 1097 hilosophica
1273 1000 1374 1097 hujus
1402 990 1539 1093 mysterii
1561 990 1604 1060 in·
1669 1038 1670 1041 ,

428 1099 664 1195 vestigatione
689 1098 939 1173 abstinuerunt.
987 1029 1056 1172 ded
1081 1122 1101 1169 a
1127 1096 1253 1195 Justini
1271 1092 1437 1188 Martyria
1461 1082 1601 1192 tempoti

427 1197 513 1288 bus,
538 1193 763 1290 Philosophia
776 1192 955 1268 Platonica
979 1216 1060 1267 cum
1076 1196 1202 1292 Seript.
1229 1195 1264 1267 S.
1289 1186 1445 1265 dostrina
1465 1201 1608 1259 commn-

427 1311 486 1384 ta,
526 1310 566 1363 et
591 1310 812 1385 comparata,
853 1289 963 1383 magis
994 1290 1155 1365 minusve
1194 1284 1410 1362 amodestia
1440 1276 1607 1363 Christano,

427 1405 465 1463 et
489 1385 636 1463 subinde
660 1408 682 1457 a
705 1382 876 1475 veritate,
909 1383 1155 1475 desciverunt,
1187 1383 1373 1479 multisque
1389 1370 1608 1477 quaestionibus

426 1508 469 1559 ac
491 1482 611 1557 litibus
632 1480 774 1575 januam
803 1502 1038 1575 aperuerunt,
1081 1504 1168 1577 quae
1189 1478 1357 1574 deinceps
1381 1476 1515 1549 fuerunt
1535 1488 1607 1559 mag·

425 1604 476 1655 no
499 1602 580 1651 cum
604 1574 747 1649 fervore
771 1580 943 1673 agitatae,
975 1597 1014 1650 et
1030 1575 1219 1649 Ecclesiam
1243 1577 1281 1649 in
1299 1591 1417 1671 partes
1441 1567 1607 1646 sciderunt,

424 1698 467 1749 ac
495 1669 657 1771 ingentia
680 1692 897 1768 pepererunt
919 1676 1029 1763 mala,
1054 1670 1141 1746 sicut
1164 1670 1375 1767 contingere
1398 1668 1498 1753 solet,
1525 1678 1607 1765 quun

360 1818 398 1855 ,·
418 1771 536 1869 sapere
564 1769 672 1843 volunt
697 1770 837 1844 loannes
859 1768 965 1865 supra
995 1794 1092 1864 quam
1122 1784 1265 1861 oportet,
1303 1768 1410 1839 Rom.
1433 1760 1508 1835 Xll.
1530 1775 1561 1828 et
1580 1774 1609 1826 ui

337 1874 340 1879 ’
425 1890 468 1939 ea
494 1862 636 1960 ingredi
659 1885 803 1953 arcana,
828 1888 918 1961 quae
942 1862 1084 1960 captum
1101 1861 1276 1961 superant.
1327 1857 1494 1955 Incepilse
1515 1869 1606 1925 autem

423 1960 598 2048 Veteres,
625 1956 813 2065 secundum
828 1959 1032 2043 methodum
1049 1956 1284 2049 Platonicam,
1311 1955 1407 2031 circa
1421 1955 1489 2028 hoc
1506 1948 1608 2053 dogma

423 2054 684 2163 philosophari,
718 2052 806 2128 ficut
831 2078 878 2129 ex
901 2055 1010 2129 modo
1042 2078 1147 2151 quem
1174 2072 1384 2143 tenuerunt,
1424 2069 1461 2124 et
1490 2040 1608 2120 vocibus

451 2153 552 2229 uibus
574 2148 623 2225 nst
647 2147 745 2257 sunt,
772 2173 828 2224 ex.
853 2174 905 2248 gr.
928 2151 1156 2248 personarum,
1187 2170 1225 2223 et
1242 2148 1516 2247 substantiarum,
1543 2156 1606 2233 qual

463 2248 575 2320 ertull.
608 2267 739 2341 prunus
765 2245 927 2321 adhibuit
949 2266 1072 2321 contra
1089 2248 1276 2337 Praxeam,
1302 2245 1419 2342 ‘letaldo
1441 2236 1608 2317 Trinitatis,

424 2366 515 2451 quae
531 2343 632 2449 ‘apud
661 2340 905 2436 Theophilum
931 2342 972 2416 ad
996 2339 1201 2417 Autolitum
1228 2341 1267 2415 in
1292 2340 1373 2418 init.
1398 2339 1464 2413 sec.
1488 2336 1604 2429 sequen·

422 2454 470 2515 tta
488 2458 637 2529 primum
655 2436 848 2528 reperitur,
873 2434 1158 2511 similitudinibus
1173 2436 1316 2513 luminis
1332 2462 1353 2511 a
1369 2432 1515 2519 lumine,
1536 2445 1587 2521 epu

421 2529 509 2702 pust.
534 2530 645 2637 Mart.
670 2549 708 2603 et
733 2530 897 2621 Tutiam,
923 2531 1100 2605 radiorum
1126 2556 1147 2605 e
1170 2533 1262 2623 sole,
1286 2531 1443 2607 fluminio
1465 2552 1484 2601 e
1505 2524 1603 2604 sonte,

439 2626 561 2734 tutiets
585 2646 607 2695 e
633 2624 772 2714 radice,
805 2627 898 2721 apud
923 2628 1073 2701 Tertull.
1100 2644 1138 2699 et
1163 2628 1249 2703 alios
1271 2628 1459 2724 deinceps,
1490 2612 1604 2722 aliisque

421 2723 591 2829 indicna,
617 2720 748 2818 liquet,
782 2718 832 2796 ita
848 2722 1093 2818 Athenagoras
1108 2723 1176 2821 leg.
1200 2747 1266 2822 pto
1286 2722 1417 2798 Christ.
1441 2718 1472 2820 s.
1497 2738 1545 2792 11.
1564 2732 1604 2803 lp·

418 2821 463 2898 fis
488 2821 605 2898 verbis
629 2818 799 2893 adfirmat.
838 2817 1002 2914 -Jullinus
1027 2820 1188 2916 Martyr,
1224 2839 1263 2895 ut
1288 2821 1325 2894 in
1352 2823 1519 2896 Veterum
1539 2808 1607 2880 doc*

420 2917 536 3006 trina,
580 2937 644 3010 per
676 2935 793 3011 partes
825 2932 865 2986 et
898 2912 1094 2988 distindli'us
1132 2915 1318 3006 tradenda,
1358 2918 1402 2990 ab
1433 2935 1490 2998 eo,
1504 2907 1607 2983 sumam

288 3042 290 3045 ·
420 3009 597 3110 auspicia,
633 3036 666 3087 1.
695 3008 869 3084 Christum
895 3010 965 3094 elle
990 3011 1117 3098 Deum,
1136 3011 1246 3106 saepe
1265 3011 1479 3099 confitetur,
1500 3001 1545 3076 uti
1560 3017 1605 3068 ex·

420 3133 473 3205 gr.
498 3106 591 3212 apol.
617 3107 725 3213 vulgo
744 3107 793 3178 ll.
821 3131 856 3200 p.
881 3113 941 3194 96.
968 3105 1027 3179 ubi
1048 3103 1249 3212 personam,
1275 3131 1362 3214 quae
1383 3092 1606 3212 Mofiinrubo

417 3203 598 3308 adparuit,
637 3199 817 3294 dunque,
856 3224 915 3292 ego
931 3200 1009 3296 sum
1034 3201 1262 3311 Jelovaetc..
1296 3203 1406 3276 filum
1432 3202 1496 3308 Det
1521 3177 1603 3262 fsslffe

416 3296 956 3472 {ishllaih‘llssildfyl'l
978 3288 1607 3487 pppis1pppoppr3pr1ppme3
1669 3373 1670 3440 ;

416 3515 455 3663 p.
481 3493 555 3581 276
579 3507 618 3559 et
640 3485 723 3560 alibi
747 3445 869 3581 saepe,
914 3509 954 3597 a.⁸
973 3488 1082 3577 Eum,
1101 3448 1336 3600 ‘minatum
1360 3508 1442 3586 ante
1459 3476 1608 3560 Mariam

454 3586 476 3660 d
504 3601 542 3656 et
566 3600 650 3656 ante
666 3581 1066 3697 mundumconditum,
1081 3575 1275 3681 exstitisse,
1293 3586 1472 3659 clarissime
1496 3593 1529 3650 et
1553 3568 1608 3642 saed

444 3679 660 3788 eadsirmat.
698 3679 773 3764 aer
787 3679 946 3775 spiratum
972 3697 1008 3750 et
1031 3696 1185 3756 virtutem
1214 3678 1378 3756 Altisstmi
1406 3673 1490 3752 Luc.
1512 3668 1538 3743 I:
1563 3677 1608 3772 35·

415 3776 579 3882 intelligit
602 3775 706 3865 Apol.
732 3775 777 3881 ll.
811 3801 845 3870 p.
871 3797 930 3867 75.
961 3775 999 3846 lh
1025 3776 1323 3871 atpasermonem,
1343 3793 1380 3850 et
1402 3774 1518 3847 Filiam
1540 3759 1604 3866 Dan

308 3946 313 3954 .
415 3866 823 4035 chrffiuffsieoeffim
855 3871 917 3944 sub
953 3871 1001 3946 V.
1039 3871 1086 3944 Τ.
1120 3873 1313 3966 adparuisse
1347 3865 1448 3967 saepe
1481 3859 1609 3967 adserito
1669 3941 1670 3962 χ

403 3984 582 4163 aaa
596 3963 1499 4156 aalatuaffalgttstanam
1515 3957 1612 4128 lul

411 4158 525 4262 ipsum
549 4152 710 4287 'genuisse
731 4113 809 4233 aa’a
824 4179 932 4232 omnes
955 4118 1201 4274 creaturdsvibi.
1225 4088 1372 4280 piassl.
1398 4086 1616 4346 (dinem.
