3609 5500
269 939 341 1037 ,a
723 895 869 997 fflflorso
885 901 1025 1005 IEcrlrs.
1056 910 1171 1011 Christ.

420 1073 663 1196 scaturlgliies
680 1079 753 1174 eius
772 1084 815 1153 all
840 1088 995 1181 antiquo,
1021 1110 1060 1164 et
1090 1093 1233 1189 quidem
1260 1093 1309 1170 in·
1326 1098 1416 1194 plur.
1444 1118 1582 1171 nume·-

288 1250 308 1303 ῐ
355 1268 370 1302 9
416 1206 511 1287 'uia
536 1176 665 1283 multae
699 1178 958 1287 praecesserunt
986 1192 1254 1283 generationes,
1290 1194 1328 1266 in
1359 1193 1477 1291 specie
1505 1194 1571 1267 du·

339 1294 462 1385 icem
480 1276 614 1388 'habuit
630 1274 773 1352 Messias
792 1274 959 1385 stirpem,
984 1286 1086 1361 uliam
1112 1287 1178 1361 alja
1202 1288 1466 1387 antiquiorem,
1494 1291 1570 1363 Da,

327 1398 419 1485 ldis
436 1377 580 1461 scilicet
598 1389 634 1441 et
662 1369 875 1482 Abraham13
901 1394 1007 1475 quare
1030 1402 1068 1456 et
1100 1383 1215 1472 filius,
1255 1410 1424 1480 germen,
1453 1385 1594 1460 Davi?

328 1508 393 1587 ἰδ’
436 1500 482 1555 ac
513 1467 663 1575 surculua
689 1491 734 1545 eit
765 1469 831 1543 lsai
858 1492 984 1547 trunco
1013 1480 1132 1552 exciso
1160 1480 1228 1575 Jes.
1254 1485 1317 1556 xi.
1344 1501 1382 1556 et
1411 1482 1570 1555 abraha-1
1601 1533 1628 1565 2

302 1599 366 1684 mi
396 1587 530 1662 semen
554 1586 684 1672 eximie
710 1566 912 1676 adpellitur.
961 1573 1018 1645 Ad
1044 1600 1145 1673 qnam
1172 1578 1350 1674 duplicem
1374 1578 1568 1672 respicitur

304 1693 372 1778 ori
410 1663 787 1773 mementorum.
815 1664 974 1756 additur,
1017 1674 1217 1768 abantiquo
1245 1699 1266 1744 u
1293 1679 1486 1768 temporibus
1519 1673 1568 1755 se·
1627 1685 1628 1689 ’

331 1793 416 1870 uli,
467 1768 505 1841 h.
540 1783 571 1833 e.
597 1761 637 1831 ab
664 1762 899 1871 anterioribuq
928 1786 1001 1837 non
1028 1787 1165 1840 tantum
1193 1770 1434 1865 temporibus,
1469 1768 1566 1864 quod

341 1896 373 1961 «q
453 1866 624 1945 denotat,
667 1855 724 1932 sed
767 1859 1007 1956 antiquissimis
1044 1863 1170 1951 simul,
1210 1864 1271 1937 seu
1306 1867 1418 1939 diebus
1440 1862 1568 1961 sociali.>

313 1992 433 2067 Plura
463 1959 509 2035 de
534 1951 696 2050 singulari
730 1954 800 2032 hoc
832 1956 1025 2048 vaticinio,
1069 1961 1210 2059 ejusque
1237 1984 1331 2035 nexu
1356 1985 1436 2034 cum
1462 1961 1565 2056 supe·

319 2070 490 2161 fioribus
532 2049 782 2160 ettsequent„
831 2052 905 2126 dixi
939 2054 976 2127 iii
1002 2076 1193 2129 comment.
1219 2057 1302 2131 ΜΠ.
1329 2059 1371 2131 ad
1396 2057 1567 2154 Prophet.

365 2177 421 2251 jn,
478 2173 557 2228 aare
582 2169 619 2221 tn
646 2147 748 2221 distis
773 2148 977 2250 acquiesco,
1012 2175 1099 2250 quae
1123 2153 1184 2226 hic
1207 2153 1394 2227 sufficiunt.

403 2326 411 2342 ,
442 2182 547 2331 iliv.
589 2244 819 2354 Occasionem
845 2245 907 2320 liic
932 2247 1094 2323 nascendi
1124 2272 1206 2323 cum
1232 2249 1400 2349 descriptio
1429 2246 1567 2345 Augus-

326 2393 391 2449 tea
416 2348 642 2458 praebuerit,
692 2343 830 2417 aLuca
864 2364 1053 2441 propterea
1087 2347 1222 2444 scripto
1257 2346 1458 2441 contignata
1490 2342 1563 2432 est,

329 2486 408 2552 „011
445 2470 517 2525 tam
552 2458 592 2550 ut
625 2458 767 2535 tempus
797 2442 871 2539 nati
907 2440 1036 2515 Christi
1071 2441 1327 2534 innotesceret,
1347 2494 1349 2497 -
1368 2441 1462 2537 quod
1496 2462 1564 2535 per

330 2581 415 2641 eam
447 2536 615 2620 nonnisi
646 2560 736 2634 vage
772 2556 809 2614 et
840 2538 880 2615 in
911 2562 1041 2636 genere
1065 2540 1313 2636 cognoscitur,
1346 2536 1427 2635 quia
1450 2558 1563 2610 annus

326 2642 489 2751 “Augusti
507 2658 578 2709 non
603 2634 788 2725 delinitur,
823 2660 947 2733 quam,
962 2659 1065 2728 cuin,
1090 2635 1211 2711 necui
1236 2635 1364 2709 mittim
1380 2650 1440 2707 aut
1461 2630 1563 2705 dubi·

333 2777 397 2832 um
422 2738 606 2823 videatur,
632 2733 771 2830 Jesiim,
806 2735 903 2830 cujus
925 2754 1088 2831 parentes
1113 2732 1151 2810 iii
1177 2736 1264 2808 urbe
1294 2730 1467 2808 Galilaeae
1487 2722 1564 2800 Na:

334 2860 436 2932 wer
459 2830 683 2918 habitabant,
725 2827 763 2902 in
789 2833 874 2905 urbe
908 2848 979 2905 tam
1008 2852 1145 2905 remota
1176 2829 1407 2906 Bethlehemo
1433 2821 1564 2900 narrari

331 2948 380 3024 ab
399 2925 634 3024 Euangelistis
651 2943 793 3016 natum,
822 2944 916 3014 tum,
945 2946 982 2999 ut
997 2927 1142 3023 publico
1160 2926 1336 3002 constaret
1353 2918 1562 2996 instrumen-¹

337 3061 404 3126 to,
431 3043 600 3128 parentes
624 3024 698 3119 ejus
723 3044 744 3093 e
769 3022 863 3099 tribu
881 3023 971 3120 Juda
996 3023 1086 3115 elle,
1111 3047 1153 3097 ac
1179 3026 1221 3100 ad
1246 3021 1390 3118 stirpem
1413 3015 1564 3090 Davidi·

332 3149 417 3212 'cain
443 3123 645 3225 pertinere,
673 3118 803 3220 quippe
829 3120 872 3194 ad
894 3125 1058 3218 propriant
1083 3120 1271 3197 civitatem
1297 3138 1457 3218 quoque,
1481 3135 1564 3186 curii

335 3230 436 3312 aliis,
471 3215 670 3316 profestos,
710 3235 751 3290 tit
791 3217 934 3292 nomina
969 3217 1027 3289 sua
1060 3220 1313 3311 profiterentur
1337 3217 1426 3283 Luc.
1455 3211 1502 3281 ll:
1529 3232 1563 3301 3.

339 3328 427 3423 Quo
454 3315 572 3408 itaque
597 3311 824 3380 fundamento
842 3307 1069 3402 Apostolicus
1085 3311 1163 3398 vir,
1190 3312 1283 3396 Heb.
1309 3305 1395 3377 Vll:
1427 3325 1481 3392 14.
1508 3303 1562 3375 di·

340 3437 427 3492 cere
446 3402 591 3501 potuit,
617 3404 764 3498 atellano
781 3401 873 3489 elle,
899 3401 957 3472 seu
970 3405 1104 3566 publice
1128 3397 1437 3566 constare‚[Jcsum
1464 3396 1564 3470 etri·

340 3509 392 3591 bu
415 3497 503 3601 Juda
527 3497 615 3603 elle..
657 3500 726 3570 Sed
749 3493 943 3592 dignusest
997 3494 1032 3568 ic
1058 3498 1177 3587 casus,
1201 3497 1281 3570 satis
1318 3491 1501 3590 ingularis,
1527 3511 1565 3567 et

341 3631 365 3683 a
391 3593 553 3681 nemine,
581 3591 645 3665 nisi
671 3618 691 3666 a
718 3595 836 3679 Luca,
862 3610 1097 3680 memoratus,
1132 3593 1192 3687 qui
1220 3591 1393 3664 nonnullis
1420 3587 1564 3664 illustre·

322 3719 400 3781 ¹tur
434 3686 648 3777 observatis,
689 3708 747 3777 ut,
787 3687 899 3785 qualis
926 3684 1034 3758 suerit
1066 3685 1280 3781 descriptio,
1318 3686 1564 3786 cognoscatur.

341 3821 380 3873 1.
407 3790 555 3863 Primam
579 3781 641 3870 sit,
684 3807 760 3857 eam
787 3803 858 3855 noti
885 3779 1006 3866 fuisse,
1050 3800 1089 3855 ut
1115 3783 1277 3874 videtin,
1312 3781 1563 3870 universalem,

341 3886 454 3966 totius
486 3877 580 3951 orbis
605 3879 781 3967 Romani,
812 3875 870 3950 sed
895 3874 999 3949 solius
1025 3877 1127 3974 regni
1154 3878 1329 3969 Herodis,
1363 3879 1422 3955 seu
1447 3878 1564 3953 Palae·

341 3983 475 4063 trinae,
499 3974 556 4046 vel
575 3973 667 4046 forte
685 3975 836 4071 Judaeae
854 3989 1000 4046 tantum.
1050 3975 1165 4072 Quem
1181 3973 1377 4053 restituam
1400 3973 1562 4062 sensum,

242 4081 244 4094 '
339 4081 430 4156 sicut
454 4067 584 4167 phrasis
609 4083 697 4144 aare
723 4075 853 4164 biapbn
879 4085 949 4141 toto
974 4088 1065 4142 terra
1087 4094 1154 4165 pro
1180 4087 1270 4146 terra
1290 4070 1481 4146 Israelitica
1507 4069 1566 4143 ads

339 4168 477 4260 mittit,
503 4163 556 4236 uti
586 4168 833 4242 aKeochenio
859 4185 896 4239 et
920 4165 996 4239 aliis
1022 4163 1102 4240 satis
1125 4171 1394 4262 comprobatum
1417 4166 1491 4254 est,
1516 4164 1566 4239 ita

372 4266 473 4344 artim
498 4259 642 4370 sequens
670 4280 788 4340 textus
821 4261 992 4358 requirit,
1027 4260 1088 4335 iibi
1114 4285 1221 4334 omnes
1254 4262 1420 4337 dicuntur
1443 4261 1566 4335 urbem

344 4299 438 4465 lnam
462 4356 624 4466 petiisse,
651 4359 774 4463 utique
792 4381 915 4436 omnes
938 4363 1038 4434 totius
1062 4373 1174 4461 terrae
1191 4358 1301 4439 modo
1325 4376 1564 4466 memoratae,

343 4534 351 4541 .
1280 4469 1283 4475 ·
1438 4470 1572 4555 partini
