3609 5500
700 927 1125 1026 '‘uocat-''I.···'⁷'·'-
1284 881 1286 887 Ι
1443 925 1517 1047 aas

282 1123 449 1204 Domino
471 1119 518 1203 ex
549 1125 626 1224 ipso
649 1125 785 1202 telonio
807 1127 850 1202 ad
874 1121 1119 1226 Apostolorum
1143 1123 1310 1222 vocatus,
1351 1152 1397 1207 eo
1423 1153 1509 1224 cum¹

284 1224 441 1315 effestu,
466 1243 506 1297 ut
523 1223 590 1319 ipli
611 1223 684 1297 sese
709 1245 814 1313 mox,
842 1227 1002 1298 omnibus
1029 1223 1179 1314 relictis,
1198 1225 1405 1326 *adjunxerit
1420 1243 1511 1325 pes-²

284 1342 436 1418 petauro
459 1326 649 1410 comitem,
674 1321 871 1395 Matr-IX.
920 1319 1054 1394 Sed-ab
1079 1321 1190 1395 alte'ro
1215 1322 1425 1418 publicano,
1457 1324 1512 1401 dt*

285 1417 438 1492 Grotius
459 1416 532 1512 jam
549 1413 664 1507 vidit,
689 1435 726 1489 et
748 1419 791 1490 ab
819 1413 959 1490 Hasaeo
986 1414 1025 1489 in
1043 1415 1142 1490 Bibl'·
1157 1418 1270 1492 Brem.
1294 1419 1338 1493 cl,
1365 1419 1415 1494 V.
1440 1417 1509 1492 de·'

283 1513 519 1588 monstratum
549 1511 621 1602 est,
659 1513 750 1588 Levi
772 1510 888 1600 dioto,
927 1509 1169 1606 cojusMarc.
1196 1513 1241 1586 11.
1276 1534 1313 1587 et
1335 1513 1505 1596 Luc.1V.·'

284 1608 427 1686 mentio
460 1609 530 1700 est,
571 1628 656 1683 tunc
694 1608 802 1682 etiam
839 1605 939 1681 simili
972 1608 1079 1681 modo
1114 1632 1134 1681 a
1168 1606 1307 1684 Christo
1347 1627 1479 1684 vocato
1487 1611 1505 1702 ’ξ

283 1710 403 1808 probe
423 1703 702 1804 distinguendus.
749 1706 991 1799 Praeterquam
1021 1702 1114 1801 quod
1138 1704 1279 1781 nomina
1304 1703 1408 1780 nimis
1432 1704 1502 1780 dif·.

284 1807 426 1890 ferant,
466 1803 558 1875 Levi
581 1800 739 1898 expresse
753 1801 956 1896 -adpellatur
973 1801 1068 1896 filius
1092 1799 1252 1896 Alphei,
1294 1803 1404 1900 qualis
1426 1825 1503 1880 non

286 1901 359 1977 suit
385 1895 617 1985 Matthaeus,
658 1914 698 1968 ut
721 1919 767 1970 ex
793 1897 903 1980 Matr.
930 1895 975 1969 X:
1003 1919 1045 1991 3.·
1062 1895 1206 2061 spuet,¹
1227 1896 1287 1972 ubi
1302 1899 1504 1996 publicanus

286 2013 462 2084 vocatur,
495 2011 532 2066 et
556 1989 622 2088 ipsa
645 1991 865 2088 subjungitur
892 1989 1045 2084 Jocabor
1062 1992 1157 2098 fiius
1181 1993 1341 2089 Abbati,
1373 1993 1504 2092 absque'

289 2112 332 2169 ut
345 2091 458 2166 frater
482 2089 558 2186 ejus
572 2086 732 2177 dicatur,
753 2085 810 2160 uti
834 2089 872 2162 in
888 2086 965 2161 aliis
989 2083 1108 2176 solet,
1122 2088 1282 2182 accedit,
1309 2087 1502 2179 Lemur-

292 2188 376 2266 Jahn·
400 2207 516 2283 prope
539 2183 735 2273 convenit}
763 2181 914 2256 eundem
941 2182 1042 2258 fuisse
1069 2207 1111 2258 ac
1135 2184 1504 2278 mirumst-Trissa·

291 2285 416 2360 &erun
440 2278 754 2377 cognominatum,
788 2279 931 2353 fratrem
954 2280 1097 2375 Jacobi,
1130 2279 1303 2368 etlilium
1329 2280 1505 2378 Alphaei3

289 2381 344 2457 uti
366 2403 412 2454 ex
437 2380 548 2451 Mart.
571 2377 618 2450 X:
645 2399 678 2470 3.
704 2374 763 2448 ubi
790 2376 925 2471 Jacobo
948 2375 1169 2473 adjungitur,
1193 2377 1291 2452 reste
1314 2379 1393 2451 rolli
1422 2377 1504 2455 itur.

291 2477 378 2553 'Nec
410 2472 545 2563 obstat,
585 2471 698 2567 quod,
734 2472 839 2570 epulo
862 2469 912 2544 in.
932 2470 1046 2564 domo
1069 2470 1162 2544 Levi
1195 2471 1370 2559 Christum
1396 2404 1504 2561 ¹soille¹

289 2591 504 2670 exceptum,
543 2569 690 2640 Marcus
715 2588 754 2640 et
777 2567 890 2640 Lucas
921 2565 1086 2659 tradant,
1128 2567 1218 2661 apud
1246 2569 1382 2654 Marth
1414 2585 1505 2664 vero

289 2668 474 2746 censeatur
496 2662 645 2739 indicari
676 2661 759 2737 illud
785 2662 823 2736 in
848 2663 923 2736 e'us
955 2662 1063 2763 domo
1088 2661 1190 2737 fuisse
1217 2663 1367 2757 fartum,
1401 2690 1504 2762 cum,

336 2765 387 2841 od
416 2762 591 2851 observo,
625 2760 831 2834 Matthaeus
843 2759 867 2830 -i
883 2758 940 2832 lud
964 2759 1219 2857 nonexpress'e
1246 2762 1400 2856 dixerit,
1439 2768 1501 2840 sed

315 2860 494 2961 mpliciter
533 2881 565 2930 c.
605 2856 669 2928 lX:
703 2878 738 2947 9.
777 2878 860 2929 eum
894 2854 1089 2930 accubuisse
1122 2852 1149 2930 lv
1175 2857 1211 2940 τῆ
1231 2865 1308 2951 susp
1330 2865 1371 2933 -t'n
1397 2864 1505 2953 domo,

293 2983 367 3036 non
391 2956 513 3032 addito
538 2957 633 3049 ἠως
659 2951 753 3049 quod
776 2953 893 3024 Marc.
920 2969 957 3022 et
978 2953 1065 3027 Luc.
1090 2952 1364 3051 suppleverunt,
1398 2972 1505 3030 voca·

290 3057 395 3131 tione
422 3054 522 3140 Levi,
546 3050 673 3123 eodem
697 3068 858 3143 tempore
885 3044 997 3135 fasta,
1023 3070 1178 3138 narrata,
1204 3068 1242 3122 et
1265 3050 1423 3146 expresse
1444 3051 1506 3123 ad·

290 3153 378 3226 dito
410 3152 446 3220 io
470 3150 552 3220 hmo
592 3149 675 3242 ejus.
730 3144 901 3216 Ponamus
933 3141 1051 3234 itaque
1084 3143 1307 3215 Matthaeum
1347 3145 1507 3216 et'Levi

290 3244 430 3321 eodem
453 3260 608 3340 tempore
633 3236 733 3313 fuisse
758 3253 927 3326 vocatos,
952 3257 995 3308 ac
1017 3234 1192 3310 Christum
1217 3260 1283 3312 una
1308 3259 1389 3309 cum
1405 3238 1506 3311 Mat²

288 3344 404 3419 thaeo
427 3338 466 3414 in
488 3338 598 3412 domo
615 3335 707 3410 Levi
732 3331 833 3407 soille
859 3331 1058 3428 epulatum,
1083 3351 1121 3405 et
1137 3331 1253 3407 omnis
1274 3333 1508 3431 discrepantis

290 3434 591 3536 Euangelistarum
617 3430 817 3527 disparebit.
1477 3414 1499 3473 ²·

289 3564 297 3576 ·
336 3535 371 3705 ᾗ
395 3534 505 3609 CLll.
531 3533 590 3604 De
605 3529 870 3614 Bdrtltolomaeo,
895 3523 955 3621 qui
974 3523 1142 3622 Philippo
1157 3525 1193 3599 in
1213 3526 1374 3695 catalopo
1392 3478 1507 3624 Apos-

292 3651 339 3706 το
372 3653 450 3705 rum
480 3630 590 3703 Matt.
616 3625 661 3698 X.
695 3641 733 3696 et
755 3623 870 3695 Marc.
902 3623 968 3695 lll.
999 3621 1219 3718 adjungitur,
1239 3672 1241 3677 -
1259 3623 1318 3697 illu
1372 3636 1507 3700 tantum

297 3726 470 3814 observo,
509 3722 621 3819 ipsum
646 3717 761 3794 videri
785 3715 936 3791 eundem
971 3716 1040 3791 effe
1066 3740 1108 3791 ac
1132 3718 1408 3811 Nathanaelem,
1447 3708 1508 3795 cui

294 3826 479 3923 Philippus
502 3817 677 3894 Christum
705 3811 931 3903 monstravit,
970 3835 1142 3909 quemque
1166 3813 1319 3888 Christus
1343 3808 1418 3910 ipse
1441 3814 1506 3908 stbi

293 3918 511 4009 adsociavit,
543 3935 704 4009 tanquam
728 3910 812 3982 disci
840 3911 954 3998 ulum,
1014 3906 1167 4006 ostquam
1191 3909 1253 3983 fibi
1282 3910 1406 3986 intima
1428 3932 1508 3997 com

294 4019 349 4093 dis
378 4010 574 4115 penetralia
606 4028 727 4105 patere
763 3934 838 4103 ipsi
861 3932 1093 4102 persuaserat,
1134 4005 1179 4078 de
1211 4028 1282 4103 quo
1315 4007 1414 4104 supra
1446 4009 1509 4083 suo

297 4117 376 4190 loco
408 4108 552 4197 monui,
587 4105 668 4204 Joh.
700 4106 729 4177 I:
765 4110 880 4193 46.-
922 4102 1112 4198 Comparet
1142 4124 1281 4199 quoque
1309 4103 1509 4180 Nathanael

298 4210 392 4286 inter
424 4203 637 4304 Apostolos,
678 4198 802 4295 quibus
838 4194 993 4270 Christus
1032 4197 1066 4271 se
1099 4198 1142 4270 ad
1177 4222 1273 4273 mare
1308 4200 1535 4274 Tiberiadis.

327 4305 377 4380 ost
398 4298 690 4379 resurreerionem
706 4291 943 4369 manifestavit
968 4292 1049 4388 Joh.
1074 4293 1173 4370 XXI.
1223 4293 1377 4367 Videtur
1393 4293 1511 4389 itaque

300 4332 583 4479 bartholomaeus
606 4392 917 4557 cognominatus}
940 4390 1045 4477 Patre
1069 4391 1316 4480 Tholomaeo,
1340 4411 1419 4460 cum
1446 4402 1510 4460 no·-

294 4554 302 4561 .
936 4506 957 4579 3
1433 4507 1517 4567 men
