3609 5500
677 911 741 1016 513--
817 913 1121 1004 outtrrrrtrt
1436 905 1527 1016 aa

286 1096 487 1177 obtinuerit
513 1093 620 1175 ordo:
655 1098 778 1195 eujus,
813 1119 853 1176 ut
877 1100 978 1196 supra
1011 1093 1158 1188 notavi,
1196 1095 1331 1193 primur
1346 1099 1514 1179 meminit

287 1197 438 1273 Tertull.
470 1196 585 1269 sicet
604 1201 656 1293 Cy
683 1199 768 1270 riuti.
793 1194 889 1271 inter
906 1197 1063 1269 clericos
1077 1197 1194 1269 lotum
1208 1196 1268 1270 dat
1284 1195 1514 1291 tenoribus,

290 1314 329 1365 et
355 1290 591 1365 honorificum
616 1316 636 1365 e
665 1315 686 1363 e
710 1290 1083 1366 officiumdeclarats
1111 1293 1272 1364 saturum
1304 1291 1381 1365 ase
1407 1292 1513 1371 fuissu

284 1389 486 1463 ordinatum
505 1387 692 1462 tenorem
712 1388 818 1462 tradit
836 1389 911 1482 Ep..
933 1411 990 1480 24.
1016 1407 1091 1462 eta
1109 1385 1164 1474 se,
1184 1409 1227 1458 ac
1246 1387 1416 1483 collegit,
1436 1387 1512 1462 Aur

288 1484 414 1559 redium
438 1482 693 1573 confefforem,
729 1484 797 1558 E.
824 1508 882 1580 33.
908 1507 976 1559 nee
994 1504 1068 1558 non
1096 1482 1318 1569 Celerinunt,
1353 1482 1419 1577 Ep.
1448 1483 1509 1577 34.·’

286 1604 392 1678 quern
415 1576 467 1649 ibi
490 1577 578 1653 dicit
603 1583 686 1654 cleto
709 1604 748 1651 na
778 1605 813 1653 ro
837 1584 1060 1677 conjurabant,
1086 1595 1119 1653 rt
1141 1579 1286 1651 honorem
1302 1575 1513 1676 Eccustastt»

287 1700 363 1754 cum
393 1673 575 1770 accepisse.
632 1677 798 1749 Habebat
840 1696 957 1751 autern
991 1676 1122 1750 Ledtor
1149 1675 1327 1772 stationem
1361 1675 1397 1749 in
1429 1675 1513 1750 loco

286 1768 461 1857 editiore,
497 1793 543 1843 ex
568 1794 637 1867 quo
660 1772 765 1844 facile
793 1792 935 1869 poterat
961 1772 1093 1861 audiri,
1136 1772 1194 1845 ied
1221 1796 1240 1844 a
1265 1777 1392 1845 bamatt
1416 1768 1514 1845 sanc·

286 1867 414 1955 tnarii,
456 1861 536 1939 sede
551 1864 720 1963 Episcopi
744 1888 782 1940 et
808 1869 1093 1955 concionatoris,
1128 1864 1313 1941 distinete:
1355 1867 1509 2035 adssellat

287 1980 407 2038 autem
432 1961 598 2057 Cypriam.
623 1985 686 2057 ep.
723 1986 767 2056 33
800 1984 839 2036 et
872 1987 931 2057 34.
962 1968 1124 2060 pulpitum
1152 1978 1184 2035 et
1212 1966 1360 2035 tribuual
1421 1963 1514 2036 ccle-

284 2058 373 2148 fiae,
398 2055 492 2129 simui
509 2080 593 2130 cum
611 2060 801 2131 candelabra
811 2113 822 2149 ,
847 2061 1066 2133 cuiluu'erna
1084 2059 1293 2154 inponitur,
1314 2077 1510 2155 comparat,
1529 2117 1532 2124 .

289 2158 473 2231 Materiam
503 2153 668 2228 lediionis
691 2157 934 2251 praebuerunt¹
956 2156 1038 2236 libri
1064 2156 1113 2230 V.
1137 2174 1176 2226 et
1197 2154 1250 2230 N.
1269 2154 1327 2229 Tt.
1343 2154 1512 2251 Cypriam

283 2272 342 2347 ep.
369 2272 426 2345 34.
450 2247 600 2346 adpellat
627 2267 805 2344 praecepta
838 2268 871 2323 tt
900 2252 1103 2347 euangelium
1129 2250 1273 2325 Domini.
1321 2252 1391 2324 Sed
1413 2273 1515 2344 praei

284 2346 493 2443 legebantur
519 2346 665 2420 subinde
697 2370 836 2444 quoque
872 2348 911 2421 in
949 2345 1123 2422 nonnullis
1146 2344 1419 2420 Ecclessis-libri
1442 2349 1516 2422 Ec.

286 2438 495 2529 clesrastici3
520 2442 614 2539 quod
645 2442 690 2516 de
718 2444 877 2518 Hermae
902 2440 1060 2538 pastore,
1085 2459 1123 2514 et
1140 2441 1332 2515 Clementis
1356 2442 1515 2523 Romani

286 2535 412 2635 epist„
439 2534 568 2611 diserte
595 2536 755 2613 adfirmat
771 2541 850 2614 Eus.
876 2540 926 2613 H.
950 2539 1019 2613 111:
1047 2543 1104 2611 16.
1128 2556 1166 2611 et
1192 2538 1260 2610 lV:
1288 2558 1346 2631 23.
1396 2539 1515 2613 Deoia

287 2657 358 2738 que
382 2631 638 2742 observandum
663 2632 734 2723 est,
776 2634 885 2707 inter*
901 2631 1176 2741 rituuufitatos,
1206 2635 1360 2706 ‘duorum
1375 2631 1513 2709 exstare

287 2729 501 2901 turbt..
521 2727 1492 2936 ‘turritantt⁰bassttt¹²2rtdti⁰tt⁰‘urst

286 2920 438 2997 formula
461 2920 681 3009 salutat0r1a3
721 2924 917 3017 patrabit.
967 2920 1049 3022 Quo
1080 2921 1251 3020 Cyprian.
1276 2945 1333 3015 ep.
1367 2941 1429 2998 ert.
1454 2944 1514 2997 rea

290 3016 424 3116 spicit,
450 3018 511 3093 ubi
534 3016 646 3105 dicit,
673 3018 821 3091 letiorem
845 3018 1013 3112 auspicari
1031 3035 1167 3111 pacem,
1197 3019 1273 3090 dum
1295 3017 1453 3106 dedicat,
1476 3017 1520 3097 hd

294 3137 334 3199 e.
361 3114 531 3204 inchoat,
559 3117 744 3186 ditionem:
764 3115 849 3186 alter
864 3114 936 3203 est,
962 3115 1155 3209 populum,
1179 3134 1248 3185 una
1263 3113 1519 3205 cumlediore',

288 3206 429 3306 {iontem
450 3207 618 3284 audiviffe
634 3207 846 3282 tottionemt
870 3207 958 3323 beot
981 3231 1043 3320 ep.
1071 3230 1150 3302 34,
1175 3204 1346 3291 ledtorem
1364 3215 1408 3283 ab
1425 3210 1518 3315 amri
1613 3240 1615 3245 ·

278 3302 1130 3510 triturantibus.titutum..
1152 3396 1196 3473 ,r
1222 3356 1432 3495 ...rat
1448 3330 1518 3502 ..t

291 3496 452 3595 ricopam
481 3495 616 3572 rnstrtui
644 3498 763 3588 solita,
788 3498 896 3572 etiarn
915 3495 1079 3584 homilia,
1103 3493 1288 3588 tradatur,
1312 3492 1447 3589 sermo,
1473 3518 1516 3577 eo

273 3618 383 3693 .quae
415 3595 481 3670 alia
515 3595 594 3669 sunt
627 3592 789 3684 nomina,
831 3594 1010 3690 adpeilata.
1061 3590 1177 3693 Quam
1208 3591 1361 3667 habendi
1392 3593 1451 3690 jus
1473 3613 1517 3672 et
1666 3664 1668 3669 ,

294 3690 453 3765 officium
487 3711 560 3764 erat
583 3687 768 3788 Episcopis
797 3687 996 3802 proprium,
1036 3687 1144 3763 etiam
1176 3687 1411 3784 presbyteris,
1441 3686 1512 3795 ‘sed

294 3809 368 3863 non
395 3785 585 3871 maeonis,
627 3787 740 3860 multo
765 3809 878 3860 minus
898 3784 1039 3870 laicis,
1070 3801 1289 3878 competens.
1341 3786 1517 3893 Cyprrao.¹

294 3882 341 3955 de
367 3877 509 3972 Lapfir,
541 3876 757 3975 Episcopor,
786 3882 938 3955 dmeldia
962 3878 1142 3968 cathedra,¹
1169 3877 1273 3951 rebut
1296 3874 1369 3950 sese
1393 3878 1516 3953 tumis·

295 3998 378 4053 cere
421 3973 627 4047 secularibus
670 3975 909 4070 conqueritur.
968 3972 1134 4047 Permitti
1169 3990 1288 4045 tamen
1328 3972 1414 4048 iuud
1445 3998 1522 4073 pro

297 4091 460 4181 ternpore
488 4088 628 4165 poterat
651 4069 769 4145 Laicis
793 4072 835 4182 ab
860 4068 1057 4242 Efis⁰⁰p9²
1083 4068 1171 4144 ficut
1193 4067 1346 4179 Origeni
1370 4070 1515 4146 conces·

297 4171 371 4247 sutn
388 4169 458 4242 furt
474 4168 517 4240 ab
536 4165 739 4242 Alexandro
765 4167 881 4242 Hreto
897 4167 965 4254 οΙ.,
990 4183 1028 4240 et
1045 4163 1258 4241 Theoftrsto
1274 4163 1488 4242 Caesareens.
1499 4181 1523 4260 ,ζ

297 4266 356 4364 qui
391 4262 460 4338 sese
492 4282 616 4338 contra
642 4262 867 4340 Demetrium
896 4263 1107 4350 Alexandr..
1150 4263 1233 4338 illud
1270 4261 1534 4357 damnantem..

212 4413 225 4429 .
299 4366 536 4541 attribuamus
560 4358 815 4466 defenderunt:
831 4359 899 4439 ,uti
917 4355 1122 4442 refertEus.
1142 4358 1208 4458 Η..
1221 4357 1291 4455 ΥΙε
1318 4380 1377 4463 19.
1425 4361 1531 4453 Curru

302 4480 442 4568 ,Am
464 4456 560 4567 ill»
861 4454 1013 4553 ‚Nm-
1155 4532 1158 4547 .
1397 4464 1520 4550 rur!
