3609 5500
272 931 326 1010 pa
665 901 976 1025 Ιῆβονῑακξιιῌ,
995 905 1110 1007 Clrrist.

318 1106 394 1156 uam
419 1080 605 1179 superbam
626 1096 670 1153 et
688 1085 911 1161 temerariam
931 1084 1228 1184 'postulationem
1262 1103 1343 1161 cum
1368 1080 1502 1179 reliqui

285 1176 448 1276 Apostoli
471 1200 576 1272 aegre
599 1173 756 1270 ferrent,
779 1182 953 1258 Dominus
978 1183 1140 1258 omnibus
1156 1183 1330 1271 declarat,
1356 1197 1504 1254 omnem

242 1345 255 1355 .
282 1269 489 1376 ‹irraletu‘cun
514 1295 563 1380 ,uer
582 1271 800 1366 dominatum
825 1303 845 1352 a
874 1300 987 1376 regno
1003 1278 1099 1372 luo,
1128 1304 1152 1354 a
1176 1276 1394 1352 terrestribus
1418 1297 1503 1371 reg·

290 1371 346 1447 nit
366 1371 485 1472 longe.
515 1367 662 1464 ⁴verso„
681 1369 758 1458 else.
775 1371 947 1462 alienum3
973 1396 1134 1470 eumque·
1147 1376 1241 1448 inter
1261 1372 1269 1386 ‘
1297 1373 1370 1461 sos,
1396 1372 1504 1467 quip-

288 1467 337 1636 {i
359 1463 1026 1640 driuissiiiiiimiiffiffdiffii
1074 1469 1506 1640 ῗιίιιῗιωιιιιὼὲῗῖῗιῗέ

293 1647 342 1742 X.
386 1653 430 1729 ln
455 1651 631 1748 ‘viciniam
664 1616 913 1732 ’lliericlruntis
945 1617 1041 1733 cum,
1052 1659 1207 1734 Christus
1240 1656 1411 1748 venisset,
1446 1679 1510 1729 ur·

294 1757 380 1852 bem
402 1750 559 1852 nondum
586 1750 775 1847 ingrellus,
814 1752 926 1828 visum
950 1753 1103 1830 restituit
1136 1775 1253 1828 coeco
1284 1752 1411 1844 alicui,
1462 1750 1509 1828 ad

294 1848 394 1926 viam
407 1846 562 1935 sedenti,
586 1866 625 1918 et
647 1847 891 1940 mendicanti,
909 1851 1002 1925 Luc..
1024 1852 1164 1926 XVlll:
1192 1871 1273 1944 35„
1298 1849 1393 1945 quod
1419 1867 1510 1923 mox

296 1939 383 2029 iube
410 1967 430 2016 e
475 1939 565 2016 ellus
589 1939 718 2015 iterum
742 1943 878 2028 duobus
900 1945 977 2020 aliis
1001 1944 1113 2034 fecit,
1144 1948 1254 2019 Matr„
1279 1946 1358 2018 llll:
1384 1962 1511 2039 30..et

296 2043 413 2116 Marc.
474 2096 484 2113 .
510 2037 571 2136 qui
592 2036 697 2112 unius
718 2060 847 2124 nomen
871 2039 1066 2136 expreffir,
1097 2060 1136 2115 et
1162 2041 1238 2135 ejus
1258 2056 1419 2135 tanquam
1443 2060 1512 2112 nc·

298 2155 414 2304 marg]
416 2230 426 2244 ⁸
435 2132 546 2210 solius.
577 2132 751 2224 memiuin
817 2134 896 2236 Qua
937 2134 1075 2213 ratione
1115 2133 1362 2234 Euangelistae
1393 2134 1513 2209 'facile

297 2255 368 2312 con
415 2250 543 2302 rantur.
686 2287 689 2292 .

300 2386 303 2392 .
344 2325 375 2432 ᾗ.
401 2324 554 2398 LXVII.
587 2322 685 2413 Sed,
703 2341 883 2417 antequam
909 2324 947 2399 in
973 2325 1102 2401 itinere
1127 2325 1319 2401 enarrando
1342 2345 1513 2424 pergam,

299 2420 447 2500 historia
466 2418 612 2509 Lazari,
651 2420 837 2506 acmisto
864 2422 1076 2513 rellrscitati,
1118 2448 1139 2497 a
1172 2425 1246 2498 solo
1270 2422 1352 2517 Jon.
1386 2443 1417 2495 t„
1443 2421 1514 2499 xl.

301 2516 450 2607 tradita,
488 2512 699 2610 adtingenda
736 2516 809 2608 est,
872 2542 951 2592 uam
984 2537 1068 2592 ante
1101 2518 1298 2614 susceptum
1325 2518 1423 2589 hoc·
1439 2516 1515 2588 iter

301 2611 585 2720 hierosolymam
611 2607 817 2720 contigille,
847 2539 949 2689 iecur
971 2634 1013 2688 ac
1037 2613 1099 2689 alii·
1122 2614 1330 2709 opinantur,
1353 2611 1515 2720 'omnino

305 2708 490 2795 existimo,
518 2731 619 2797 curn,
650 2707 743 2803 quod
761 2729 830 2782 iter
847 2708 919 2789 fine
933 2709 1218 2806 interruptione,
1243 2730 1283 2782 ut
1300 2709 1425 2807 reliqui
1441 2703 1515 2782 Eu.

303 2833 346 2888 an
377 2802 489 2876 alistae
514 2803 689 2891 referunt,
715 2802 821 2877 fuerit
842 2807 1041 2901 perustum,
1068 2804 1309 2900 adeoquelric
1335 2803 1442 2878 casus.
1457 2801 1513 2876 in·

304 2906 372 2996 serr
389 2919 559 2994 nequeat,
578 2900 709 3000 lazaro
727 2899 822 2973 enim
839 2899 1041 2974 resuscitato
1059 2901 1237 2988 Christus,
1250 2919 1347 2973 metu
1362 2899 1517 2996 Judaeu-

304 3023 382 3078 rum
405 2991 511 3068 rediit
543 2993 581 3067 in
606 2992 711 3066 alium
739 2995 874 3082 locum,
907 3019 1021 3093 prope
1053 2996 1237 3093 desertum,
1260 2995 1353 3068 unde
1385 2995 1515 3068 Berlin·

307 3094 401 3189 niam
426 3086 546 3189 postea
570 3088 691 3184 venit,
729 3090 810 3188 Joh.
836 3092 898 3165 Xl:
926 3114 984 3183 54.
1010 3111 1105 3182 tum,
1140 3091 1234 3189 quod
1258 3091 1330 3163 hoc
1352 3092 1424 3165 iter
1446 3089 1518 3164 sus-

307 3212 495 3290 cepturut,
529 3210 654 3263 necem
685 3186 778 3261 suam
809 3187 1068 3285 Hierosolymis
1090 3210 1170 3263 anm
1196 3186 1414 3282 praedixerit
1434 3182 1518 3261 Dirt

309 3287 455 3384 ciprrlis,
489 3283 547 3356 sed
569 3282 614 3357 ad
641 3284 806 3355 Lazarum
832 3284 1062 3355 suscitandum
1088 3283 1309 3377 profetluru't
1334 3282 1377 3355 iis
1399 3300 1516 3354 metu·

310 3381 451 3471 entibus
473 3375 723 3464 declaraverit,
755 3377 885 3447 nullum
908 3375 969 3449 srbi
995 3376 1169 3450 inminere
1191 3377 1404 3473 periculum,
1437 3394 1521 3452 cum

310 3480 398 3567 hora
422 3473 497 3568 ejus
521 3468 676 3542 nondum
702 3470 863 3557 venerit,
889 3469 971 3564 Jolr.
996 3474 1059 3546 XI:
1087 3480 1120 3561 8,
1144 3496 1179 3563 9.
1207 3494 1280 3546 tum
1306 3473 1457 3567 denique
1479 3474 1522 3548 in

312 3570 443 3669 Judaea
471 3565 625 3638 nondum
656 3564 784 3653 fuerit,
827 3588 933 3659 quum
956 3567 1158 3642 Bethaniam
1185 3570 1310 3642 Lazari
1332 3569 1522 3666 caufape·

312 3668 392 3754 tiit,
418 3662 466 3735 ib.
491 3685 526 3734 v..
553 3682 586 3753 7.
633 3660 814 3751 Addatur,
841 3661 1014 3737 Christum
1041 3660 1111 3737 fine
1136 3665 1205 3738 ullo
1233 3664 1302 3738 alio
1325 3665 1520 3755 comitatu,

314 3786 398 3839 cum·
421 3754 502 3831 solis
525 3754 723 3850 Apostolis,
762 3756 972 3833 Bethaniam·
991 3759 1123 3834 veniffe
1156 3762 1205 3833 ad.
1222 3764 1396 3834 ltazrmm.
1413 3758 1520 3834 fidei,

313 3856 473 3943 tandum,
491 3874 569 3925 cum
589 3850 626 3923 in
641 3853 752 3927 altero
766 3852 914 3944 itinere,
939 3856 1035 3951 cujus
1051 3855 1174 3954 reliqui
1191 3857 1428 3955 Euangelistne
1445 3875 1522 3928 nrm

314 3955 511 4043 minerunt,
545 3948 690 4043 ingente
719 3952 818 4023 turba
842 3952 952 4025 fuerit
974 3952 1118 4028 einum.
1168 3956 1295 4028 Debet:
1314 3953 1433 4050 iraque
1457 3952 1552 4026 hin'

314 4049 411 4126 casus
435 4043 614 4140 praemitti
632 4043 753 4119 itineri
770 4046 1075 4146 Hierosolymam,
1103 4048 1198 4142 quod
1226 4049 1351 4146 reliqui
1377 4064 1521 4120 narrant

307 4138 575 4241 ‹Euangelistae3
610 4139 703 4233 quod
728 4140 820 4214 vitio
842 4145 1032 4219 memoriae
1056 4143 1206 4239 neglexi.
1258 4149 1346 4218 Cum
1364 4141 1523 4218 ehnstut

315 4247 421 4324 altera
445 4234 546 4325 vice,
570 4234 702 4330 duplici
726 4236 875 4327 itinere,
908 4264 974 4337 per
989 4236 1177 4315 Galilaeam
1203 4240 1240 4313 in
1265 4240 1403 4334 specie,
1431 4262 1518 4312 corr·

291 4341 438 4432 lello,
455 4330 612 4427 rediillet
634 4329 672 4409 in
694 4333 821 4419 locum.
836 4353 930 4413 uaris
953 4333 1140 4434 jordanem
1147 4392 1168 4432 ,.
1194 4337 1255 4413 ubi
1276 4337 1466 4447 ,lolmnnet¹
1480 4335 1523 4445 ιη

1416 4449 1528 4510 rnrtro
