3609 5500
275 935 348 1013 530
669 916 814 1021 eustorio
837 913 968 1019 Ecclefi
996 910 1109 1019 christ.

282 1092 344 1170 ilse
370 1097 479 1193 palam
504 1094 686 1195 grass'atas,
720 1098 911 1177 Ecclesiam
947 1120 1088 1197 quoque
1114 1093 1292 1196 paululum
1316 1080 1516 1197 deturpas}

285 1215 403 1268 coram
429 1196 654 1288 nomnibus,
680 1198 737 1274 sed
763 1198 801 1271 in
827 1196 938 1271 oculis
962 1191 1113 1269 Domini
1138 1191 1264 1265 tultam
1292 1180 1396 1260 surffe
1419 1203 1512 1289 puri·

284 1307 393 1362 tatem
423 1290 535 1380 suam,
566 1293 638 1366 sese
656 1295 700 1367 ab
728 1292 919 1368 haereticis
943 1291 1085 1388 publice
1103 1287 1304 1383 separando.
1358 1279 1417 1352 De
1441 1297 1516 1387 qu}-

285 1387 348 1459 bus
382 1386 518 1460 uberius
550 1387 601 1461 est
625 1388 871 1464 disserendum.
923 1388 1155 1483 Adpellautur
1193 1404 1280 1455 vero
1316 1377 1518 1470 haeream,

287 1482 347 1579 qui
376 1481 441 1553 hac
467 1503 582 1556 aetate
607 1484 756 1559 lacertos
786 1502 995 1571 moverunt,
1031 1485 1111 1557 loco
1146 1476 1257 1552 citato
1306 1471 1414 1549 actim
1440 1467 1522 1541 muli

287 1598 327 1653 et
349 1576 636 1674 pseudo-apostoli,
670 1580 797 1676 partim
823 1581 1012 1653 Nicolaitae
1019 1603 1033 1667 ,·
1069 1597 1216 1675 quorum
1247 1569 1298 1645 illr
1322 1569 1520 1642 theoretica

290 1678 422 1758 mans,
448 1674 485 1745 hi
514 1675 660 1768 practici
688 1675 789 1749 fuilse
806 1674 993 1762 videntur,
1019 1674 1070 1746 ita
1095 1690 1134 1744 ut
1157 1667 1294 1765 priores
1308 1662 1519 1751 doctri-nae,

288 1703 501 1868 poderiores
529 1793 684 1858 morum,
722 1771 910 1866 puritatem
932 1768 1085 1842 maxime
1111 1759 1402 1839 contaminarint
1462 1755 1522 1866 Ad

288 1865 425 1964 priores
450 1864 573 1937 referri
601 1864 739 1961 possunt
765 1864 955 1961 praecipue
983 1860 1225 1939 Valentiniani
1252 1877 1291 1932 et
1316 1851 1520 1929 Marcium·

292 1981 375 2047 tae,
400 1961 443 2032 ad
470 1959 684 2054 posteriores
710 1960 984 2057 carpocratiani.
1034 1961 1092 2033 De
1117 1956 1241 2124 puibus
1266 1952 1387 2048 itaque
1415 1950 1523 2023 adcu-

290 2055 399 2130 ratius
422 2057 595 2149 agendum
613 2055 683 2145 est,
719 2057 826 2129 initio
848 2080 867 2128 a
887 2053 1088 2142 Gnosticis‚
1132 2075 1176 2124 eu
1211 2045 1414 2123 theoretica
1439 2044 1523 2118 hae·

290 2149 376 2236 rest,
417 2172 505 2243 quae
538 2151 718 2223 communi
760 2148 1011 2225 Gnosticorum
1042 2148 1189 2223 nomine
1223 2143 1348 2234 venit,
1388 2141 1521 2217 sumto.

290 2246 380 2320 Cum
413 2266 501 2315 vero
535 2246 712 2340 generales
739 2244 990 2320 Gnosticorum
1023 2238 1241 2342 hypotheses
1277 2239 1345 2314 sec.
1373 2259 1521 2333 praece·

291 2341 399 2418 donte
425 2337 644 2431 tradiderim,
679 2364 747 2414 nec
774 2365 897 2414 omnes
925 2364 1045 2415 eorum
1069 2336 1262 2435 peculiares
1286 2332 1396 2407 sectas
1419 2354 1524 2418 enar·

291 2462 369 2513 rare
392 2454 451 2508 aut
478 2436 600 2526 liceat,
626 2456 685 2511 aut
703 2435 840 2511 necesse
861 2435 921 2525 stt,
940 2435 1102 2533 systema
1118 2437 1262 2519 eorum,
1286 2429 1376 2503 ficut
1400 2451 1422 2501 a
1448 2427 1525 2503 Va·

291 2533 427 2608 lentino
455 2530 661 2625 inprimis,
701 2552 737 2605 et
762 2529 927 2620 Basilide,
970 2530 1177 2605 adornatum
1204 2524 1276 2617 est,
1298 2525 1523 2621 exponam,

291 2625 375 2704 dein
400 2645 561 2699 autorum
586 2627 731 2721 aliquam
753 2627 844 2699 dabo
871 2625 1047 2701 notitiam.

338 2720 369 2820 ς.
398 2720 538 2796 CLXII.
573 2721 729 2817 Systema
752 2722 986 2798 Pleromatum
1010 2742 1046 2796 et
1070 2720 1256 2809 Aeonum,
1281 2716 1320 2793 in
1346 2738 1420 2814 quo
1447 2717 1525 2793 Va·

291 2813 576 2897 lentinianismus
602 2818 683 2915 litus
707 2814 778 2905 est,
803 2840 848 2890 ex
872 2823 1020 2892 Irenaeo
1043 2835 1080 2891 et
1096 2815 1299 2913 Epiphanio
1324 2811 1522 2911 praecipue

290 2911 547 3010 repetendum,
586 2911 753 3012 (Cyrillus
771 2912 866 2987 enirn
893 2913 1059 2988 Hierosol
1086 2913 1234 2986 mitanus
1261 2909 1401 2985 catech.
1424 2909 1524 2983 Vlla

292 3010 422 3089 vitiose
449 3005 635 3106 calibem)
686 3008 960 3106 repraesentavit
995 3036 1043 3106 po
1099 3009 1308 3082 Rhenanum
1337 3022 1376 3079 et
1400 3006 1525 3080 Pame·

294 3110 381 3186 lium
428 3106 465 3178 in
506 3128 578 3181 not.
613 3107 656 3179 ad
687 3107 838 3180 Tertull.
875 3123 987 3180 contro
1020 3107 1207 3192 Valentio,
1249 3102 1329 3176 satis
1352 3123 1525 3177 accurate

298 3201 520 3288 Maffuctus,
551 3202 637 3276 Diis.
659 3227 777 3297 praev.
804 3201 845 3275 ad
861 3205 1062 3292 Irenaeum,
1088 3199 1145 3273 cui
1164 3199 1243 3274 addi
1259 3216 1419 3271 meretur
1435 3199 1528 3273 Bud-

293 3302 378 3375 deus
404 3298 447 3370 de
472 3296 623 3369 *Haeresr
647 3296 828 3370 Valentin.
881 3296 1179 3393 comprehendit,
1205 3313 1245 3368 ut
1273 3297 1425 3366 brevem
1446 3294 1523 3390 ejus

291 3393 371 3467 dem
404 3389 652 3483 conspertum,
695 3389 760 3463 tria
791 3391 992 3482 pleromara,
1033 3393 1093 3465 seu
1128 3390 1330 3485 complexus
1363 3412 1523 3480 aeonum,

292 3490 409 3564 secum
433 3484 709 3559 cohaerentium.
757 3484 903 3556 Primum
929 3483 980 3558 est
1006 3488 1152 3583 triginta
1176 3507 1327 3561 aeonum
1364 3484 1436 3560 hac
1469 3510 1526 3560 ra·

293 3581 391 3661 tione
418 3577 662 3651 ordinatarum.
715 3608 749 3650 a.
775 3578 958 3651 Generalis
989 3581 1168 3656 distinctio
1195 3580 1245 3654 est
1278 3579 1315 3653 in
1339 3585 1524 3670 primarias

292 3698 330 3758 et
346 3672 561 3774 secundarius
587 3697 731 3763 aeonas,
766 3697 910 3769 quarum
936 3677 1136 3766 illaesum,
1177 3699 1263 3774 quae
1290 3675 1389 3750 reeta
1417 3675 1525 3753 exse

292 3776 452 3852 oriuntur
479 3788 515 3841 et
550 3769 610 3841 sibi
642 3768 928 3862 subordinantur,
954 3773 1034 3864 hae,
1059 3796 1146 3870 quae
1171 3797 1189 3845 a
1214 3773 1322 3845 latere
1351 3771 1435 3846 sunt
1462 3798 1525 3850 ex·

290 3890 399 3947 ortae.
449 3870 486 3953 β.
512 3864 710 3957 Primarius,
745 3890 832 3962 quae
858 3867 1008 3964 primam
1040 3891 1188 3945 aeonum
1215 3865 1352 3940 claffern
1388 3868 1523 3945 consti·

293 3979 418 4049 ruunt,
443 3961 617 4057 adpellunt
638 3967 868 4057 primigeniam
885 3969 1075 4060 ogdoadem,
1101 3983 1138 4038 et
1157 3962 1313 4037 omnium
1330 3986 1453 4037 rerum
1471 3988 1524 4038 ra·

289 4064 404 4138 dicem
438 4081 479 4130 ac
514 4056 791 4132 fundamentum.
844 4061 931 4133 Sunt
966 4086 1112 4134 numero
1143 4065 1227 4149 ullo,
1267 4059 1323 4133 sed
1359 4059 1520 4156 quaein

290 4159 373 4235 duas
381 4156 554 4241 retraous,
572 4151 630 4223 seu
647 4154 921 4248 quaterniones,
940 4155 1221 4251 distinguuntur5
1240 4179 1384 4251 quarum
1402 4184 1435 4230 a.
1447 4153 1523 4254 pri·

289 4279 330 4329 or
356 4249 520 4325 tetradlus
546 4264 680 4346 qrrurzror
705 4246 756 4322 est
791 4272 963 4340 aeonum,
1008 4252 1066 4326 seu
1098 4253 1240 4327 duarum
1275 4253 1519 4362 syzygiarum,

283 4367 345 4428 aut
374 4343 664 4449 conjunctionum
690 4343 794 4423 maris
816 4364 853 4422 et
878 4344 1055 4427 foeminae
1076 4346 1299 4452 (copularunt
1317 4372 1414 4427 emm
1432 4369 1518 4421 aeo-

284 4498 288 4505 ·
320 4500 322 4505 -
1452 4461 1519 4517 nas
