3609 5500
247 426 1662 732 -

664 945 726 1022 ·’-’
811 962 923 1046 Serus.
948 966 980 1045 l.
1010 959 1012 964 ’
1447 963 1518 1067 '307

327 1139 486 1242 sinplicitu
500 1141 572 1219 else
597 1143 778 1237 locutum,
811 1146 909 1239 imo,
944 1145 1037 1243 quod
1062 1144 1172 1237 addo,
1196 1146 1373 1225 imitatum
1398 1145 1516 1226 stilum

323 1240 346 1312 E
363 1239 405 1317 ill.
426 1242 470 1316 ad
487 1241 625 1332 Hebr.,
660 1259 721 1331 et,
747 1264 829 1316 curn
846 1243 1004 1318 nondum
1021 1244 1190 1341 erupisset
1222 1245 1392 1335 haeresis,
1419 1246 1515 1321 divi·

322 1334 535 1413 untiChristi
549 1336 745 1428 contraria,
764 1337 1134 1436 fimpliciore'stilouti
1151 1340 1316 1437 potuisse.
1371 1369 1404 1438 3.
1432 1343 1512 1416 Ter·

319 1435 357 1504 tia
380 1433 467 1525 sert,
492 1431 588 1506 Patri
617 1458 638 1507 a
662 1435 844 1510 Clemente
873 1435 976 1510 suille
1010 1436 1340 1531 supereminentiam
1363 1437 1514 1535 origini·

320 1528 458 1604 tributam
488 1550 574 1625 prae
596 1526 756 1621 christu,
799 1549 960 1627 tanquam
978 1530 1044 1604 hac
1060 1551 1161 1626 purte
1178 1535 1336 1624 minore,
1370 1552 1408 1605 et
1432 1532 1510 1606 sub-

247 1667 249 1678 ι
320 1623 477 1712 ordinrt03
508 1621 595 1697 licut
619 1623 741 1719 pollen
772 1625 890 1722 pallini
929 1625 1172 1701 instituerunt:
1209 1646 1247 1702 ιιι
1270 1628 1331 1702 suo
1346 1631 1428 1703 loco
1446 1650 1510 1723 pa·

247 1759 249 1780 ι
319 1720 395 1796 tebit.
442 1718 582 1818 Utique
605 1724 786 1816 δοξοιιγίω
819 1721 909 1794 illam
944 1727 998 1800 cui
1031 1725 1072 1796 lit
1092 1725 1202 1812 gloria
1230 1742 1300 1799 etc.
1326 1724 1389 1800 soli
1427 1724 1510 1800 vin·

247 1899 249 1906 Ι
318 1811 387 1890 litat
406 1814 501 1890 Patri
539 1814 572 1914 5.
599 1839 658 1911 32,
694 1828 753 1912 38,
784 1839 849 1909 42,
873 1839 933 1908 45.
982 1817 1189 1913 Adpellatur
1219 1842 1358 1916 quoque
1388 1819 1421 1919 5.
1445 1841 1509 1915 43.

320 1906 398 1984 Puer
420 1909 511 1985 solue
532 1933 629 1992 uerus
653 1913 766 2003 Deus,
792 1916 845 1989 cui
864 1915 972 2008 gloria
996 1912 1034 1986 in
1049 1913 1168 2010 secula
1183 1917 1392 2011 secuhrum
1418 1920 1509 1992 rela-

247 2057 250 2086 ,
319 2005 521 2081 teuinirum
545 2006 588 2079 ad
619 2008 790 2082 Gentium
815 2007 933 2097 Deos,
975 2029 1013 2082 ut
1046 2009 1151 2084 series
1184 2011 1291 2084 docet
1315 2012 1508 2087 sermonis:

317 2097 490 2218 denique5
516 2107 578 2194 46.
602 2126 703 2179 unum
717 2104 911 2204 profitetur
929 2104 1055 2197 Deum,
1080 2128 1177 2181 untur
1195 2104 1387 2200 Dominum,
1411 2130 1511 2183 rmum

349 2289 544 2390 §CCLXL
584 2291 691 2368 Dicta
723 2292 767 2368 de
802 2296 987 2370 (leniente
1010 2317 1057 2369 ex
1083 2319 1128 2371 eo
1153 2314 1337 2394 praeterea
1373 2296 1508 2371 confir·

312 2385 385 2462 nui
403 2386 561 2484 poliunt,
583 2389 678 2485 quod
701 2407 739 2463 et
762 2389 900 2465 aliunde
923 2407 1062 2484 pateat,
1098 2391 1273 2467 Christum
1300 2390 1508 2467 aChristia·

307 2480 354 2555 uit
415 2481 485 2558 siim
511 2506 636 2558 verum
660 2485 779 2558 Deum
801 2485 960 2560 habiturn
986 2485 1100 2565 fuine.
1150 2511 1182 2562 r.
1207 2485 1333 2562 Statim
1359 2510 1508 2563 aenon·

304 2579 373 2655 nulli
387 2576 573 2653 'Christum
599 2584 717 2654 nudum
743 2578 824 2654 ince
851 2598 954 2655 erunt
976 2582 1096 2655 dicere
1119 2581 1325 2675 hominem,
1357 2580 1411 2658 uti
1435 2586 1503 2660 lec.

299 2672 339 2753 ll.
357 2673 489 2751 fastum
514 2674 585 2766 est,
609 2674 786 2750 Dohlores
825 2679 882 2752 ese
906 2675 949 2751 iir
974 2700 1057 2753 mox
1086 2678 1349 2777 opposuerunt,
1374 2697 1411 2754 et
1438 2703 1506 2755 no·

298 2792 372 2849 men
394 2794 438 2847 ac
460 2792 536 2845 tem
560 2770 759 2845 divinitatis
782 2770 847 2868 ipfi
866 2772 1107 2850 vindicarunt:
1135 2775 1188 2848 uti
1206 2799 1251 2849 ex
1269 2797 1392 2850 autore
1407 2775 1504 2873 post·

294 2867 412 2943 erioris
428 2868 521 2965 Ep„
564 2890 652 2965 quae
678 2868 852 2944 Clementi
883 2869 993 2962 solet,
1034 2869 1092 2944 sed
1116 2872 1226 2961 male,
1260 2869 1421 2961 inscribi,
1456 2871 1504 2946 de

295 2984 362 3073 quo
382 2965 485 3061 supra
509 2960 589 3059 egi,
622 2963 819 3037 luculenter
842 2970 953 3061 patet.
1001 2962 1060 3038 De
1085 2964 1246 3055 Christo,
1278 2967 1393 3064 inquit
1417 2988 1504 3042 mox

290 3079 330 3135 ιιι
352 3056 554 3156 principio,
593 3081 649 3130 nos
663 3057 789 3154 sentire
811 3077 954 3155 oportet,
994 3080 1150 3156 tanquam
1174 3061 1267 3146 Deo3
1308 3084 1375 3134 nec
1398 3059 1506 3133 decet

288 3186 388 3253 μμ
401 3154 535 3228 humilia
550 3151 677 3321 {entire
699 3152 868 3248 desolate
897 3151 1007 3249 nqslra
1033 3171 1065 3225 er
1089 3154 1223 3252 Christo.
1271 3154 1390 3228 Exstat
1414 3176 1502 3249 quo·

286 3248 521 3349 que'elegans
579 3272 644 3323 ane
667 3248 705 3323 in
729 3270 803 3320 rern
827 3252 941 3337 locus,
977 3247 1008 3346 l.
1034 3271 1067 3337 9.
1094 3249 1154 3323 ubi
1180 3248 1355 3338 Christus,
1387 3256 1424 3322 oh
1473 3278 1504 3325 u

282 3281 1502 3539 :siurim.2²⁴‘;¹..ttut.h.uhnrumuli:

283 3558 366 3629 tus,
405 3538 442 3613 h.
468 3561 500 3611 e.
525 3534 604 3611 stilo
629 3532 836 3629 scriptorum
859 3534 1056 3624 sacrorum,
1096 3553 1133 3608 et
1156 3534 1499 3631 Ecclesiasticorum,

285 3636 393 3711 Deus.
442 3631 568 3706 Audiri
601 3629 696 3704 enirn
727 3630 790 3703 vix
826 3648 983 3704 meretur
1016 3630 1056 3704 L.
1081 3631 1264 3705 Mellierus
1295 3629 1334 3704 in
1365 3630 1425 3709 lib.
1456 3635 1500 3709 tle

276 3734 355 3833 fide
375 3729 483 3829 primi
508 3728 594 3811 sec„
619 3722 781 3823 opposito
809 3727 933 3816 Burro,
956 3725 1070 3800 locum
1094 3725 1219 3800 misere
1242 3726 1278 3799 in
1305 3726 1400 3800 hunc
1420 3729 1498 3805 sen·

285 3830 364 3907 surn
387 3842 514 3899 cuntot
538 3845 643 3911 nens,
668 3818 861 3908 Christum,
887 3819 1042 3895 nuncin
1069 3821 1179 3896 coelis
1202 3821 1405 3918 primarium
1431 3823 1500 3921 spi·

287 3922 419 4012 ritum,
432 3847 538 4015 suff}
565 3940 709 3992 carnem.
762 3915 847 3989 Illud
871 3941 954 3989 nunc
980 3915 1073 3988 enim
1090 3940 1160 3990 non
1185 3916 1236 3990 est
1259 3915 1296 3987 in
1316 3934 1438 4009 textu,
1463 3940 1503 3998 et

265 4000 418 4103 'verbm
439 4016 503 4112 qui
524 4019 662 4110 primum
680 4027 754 4086 erat
777 4008 937 4108 spiritus,
963 4010 1054 4082 clare
1071 4030 1254 4107 exponunt
1276 4011 1502 4093 existentiam·

284 4116 473 4213 ejurante
504 4108 803 4194 incarnationem
844 4129 889 4179 ne
921 4106 1068 4200 reliquas
1101 4107 1239 4205 phrases
1272 4105 1306 4178 id
1339 4130 1411 4182 non
1442 4111 1503 4185 ad·

287 4210 438 4287 mittere
462 4205 588 4281 dicam.
639 4226 671 4278 2.
702 4205 758 4278 Ex
781 4201 886 4275 Plinii
922 4202 1094 4277 notissima
1120 4227 1176 4300 ep.
1202 4203 1246 4277 de
1273 4202 1478 4276 Christianis

286 4310 314 4383 J.
340 4307 386 4381 X.
411 4328 468 4400 ep.
494 4324 560 4395 97,
601 4302 679 4373 luce
709 4298 900 4373 meridiana
932 4298 1055 4373 clarius
1085 4298 1155 4390 est,
1194 4259 1504 4409 Christumfuissh

284 4402 436 4481 Deuma
453 4395 661 4475 Christianis
684 4396 931 4602 agnitquet
954 4397 1184 4479 celebratum:
1217 4393 1307 4472 dicrt
1330 4414 1505 4592 eremos

891 4511 961 4588 qr
1427 4510 1511 4596 ro,
