3609 5500
727 929 734 940 ’
850 929 961 1022 Serul.
984 921 1041 1019 ΙῘ.Ι
1471 953 1550 1050 103

316 1117 685 1220 neredogmau,·rts
702 1141 765 1217 ut,
794 1119 920 1225 siquis
939 1124 1072 1225 Script.
1096 1124 1131 1202 S.
1159 1143 1298 1219 careat,
1324 1125 1451 1203 instrui
1468 1133 1548 1226 pos·

336 1223 379 1311 *t
397 1237 435 1291 ex
456 1218 668 1311 traditione,
693 1221 861 1296 lihabeat
889 1226 1019 1320 Script.
1046 1226 1105 1313 S.,
1131 1220 1248 1296 minus
1267 1224 1427 1322 indigeat
1443 1225 1549 1302 tradi-

304 1311 501 1392 taurinus.
552 1315 718 1412 Denique
746 1343 775 1393 e.
800 1318 929 1415 Script.
955 1323 990 1393 S.
1016 1338 1054 1393 et
1080 1317 1288 1392 traditiones
1309 1322 1426 1394 secum
1453 1323 1549 1397 lucu·

351 1423 446 1482 nter
467 1432 672 1509 comparat,
705 1432 744 1485 et
767 1416 932 1510 exemplo
966 1415 1134 1504 illustrat,
1169 1438 1238 1511 quo
1266 1439 1413 1512 regnum
1437 1418 1548 1493 mille·

293 1503 489 1598 uarium,
505 1532 551 1583 ex
568 1506 698 1606 script
723 1511 758 1584 S.
783 1512 992 1606 probatum,
1017 1535 1065 1585 ex
1084 1510 1314 1585 traditionea
1339 1511 1548 1608 Papia-com

285 1584 481 1696 firmari,
505 1601 644 1680 adserit.
1315 1693 1318 1700 ¹

287 1705 291 1710 '
378 1695 414 1795 3.
435 1700 532 1784 Llll.
569 1721 602 1773 2.
628 1702 762 1774 Contra
784 1700 985 1777 haereticos
1009 1723 1080 1776 non
1106 1721 1177 1775 tam
1204 1723 1251 1774 ex-
1269 1701 1461 1777 traditione
1478 1700 1546 1777 dis·

327 1807 431 1868 urat
447 1796 630 1885 irenaeus,
664 1819 766 1892 quam
786 1796 987 1893 Scriptura,
1021 1797 1109 1872 teste
1133 1796 1299 1871 universo
1321 1801 1396 1896 ejus
1421 1820 1545 1893 opere.

281 1907 338 1986 ἢ,
367 1890 577 1965 raditiooum
600 1889 718 1963 obiter
741 1910 874 1967 tautum
898 1891 1081 1984 meminit,
1124 1913 1161 1965 ut
1190 1916 1332 1985 eorum,
1366 1893 1409 1967 ad
1437 1893 1545 1968 tradi·

283 1981 447 2060 t*laenres
460 1986 534 2060 suas
547 1985 843 2082 provocantium,
868 1989 1030 2062 retundat
1046 1988 1297 2085 adrogantiam.
1348 1990 1454 2064 Unde
1471 1987 1547 2084 est,

334 2081 427 2156 uod
452 2081 630 2171 inculcet,
665 2081 879 2156 traditiones
910 2106 982 2158 non
1017 2083 1086 2158 eise
1112 2083 1303 2157 Catholicis
1329 2081 1544 2174 contrarias,

305 2176 396 2274 gd
413 2199 469 2252 aas
490 2181 534 2252 ab
560 2175 724 2251 Ecclesris
747 2178 978 2274 Apostolicis,
1004 2177 1072 2256 ubi,
1087 2179 1152 2278 ipsi
1178 2182 1374 2253 docuerunt
1391 2179 1545 2277 Aposto-

286 2252 346 2334 h
374 2291 438 2360 ‚et
457 2272 627 2349 contiuua
651 2271 722 2346 suit
744 2273 999 2372 Episcoporum
1024 2274 1206 2366 succeffio,
1239 2275 1308 2349 else
1325 2276 1544 2370 repetendas.

289 2343 420 2444 Hoc
447 2368 567 2444 obiter
599 2366 794 2464 adscripto,
834 2372 877 2445 ad
917 2368 1250 2445 demonstrationem
1287 2393 1308 2442 e
1345 2370 1474 2465 script.
1508 2367 1544 2446 S.

288 2461 460 2615 Pergit.
519 2487 553 2560 3.
585 2464 753 2561 Denique
784 2464 920 2539 adverti
953 2466 1091 2554 velim,
1132 2464 1302 2559 ejusmodi
1337 2464 1546 2540 traditione

320 2569 511 2634 unacum
534 2558 726 2656 praecipue
744 2559 781 2631 in
799 2561 910 2634 oculis
927 2559 1102 2650 habuisse,
1129 2583 1216 2656 quae
1248 2582 1318 2632 non
1343 2583 1408 2655 per
1425 2584 1547 2636 manus

284 2647 532 2744 traduntur,
557 2654 615 2728 sed
632 2678 715 2752 quas
731 2652 834 2728 testes
849 2655 999 2745 oculati,
1025 2658 1081 2730 vel
1099 2679 1220 2730 eorum
1236 2654 1396 2753 discipuli
1407 2713 1417 2745 ,
1428 2654 1544 2756 'scrip—

284 2743 379 2819 to
397 2750 664 2848 consignarunt,
689 2751 742 2824 uti
766 2753 873 2825 modo
897 2753 943 2827 de
967 2753 1108 2850 ignatio
1125 2751 1318 2845 observavi.
1368 2753 1472 2852 Quod
1491 2755 1547 2852 ip·-

284 2826 369 2913 se
396 2846 439 2921 de
460 2848 570 2921 Clem.
596 2846 727 2937 Rom,
760 2869 802 2919 ac
828 2848 1043 2945 Polycarpo,
1081 2850 1103 2923 l.
1129 2850 1195 2920 1-11:
1224 2870 1277 2942 3.‚
1309 2865 1347 2920 et
1372 2855 1416 2921 de
1440 2850 1545 2944 Papia

382 2942 505 3018 V.s1n.
525 2941 683 3017 notavit.¹
728 2940 855 3039 Quales
870 2944 1080 3017 traditiones
1103 2945 1223 3037 utique
1249 2966 1325 3023 non
1346 2941 1424 3014 sunt
1448 2942 1543 3037 sper·

288 3036 486 3129 tlendae,
525 3061 593 3110 nec
619 3060 700 3110 cum
730 3036 1001 3112 Pontificiorum
1034 3037 1163 3132 aliquid
1187 3038 1318 3107 habent
1342 3056 1542 3116 commune.

381 3154 418 3207 ec
442 3154 561 3208 tamen
591 3131 727 3204 inficias
750 3130 899 3224 iverim,
925 3135 1112 3204 Irenaeum
1135 3127 1282 3202 nimium
1307 3128 1417 3202 fidisse
1437 3132 1543 3207 tradi·

288 3216 506 3319 tionibus,
531 3250 614 3300 cum
633 3227 769 3301 fallaces
785 3226 877 3315 else,
906 3225 1006 3302 varie
1030 3224 1234 3321 depravari,
1266 3221 1411 3297 subinde
1435 3225 1543 3305 etiam

287 3308 441 3419 δῆμ’,
462 3322 668 3422 potuerint3
693 3321 778 3396 lice't
794 3322 897 3414 illud,
930 3319 1088 3418 respedlu
1113 3321 1313 3417 dogmatum
1342 3318 1545 3401 fundamen-

291 3416 471 3509 talium,
497 3436 536 3491 et
562 3415 620 3489 ubi
647 3417 689 3488 ab
712 3415 907 3511 originibus
924 3440 1038 3516 prope
1063 3416 1185 3489 absunt
1205 3414 1429 3504 traditiones,
1453 3419 1543 3499 adeo

285 3496 437 3589 facile
461 3512 541 3589 fieri
565 3510 776 3607 nequiverit.
827 3514 966 3589 Interea
986 3513 1068 3586 illud
1094 3536 1216 3586 verum
1241 3510 1311 3599 est,
1337 3511 1545 3595 traditiones

291 3592 529 3684 dentibus
563 3626 600 3680 et
634 3606 734 3681 fastis
764 3606 941 3684 historicis
973 3608 1116 3682 subinde
1149 3610 1191 3681 ab
1225 3609 1369 3679 Irenaeo
1404 3633 1543 3711 quoque

303 3686 407 3774 flue
427 3704 565 3802 judicio
590 3702 717 3775 critico
743 3701 843 3776 fuilse
868 3706 1057 3793 adsumtas3
1091 3727 1146 3776 ex.
1173 3726 1224 3799 gr.
1250 3702 1332 3791 ubi,
1365 3704 1542 3784 Christum
1617 3799 1619 3802 ¹

302 3802 780 3969 -Etllzdllzszlsls
802 3796 1463 3990 {leqliluinllistlriffullalldael
1481 3826 1542 3879 ω

1222 3947 1233 3981 ²

385 3988 413 4085 s.
435 3992 539 4064 LIV.
571 3991 629 4061 De
655 3948 837 4062 Clemente
863 3991 965 4064 Alex.
990 3989 1103 4063 refert
1128 3987 1207 4063 Eos.
1234 3987 1283 4060 H.
1312 3988 1549 4091 VI:,13.ip·

323 4062 408 4159 sum
438 4086 477 4159 in
506 4085 567 4159 lib.
591 4087 629 4155 de
644 4083 806 4175 Pasrlrute
821 4083 959 4176 testari,
984 4085 1020 4160 se
1043 4081 1304 4159 asamiliaribus
1321 4082 1423 4160 fuisse
1447 4111 1543 4163 com·

330 4178 488 4271 aurum,
514 4197 552 4253 ut
577 4178 759 4276 rogassem
782 4183 993 4270 traditiones,
1016 4205 1098 4276 quas
1122 4180 1327 4275 abantiquis
1348 4188 1546 4278 presbyteras

334 4282 528 4376 “coeperam
546 4276 673 4372 scripto
698 4275 894 4351 mandaret:
921 4275 980 4349 sed
1005 4300 1093 4372 quae
1116 4273 1192 4349 illae
1214 4273 1366 4363 suerint,
1399 4294 1437 4348 et
1461 4300 1543 4371 qua·

396 4428 411 4466 ,
439 4374 525 4450 licet
549 4394 625 4449 non
646 4372 767 4468 addat,
797 4372 977 4544 plusqpam
1000 4369 1197 4466 probabile·
1213 4368 1301 4448 mihi
1315 4369 1387 4461 erit,
1421 4373 1545 4479 easarl

933 4488 1029 4543 eea
1465 4486 1554 4547 ntus
