3609 5500
318 921 386 996 182
695 910 846 1012 mstoria
863 911 998 1016 iceles.
1025 914 1141 1017 Clirill.
1600 869 1604 878 Ι

317 1088 357 1168 iu
384 1087 555 1167 mandatis
577 1086 697 1183 dedit,
741 1110 782 1166 ut
805 1092 889 1169 inde
913 1093 984 1172 sese
1007 1096 1233 1196 proriperet,
1273 1114 1312 1171 et
1333 1094 1376 1171 ad
1401 1095 1539 1174 Gentes

315 1187 395 1264 luce
419 1186 592 1285 euangelii
621 1187 831 1264 illustrandas
855 1211 1032 1283 verteret,
1073 1194 1156 1269 nn.
1183 1192 1300 1267 XXII:
1329 1215 1384 1288 17.
1433 1193 1535 1298 Quae

316 1283 440 1358 ultima
465 1283 535 1358 suit
557 1284 631 1393 ejus
658 1285 803 1361 vocatio
837 1289 880 1362 ad
904 1287 1136 1387 apostolatum
1163 1288 1257 1363 inter
1284 1281 1421 1364 Gentes
1448 1300 1534 1389 obe<

316 1382 459 1456 undum.
509 1384 575 1453 Cui
599 1380 784 1457 obsecutus
817 1383 900 1457 iude
926 1410 1006 1459 cum
1030 1387 1184 1463 Barnaba
1209 1384 1317 1460 rediit
1339 1384 1530 1460 Antiochi·

314 1501 393 1567 um,
418 1476 574 1551 adsumto
591 1476 753 1573 Johanne
775 1481 906 1554 Marco
922 1480 1004 1557 Abi.
1030 1483 1112 1557 Xll:
1141 1505 1198 1574 25.
1224 1500 1261 1555 et
1273 1480 1403 1578 julius
1430 1481 1534 1557 iritur

315 1576 353 1648 S.
387 1577 431 1649 ab
462 1572 616 1647 Ecclesia
647 1573 802 1649 dimissus
835 1577 906 1668 est,
948 1577 991 1652 ad
1024 1577 1242 1677 euangelium
1279 1579 1372 1651 inter
1396 1508 1532 1655 genter

313 1669 623 1843 ppomulgandum:
651 1670 710 1744 ubi
735 1671 851 1746 obiter
874 1691 1038 1764 notetur,
1074 1673 1167 1772 quod
1189 1670 1311 1772 postea
1338 1673 1412 1748 usui
1437 1673 1529 1764 erit,

362 1769 457 1841 ulum
484 1783 520 1838 et
546 1767 756 1857 Barnabam,
794 1767 881 1842 licet
914 1793 936 1843 a
958 1769 1093 1866 Spiritu
1119 1771 1155 1844 S.
1179 1787 1346 1859 vocatos,
1384 1766 1486 1846 fuisse
1506 1792 1534 1850 a

314 1862 428 1940 tribus
445 1861 653 2033 prophetis,
671 1862 751 1959 post
762 1862 896 1961 jejunia
915 1884 952 1937 et
970 1888 1114 1975 preces,
1139 1887 1204 1962 per
1220 1863 1436 2033 ippiiſsrionem
1453 1888 1528 1939 ina·

313 1982 424 2035 nuum
441 1982 512 2031 emi
542 1983 599 2046 os,
616 1958 659 2033 ad
676 1959 896 2058 euangelium
913 1960 1214 2051 adnunciandum,
1251 1979 1326 2035 icut
1342 1985 1426 2036 mox
1443 1984 1534 2038 cumi

313 2054 519 2134 memoratis
542 2054 648 2130 sociis
681 2054 856 2150 adgressus
878 2053 930 2128 est
954 2056 1100 2145 facere,
1139 2055 1220 2132 Adi.
1245 2051 1348 2133 XIII.
1395 2058 1430 2132 Α
1478 2055 1534 2131 uo*

206 2173 220 2210 ⁴
313 2172 477 2251 tempore
502 2149 630 2249 incipit
663 2150 799 2247 epocha
829 2152 988 2226 laborum
1014 2151 1128 2244 Pauli,
1170 2170 1334 2250 tanquam
1363 2082 1533 2250 Apolloli

313 2248 505 2330 Gentium:
532 2269 680 2344 quorum
703 2246 869 2322 notitiam
885 2249 996 2340 dabo,
1021 2247 1083 2324 ubi
1107 2247 1152 2321 de
1176 2247 1432 2347 propagatione
1454 2249 1530 2323 Ec·

311 2346 434 2424 desire
454 2342 628 2441 agendum
659 2341 728 2419 est:
767 2344 867 2440 gessit
891 2367 1030 2443 quoque
1056 2345 1098 2420 ab
1126 2368 1171 2418 eo
1196 2363 1359 2440 tempore
1386 2367 1522 2422 nomeu

310 2445 434 2532 Pauli,
459 2440 541 2515 loco
556 2439 672 2530 Sauli;
696 2439 878 2516 occasione
896 2438 1135 2518 conversionis
1153 2440 1268 2536 Sergii
1285 2442 1402 2529 Pauli,
1417 2463 1526 2538 prae·

309 2537 392 2620 sidia
415 2539 659 2612 Romanorum
685 2535 723 2610 in
746 2535 856 2611 insula
881 2539 1024 2648 Cypro,
1066 2535 1199 2633 quippe
1223 2535 1441 2626 Romanum,
1483 2553 1524 2611 ec

308 2633 351 2714 iii
382 2632 517 2730 signum
543 2630 701 2707 civitatis
726 2633 908 2707 Romanae
930 2631 996 2728 ipsi
1023 2631 1165 2720 datum,
1201 2629 1296 2710 licut'
1309 2632 1404 2707 Sauli
1427 2630 1530 2712 iudi·.

309 2729 407 2813 cium
431 2747 507 2805 erat
534 2728 681 2824 originis
698 2728 894 2803 Hebraeae.
942 2726 1076 2825 Utique
1094 2727 1180 2802 Luc.
1207 2723 1287 2802 Aci.
1312 2728 1412 2803 XIII.
1438 2752 1533 2819 eum,

309 2844 397 2904 tuuc
423 2823 553 2923 incipit
586 2825 658 2900 hoc
691 2825 836 2899 nornine
870 2823 1072 2898 constanter
1093 2823 1274 2922 adpellare.
1323 2823 1529 2899 Gesseritne

306 2925 382 3035 jam
408 2940 492 2994 ante
523 2918 627 3011 illud,
668 2919 802 3016 duplici
834 2920 980 2993 nomine
1011 2919 1103 2994 Sauli
1129 2940 1166 2994 et
1198 2919 1292 2993 Pauli
1316 2917 1380 2994 insi
1430 2919 1523 3014 itus,

310 3039 509 3109 nucerium,
549 3016 635 3092 licet
659 3038 802 3089 amore
826 3017 1038 3113 Judaeorum
1067 3016 1140 3112 ejus
1173 3015 1342 3111 temporis
1398 3015 1523 3092 ienum

311 3141 386 3198 non
403 3113 455 3190 fit.
503 3113 572 3189 Sed
588 3113 819 3192 fundamento
844 3132 943 3185 caret
967 3110 1092 3208 opinio
1115 3108 1246 3185 eruditi
1272 3109 1343 3184 viri
1359 3110 1410 3183 La
1429 3113 1520 3207 Cro·

311 3238 357 3297 ze
380 3212 418 3287 in
444 3209 605 3285 thesauro
630 3207 740 3305 Epist.
765 3208 899 3282 Lacroz
927 3228 951 3282 t.
977 3209 1042 3282 ΙΙΙ.
1073 3228 1290 3303 praenomen
1318 3204 1425 3279 Tertii
1451 3206 1520 3316 ipsi

361 3331 451 3402 oque
484 3304 689 3380 adhaefilie:
734 3302 861 3376 Tertius
895 3304 1015 3392 enim,
1047 3304 1133 3376 licet
1163 3302 1258 3378 inter
1320 3324 1525 3379 raeuomina

349 3424 463 3475 ornan.
497 3417 675 3486 occurrat,
717 3399 878 3491 nusquam
902 3398 1008 3469 Paulo
1039 3396 1137 3470 datus
1170 3395 1240 3485 est,
1320 3419 1390 3474 oni.
1414 3398 1528 3473 XVlt.

310 3518 394 3671 fili
412 3492 699 3684 ellll‘lill
717 3488 1523 3687 elililllillllilellliridi?

707 3641 716 3676 ‚
1504 3626 1520 3644 .

310 3685 466 3784 scripsit,
489 3702 528 3755 ut
552 3681 679 3777 diserte
702 3680 849 3759 additur.
1137 3643 1148 3680 '

356 3783 388 3883 s.
415 3780 578 3856 CLXIV.
612 3777 763 3869 Itinera,
790 3779 906 3878 gesta,
932 3800 969 3854 et
993 3780 1063 3856 satu
1088 3780 1184 3857 Pauli
1209 3802 1289 3855 cum
1313 3778 1456 3879 postea,
1479 3796 1526 3855 ut

306 3881 409 3970 diiii,
448 3896 665 3949 enarraturus
686 3875 768 3967 liin,
809 3877 871 3951 hic
895 3877 1160 3977 chronologiam
1185 3900 1326 3966 eorum,
1371 3896 1408 3949 et
1434 3899 1522 3973 epo·

307 3979 414 4055 cham
438 3972 674 4047 conversionis
697 3978 791 4073 ejus,
811 3972 916 4049 unde
941 3976 1073 4072 reliqua
1097 3971 1319 4070 dependent,
1346 3970 1516 4046 constitu·

307 4095 388 4163 am,
419 4086 585 4165 quantum
609 4069 687 4153 fieri
712 4066 829 4166 potest
851 4072 1092 4167 probabiliter.
1145 4067 1243 4143 Cerri
1269 4067 1364 4142 enim
1388 4067 1433 4140 ali
1459 4065 1522 4142 uid

302 4169 375 4250 'vix
399 4165 533 4264 poterit
555 4163 714 4254 deliniri,
747 4166 861 4240 minus
882 4185 1032 4264 propter
1055 4163 1206 4240 diversas
1229 4163 1427 4238 Doslorum
1476 4191 1518 4262 y·

337 4262 484 4344 otheses.
518 4259 715 4333 Secundum
731 4284 844 4335 meam
859 4259 1065 4337 sententiam
1075 4315 1086 4352 ,
1107 4285 1210 4360 quam
1231 4283 1311 4334 cuni
1329 4260 1528 4353 Pearsono,
1630 4328 1631 4337 ,

146 4329 151 4337 .
307 4439 319 4461 .
350 4362 500 4459 intinge,
523 4375 561 4434 et
586 4355 681 4451 diis,
704 4357 931 4443 communem
955 4357 1094 4455 liabeo,
1118 4356 1179 4457 qui
1203 4355 1336 4459 consuli
1358 4354 1531 4532 millii}
1627 4392 1632 4479 ,³

310 4530 317 4541 .
1626 4492 1632 4529 l
