3609 5500
277 973 350 1062 »οε
674 957 1121 1075 maronem-mni.
1201 989 1203 994 ·

276 1150 427 1243 nulus,
468 1154 623 1229 veritatis
644 1150 761 1253 lastis:
800 1153 850 1229 ita
874 1156 1061 1244 Irenaeus,
1093 1155 1116 1229 l.
1140 1151 1207 1229 111.
1230 1167 1269 1227 et
1292 1172 1340 1229 ex
1361 1173 1408 1227 eo
1432 1150 1508 1228 Eu:

191 1318 196 1330 .
278 1249 350 1323 seb.
385 1251 436 1325 H.
459 1249 500 1325 Ε.
536 1251 563 1361 Ι.
584 1252 637 1323 lll
661 1269 699 1323 et
728 1251 796 1325 lV.
816 1250 1004 1361 'prolixius
1035 1249 1157 1366 retulit
1189 1249 1365 1348 Epiphan.
1400 1250 1501 1324 haer.

305 1346 725 1552 midissel?
740 1346 1506 1552 lillslilsllfliiflsnsstl

279 1535 432 1613 definire
454 1562 516 1613 viii
542 1537 697 1636 poitum:
729 1559 811 1613 cuni
833 1563 854 1613 a
875 1539 1094 1635 Polyoerpo,
1128 1539 1506 1636 Johannisauditore,

278 1631 363 1708 illud
381 1655 522 1732 repetat
539 1639 722 1725 menaeus,
746 1631 818 1707 salsi
834 1656 983 1731 arguere
1011 1657 1085 1708 non
1101 1633 1228 1725 ausun3
1252 1635 1405 1709 maxime
1418 1657 1506 1709 cuni

275 1729 459 1830 Juliannes
495 1732 617 1900 allon.
648 1755 702 1804 io,
736 1730 936 1803 haereticos
958 1728 1101 1819 [alatari
1124 1759 1165 1807 ac
1189 1735 1223 1804 iit
1246 1733 1371 1805 doraum
1395 1732 1504 1827 recipi

279 1826 382 1900 nolit.
430 1827 535 1901 Redo
548 1845 586 1898 et
621 1846 737 1899 tamen
771 1824 917 1899 nimiam
950 1827 1230 1923 simplicitatem,
1272 1846 1310 1900 et
1336 1826 1505 1923 spiritum

278 1919 394 1994 minus
425 1920 699 2023 Apostolicum3
740 1918 835 1996 forte
867 1919 978 1995 simile
1013 1924 1098 2091 guid
1131 1921 1281 2021 protulit
1313 1921 1506 2019 aliquando

279 2015 461 2117 {ohannes
486 2018 531 2093 de
547 2016 723 2093 Cerintho
746 2016 915 2108 vitando,
940 2041 1012 2116 quo
1059 2017 1228 2117 deinceps
1251 2017 1290 2091 in
1311 2018 1405 2093 hanc
1428 2017 1508 2092 for·

277 2135 373 2190 mani
405 2117 449 2190 ab
472 2114 548 2190 aliis
575 2110 626 2187 est
650 2112 807 2188 relatum.
857 2134 891 2189 2.
919 2112 1038 2189 Genio
1087 2116 1256 2204 ohannis,
1296 2132 1335 2187 et
1360 2111 1505 2190 siritui

276 2205 921 2400 {sdiiiipllifsiilllilsil
944 2210 1044 2380 lis
1090 2215 1311 2380 cissimis?
1336 2206 1506 2381 “nillil

277 2364 446 2492 neilute,
471 2362 545 2475 non
567 2398 681 2498 posset
706 2399 867 2496 proferre
890 2361 1020 2491 n’erba,
1045 2360 1150 2499 paulo
1164 2331 1260 2477 'aine
1285 2330 1438 2476 iimitem
1464 2400 1507 2481 in

276 2495 435 2572 Ecclesia
453 2495 598 2586 dixisse,
617 2495 742 2606 filioli!
764 2497 888 2593 diligite
912 2499 1182 2574 alterutnum:
1206 2498 1507 2594 modo-majorem

278 2589 448 2684 haberet,
491 2616 567 2666 uain
578 2593 793 2690 Hieronymi
811 2591 1053 2667 testimonium
1070 2594 1208 2669 adferre
1218 2592 1356 2692 potest,
1379 2590 1505 2669 meto·

280 2686 436 2764 ritatem.
511 2687 606 2762 otuit
621 2685 745 2785 utique
762 2689 846 2764 illud
865 2712 911 2764 ex
921 2688 1031 2785 Epist.
1049 2689 1239 2785 Johannis,
1287 2714 1353 2765 uae
1368 2688 1506 2788 ubique

278 2783 373 2861 hanc
391 2782 600 2860 charitatem
626 2783 778 2880 spirant,
804 2785 982 2954 orifinem
999 2784 1166 2862 habuisse.
1220 2811 1253 2882 3.
1320 2810 1362 2860 ec
1385 2785 1425 2860 in
1448 2785 1504 2860 fa·

279 2879 342 2958 cili
368 2879 440 2971 est,
470 2878 644 2977 judicium
670 2880 765 2954 ferre
789 2881 833 2954 de
872 2880 1019 2979 iugulari
1043 2880 1245 2973 historiola,
1278 2906 1345 2979 qua
1368 2881 1505 2957 adoles

278 2999 423 3056 centem
459 2980 502 3051 ab
535 2974 611 3050 iso
647 2978 874 3068 conversum,
916 2998 954 3051 et
987 2980 1156 3074 Smyrnae
1184 2979 1364 3074 Episcopo
1400 3000 1504 3053 conr·

282 3076 507 3164 mendarum,
548 3072 591 3147 ed
615 3072 743 3148 deinde
766 3073 873 3150 afide
895 3074 1142 3166 deficientem,
1167 3097 1209 3148 ac
1226 3074 1416 3149 latronibus
1441 3073 1504 3147 ad·

154 3174 162 3195 '
279 3173 474 3261 sociatum,
500 3167 661 3267 singulari
688 3171 816 3263 modo,
842 3195 922 3245 eum
948 3170 1127 3260 adeundo,
1152 3171 1324 3245 reduxisse
1342 3186 1505 3244 narratur

280 3269 326 3345 ad
350 3265 629 3366 poenitentiam,
654 3285 693 3341 et
719 3269 1003 3344 communionem
1028 3266 1214 3340 Ecclesiae.
1264 3264 1383 3341 Exstat
1407 3263 1505 3362 apud

282 3369 505 3442 Clementem
539 3363 639 3434 Alex.
676 3364 766 3436 libro
794 3363 926 3449 citato,
967 3381 1005 3433 et
1035 3385 1081 3434 ex
1105 3385 1150 3434 eo
1181 3384 1199 3433 a
1228 3363 1271 3435 ud
1296 3363 1420 3436 Euseb.
1449 3362 1503 3437 H.

278 3464 324 3541 E.
349 3463 370 3534 l.
397 3460 461 3531 lll:
491 3479 548 3549 23.
599 3456 732 3553 Incipit
755 3477 872 3530 autem
893 3457 1054 3530 Clemens
1079 3476 1317 3531 narrationem
1341 3458 1397 3530 his
1412 3479 1505 3530 ver·

282 3557 357 3637 bis:
400 3549 670 3643 audifalulam,
710 3576 789 3647 quae
812 3550 882 3648 ipsa
907 3576 967 3624 non
981 3548 1111 3645 fabula
1136 3552 1202 3647 est,
1236 3554 1299 3649 sed
1320 3579 1398 3627 aera
1420 3577 1504 3626 nar·

272 3657 378 3733 ratio.
432 3645 536 3721 Unde
572 3647 691 3745 colligi
724 3647 859 3744 pollet,
901 3646 1009 3720 simile
1043 3648 1184 3744 quidem
1218 3649 1348 3746 aliquid
1383 3647 1506 3726 eirea

308 3749 446 3822 ohanne
473 3741 621 3831 facium,
661 3742 719 3816 sed
742 3743 866 3817 fabulis
899 3742 1118 3819 adornatum.
1168 3767 1203 3833 4.
1229 3747 1313 3820 Nec
1338 3745 1504 3819 severum

281 3750 518 4019 illlis}
542 3841 913 4011 elilil’slsiiei
930 3839 1502 4036 lllllss’vsplltl'nsrlt·

280 4037 348 4115 iffe
380 4030 615 4120 sacerdotem,
660 4052 697 4105 et
732 4032 875 4129 gestasse
909 4037 1041 4107 nirano
1075 4037 1245 4123 laminam,
1287 4032 1425 4108 scilicet
1460 4031 1501 4108 in

280 4133 405 4212 fronte
468 4124 573 4225 Quod
596 4126 659 4201 nisi
683 4128 830 4228 mystice
855 4130 1032 4225 capiatur,
1076 4128 1127 4201 uti
1154 4132 1333 4220 nonnulli,
1376 4127 1502 4202 nescio

283 4231 454 4313 anbene,
480 4221 776 4316 interpretantur,
800 4225 863 4299 viii
883 4224 1023 4299 admitti
1052 4224 1191 4321 potest,
1217 4250 1296 4300 cuni
1322 4229 1364 4300 ab
1381 4224 1500 4320 Apos-

138 4318 146 4333 ’
260 4326 361 4420 ,tolo
395 4321 445 4395 sit·
465 4316 615 4390 alienuin
640 4339 882 4395 ornamentum
915 4319 1069 4417 gestare,
1112 4320 1156 4398 ad
1191 4322 1407 4397 sacerdotem
1436 4320 1500 4415 Ju-

282 4421 425 4502 daicuru
448 4412 641 4517 pertinens
688 4417 869 4513 Accedit,
892 4416 1001 4494 simile
1023 4416 1108 4520 quid
1131 4418 1176 4499 de
1199 4414 1502 4591 Jacobobfratre

271 4562 286 4599 a
904 4578 938 4591 ·-
1386 4534 1504 4593 Omlm
