3609 5500
693 971 697 979 ’
785 959 954 1049 Saeuis·
1412 918 1496 1075 ior·

283 1145 1486 1355 §stilistasslsisillusis{llsll‘aillzuillls

284 1343 777 1513 pparifflttqug
798 1341 1067 1511 {selis-ld
1082 1343 1484 1516 fl¹llsl¹¹³ll¹llllnell··

286 1464 540 1631 Episcvoapiatum,
556 1463 903 1643 ,oum'jdilrerlfiones
928 1533 1072 1621 ssmiles,
1116 1532 1239 1627 quibus
1263 1533 1308 1643 itt·
1324 1465 1479 1617 Edcldlsid

283 1631 492 1705 Corinthiaco
519 1629 607 1702 oltm-
642 1631 807 1703 dicebant
843 1651 907 1722 ego
925 1629 1006 1725 sum
1033 1628 1137 1700 Pauli·
1167 1647 1237 1704 ete.
1271 1653 1475 1730 vigerent3

284 1723 350 1801 licut
369 1727 442 1801 hoc
462 1746 624 1821 tempore
647 1725 777 1799 fastum
804 1722 865 1797 est.
1168 1807 1171 1820 ¹

318 1821 549 1921 lccuxffl.
579 1821 716 1909 Primo,
738 1838 783 1893 ut·
800 1819 924 1893 ordine
951 1816 989 1891 irr
1011 1819 1188 1895 sententia
1211 1815 1483 1915 demonstranda
1597 1891 1610 1898 ,

306 1918 469 2006 toeedatn,
493 1913 617 2003 thesis,
642 1938 728 2010 quae
752 1914 966 2011 Episcopos‚
991 1937 1012 1985 a
1037 1914 1252 2015 Presbyteris
1276 1917 1485 2016 distindios,

407 2013 484 2086 hoe
515 2011 699 2083 intervallo
731 2009 898 2101 tenuisse,
938 2009 1064 2101 habet,
1104 2013 1325 2111 sequentibus
1361 2016 1483 2113 super-¹¹

288 2103 456 2184 modest
470 2106 683 2181 rationibus..
725 2128 757 2180 1-.
783 2107 859 2202 Ipsa
875 2105 927 2177 rei
941 2124 1068 2179 tratura·
1078 2106 1149 2182 huc
1167 2109 1325 2183 recidere
1340 2112 1481 2191 debuit·

291 2203 359 2277 Coto
376 2203 469 2278 enim
492 2201 668 2275 Ecclesiae
693 2200 803 2273 essent
827 2200 1084 2296 Apostolorum·
1102 2222 1183 2278 cura
1207 2205 1388 2301 privatae,
1412 2209 1479 2287 vix

293 2295 369 2372 aliter
386 2297 463 2374 lieri
488 2313 652 2393 poterat,
693 2295 776 2393 quin
802 2319 931 2388 eorum·
950 2295 1123 2392 delegati,
1157 2323 1221 2395 per
1248 2326 1340 2398 quos·
1360 2305 1481 2380 omnia

293 2390 608 2485 admdstraverant,
639 2415 695 2465 res
721 2391 995 2487 capelstverirrt,-
1024 2411 1061 2463 et
1085 2393 1171 2465 fixas
1199 2396 1331 2470 alicubi
1353 2400 1480 2494 posue·

291 2485 348 2561 rint
363 2489 473 2579 sedes,
515 2506 595 2561 eta
623 2486 839 2584 presbyteris
858 2511 930 2583 pro·
950 2484 1120 2581 supremis
1146 2487 1212 2562 suis
1244 2493 1486 2588 praesidibus,

289 2599 427 2681 tauquam
447 2584 561 2680 legati
582 2582 829 2678 Apostolorum
838 2626 856 2670 ,·
875 2579 1008 2653 suerint
1033 2583 1167 2679 agniti;
1200 2607 1380 2682 praeterea
1408 2591 1488 2667 hoc'

288 2684 463 2781 exemplum
505 2678 659 2788 reliquae
691 2678 865 2752 Faecleliae
896 2677 1079 2751 sumserint
1119 2678 1338 2758 imitandum.
1401 2687 1482 2789 Qua

287 2778 403 2855 udone
429 2776 621 2872 Episcopi,
646 2775 705 2872 qui
732 2771 922 2870 Apostolos
939 2795 1176 2871 exceperunt,
1211 2776 1313 2851 facile
1336 2778 1481 2857 fiterunt

288 2873 348 2949 otti.
398 2897 439 2949 2·.-
458 2854 860 2967 Septem‘Ecclesrarum
887 2867 990 2943 Asiae
1011 2871 1151 2965 Angeli,
1177 2874 1219 2945 ad
1247 2893 1332 2971 quos
1349 2875 1482 2969 specia-

291 2966 497 3067 discriptae
515 2966 593 3038 sunt
609 2964 776 3059 epistolae
801 2968 916 3062 Apoc.
944 2969 979 3038 ΙΙ
1004 2986 1042 3037 et
1059 2969 1147 3056 ulit,
1173 2967 1230 3040 alii
1251 2969 1312 3041 vix
1328 2968 1438 3042 intelli
1466 2972 1486 3046 iv

289 3063 403 3157 posunt
426 3087 468 3139 ac
492 3062 681 3156 Episcopi,
706 3083 786 3132 cum
812 3061 966 3133 nominis
993 3081 1030 3131 et
1055 3062 1190 3132 numeri
1214 3062 1388 3158 singultus
1414 3068 1480 3142 ulra

290 3176 420 3254 nequeat.
449 3157 548 3232 reddi
586 3157 674 3228 ratio
708 3155 939 3227 commodiore
997 3154 1140 3226 Totum·
1166 3155 1260 3226 enim
1300 3161 1482 3259 presbyte-

293 3250 381 3345 rium,
423 3255 496 3329 uod
511 3252 623 3323 voluit
640 3251 829 3342 Brigtman.
855 3249 897 3321 ad
915 3251 984 3343 Ap.
1011 3250 1039 3319 l‘:
1062 3272 1139 3337 202,
1167 3247 1317 3343 intelligi
1337 3255 1480 3349 nequit,

293 3348 394 3425 titire
495 3347 651 3421 advertit
697 3348 806 3420 Ulser.
858 3347 897 3417 de
929 3342 1158 3439 Episcoporum
1200 3362 1233 3417 et
1275 3349 1490 3444 Metropolitt

291 3444 436 3542 origene..
474 3443 529 3516 Ex
555 3466 626 3537 quo
651 3444 818 3538 colligere
844 3441 948 3531 licet,
980 3461 1141 3534 tempore
1167 3441 1385 3534 Domitiani,
1411 3470 1493 3543 quo·

292 3536 383 3634 Apoc.
423 3540 552 3635 scripta
588 3536 668 3626 est,
708 3537 903 3631 Episcopos
943 3537 1006 3608 ’am
1040 3535 1239 3612 obtinuisse.
1295 3542 1482 3636 Ceterum,

295 3651 353 3708 tum
371 3647 462 3735 quae
485 3639 523 3707 in
543 3633 726 3728 Episcopis
749 3560 1071 3727 reprehenduntur,
1096 3651 1135 3704 ut
1160 3631 1196 3703 id
1223 3631 1340 3707 obiter
1361 3641 1480 3712 obser·

295 3745 373 3821 veut,
396 3756 443 3805 ne
469 3729 545 3826 quis
568 3729 609 3800 ad
637 3728 671 3799 id
700 3728 944 3815 obhaerescat‚
970 3727 1133 3799 Ecclesris
1159 3725 1239 3821 ipsrs
1264 3753 1400 3827 quoque
1427 3736 1480 3807 irr-

296 3842 460 3915 prtentur‚
486 3823 660 3897 observari
685 3824 811 3909 velim,
836 3824 1036 3917 Episcopos
1060 3846 1105 3893 rre
1132 3822 1273 3918 quidem
1300 3824 1370 3905 stne
1397 3846 1493 3903 corr·-

302 3916 530 4018 sensuquoque
547 3918 687 4013 populi,
713 3919 784 3991 hoc
804 3939 984 4010 tempore,
1010 3915 1138 4010 aliquid
1168 3916 1286 4015 egisse.
1337 3947 1368 4017 3.
1396 3921 1483 4000 Cum

295 4006 438 4116 Episcopi
464 4017 532 4091 sec
558 4017 604 4086 ll.
631 4037 703 4086 non
729 4033 865 4086 tantum
889 4013 1142 4107 apresbyteris
1157 4014 1287 4086 fuerint
1307 4016 1482 4113 distincti,

297 4103 336 4184 lod
357 4134 391 4188 et
413 4113 505 4188 haud
530 4110 656 4205 exigua
681 4108 852 4205 potestate
875 4131 918 4179 ac
943 4111 1132 4181 autoritate
1156 4111 1363 4205 polluerint,
1414 4117 1481 4185 uti·-

298 4222 347 4295 que
371 4209 407 4282 in¹
434 4204 596 4285 Ecclesris
621 4205 805 4295 Asiaticis,
837 4203 1124 4300 quemadmodum
1154 4227 1197 4277 ex
1220 4207 1328 4302 Epist.
1356 4208 1484 4301 Ignatii

295 4304 445 4390 poleos
472 4304 613 4398 utique,
654 4300 747 4373 inter
782 4324 868 4397 quos
902 4322 959 4401 me
994 4301 1184 4392 profiteor,
1226 4303 1360 4398 (loquo
1400 4304 1480 4398 poll'

302 4402 449 4497 touqtti,
466 4423 522 4475 eas
546 4393 716 4493 genuinus
739 4417 886 4495 putant,
913 4395 1020 4469 dubio
1045 4420 1164 4474 curete
1182 4395 1309 4485 debet3
1329 4397 1401 4491 jam
1426 4421 1499 4472 au·-

831 4513 953 4643 ſslo
1434 4515 1620 4840 torol·
