3609 5500
605 750 612 765 ·
706 789 710 795 ,
739 700 850 787 Secti.
873 708 932 791 rr.
1364 730 1437 825 433

217 881 542 1006 Romano-cathol.
554 884 796 996 contendunt,
812 888 1022 1061 aut'fipnmn
1038 850 1194 989 tantum,
1213 896 1379 997 figulum,
1399 925 1439 982 et

217 1012 366 1089 pignus,
391 988 486 1081 quod
512 984 708 1056 Reforman
732 990 897 1078 volunt,
923 990 967 1061 ed
992 1014 1029 1064 m
1058 1014 1123 1082 eo,
1156 1000 1248 1089 quod
1273 1000 1437 1079 sacrificii

218 1083 348 1161 Christi
373 1079 580 1153 memoriam
602 1102 776 1172 renovet,
807 1104 849 1155 ac
873 1084 1021 1179 gratiam
1055 1087 1287 1184 invisibilem,
1329 1096 1436 1171 instat
1554 1148 1556 1155 ι

215 1180 349 1267 medii,
367 1178 542 1250 conserat.
569 1176 641 1248 =De
663 1200 735 1271 quo
750 1176 983 1253 disserendum
1001 1179 1051 1254 est
1068 1182 1272 1261 distinctius.
1320 1190 1436 1267 Vete-

209 1302 272 1355 res
301 1270 546 1348 eucharistiam
578 1270 761 1367 adpellaffe
785 1289 965 1373 πςοσφομι
994 1280 1183 1353 oblationem
1209 1300 1246 1353 et
1270 1281 1433 1362 sacrifici·

211 1396 295 1460 utn,
320 1367 499 1441 ministros
512 1368 723 1463 sacerdotes,
748 1389 786 1441 et
809 1386 961 1446 mensam
978 1396 1091 1463 oram,
1116 1376 1236 1449 iubens
1251 1381 1432 1475 concedo,

210 1470 317 1544 Tert.
341 1464 386 1537 de
412 1464 511 1537 Orat.
536 1486 567 1538 c.
593 1464 655 1535 uit.
678 1463 826 1555 diserte,
851 1492 950 1541 nortae
962 1466 1125 1564 solennr'ot
1147 1475 1210 1544 erit
1222 1470 1329 1569 statio
1351 1492 1432 1570 tua,

201 1563 240 1661 fi
263 1579 296 1637 rt
327 1563 373 1632 od
392 1582 485 1631 aram
507 1560 574 1630 Dei
586 1557 751 1654 steteris?
775 1562 848 1635 vid.
874 1583 911 1636 et
929 1566 1068 1639 exhort.
1094 1565 1205 1642 castit.
1232 1590 1262 1642 c.
1292 1594 1348 1645 10.
1373 1575 1432 1673 sg-

210 1679 285 1737 nat.
317 1656 356 1728 in
376 1652 485 1749 Epist.
521 1654 643 1747 saepe,
685 1655 739 1727 uti
764 1658 807 1731 ad
832 1658 961 1753 Ephes.
994 1659 1027 1757 s.
1054 1682 1089 1751 5.
1120 1664 1251 1738 Philad.
1276 1664 1308 1765 s.
1333 1689 1368 1757 4.
1392 1686 1432 1745 et

209 1752 305 1833 alibi¹
318 1758 497 1847 spemagna
516 1751 636 1822 altaris
652 1750 837 1827 notionem
853 1754 1008 1828 adhibet.
1059 1755 1311 1835 Eucharistiam
1330 1762 1431 1860 quip-

237 1844 465 1925 eohiatr'onem
484 1865 675 1932 vocarunt,
694 1864 731 1923 et
750 1846 928 1923 ministros
961 1850 1144 1945 acernus,
1171 1856 1223 1928 uti
1240 1857 1331 1931 iren.
1349 1860 1429 1937 adr.

208 1878 308 2023 haer.
339 1946 408 2020 IV:
446 1950 501 2021 18.
536 1962 575 2015 et
606 1938 694 2036 Just.
726 1944 784 2018 M.
813 1968 868 2041 ap.
904 1947 951 2020 Ι.
987 1968 1017 2020 c.
1053 1956 1114 2040 85,
1147 1958 1203 2045 87.
1235 1970 1274 2024 et
1305 1975 1430 2033 contra
1483 2038 1488 2045 ,

156 2086 163 2097 ·
208 2041 351 2141 Trpph.
387 2064 423 2138 p.
457 2044 542 2127 260,
577 2058 659 2144 345.
692 2040 864 2147 ‘ignatius
886 2042 1011 2140 saepe,
1041 2062 1078 2117 et
1102 2067 1215 2121 canon
1239 2046 1364 2145 Apost.
1382 2077 1428 2149 -3,

207 2157 247 2232 4,
274 2146 308 2226 8,
333 2160 392 2233 31,
415 2140 475 2225 46.
501 2156 547 2207 ne
573 2137 659 2207 ahos
690 2154 726 2207 tn
759 2158 798 2209 re
828 2138 936 2227 clara,
977 2160 1066 2233 quae
1099 2144 1321 2217 controverti
1354 2168 1429 2221 non

204 2236 335 2321 debet,
379 2232 499 2305 citem.
546 2227 697 2323 Majoris
728 2229 856 2323 suerit,
899 2254 1023 2306 verum
1057 2232 1158 2331 hujus
1186 2237 1429 2332 adpellationir

202 2324 384 2407 tradidisse
415 2322 642 2398 intellectum.
682 2322 845 2403 ‘Veteres
874 2327 918 2402 de
944 2329 1089 2425 proprie
1122 2328 1170 2404 stc
1199 2330 1296 2407 dicto
1324 2334 1430 2410 sacri·

202 2423 291 2503 ficio
315 2419 492 2519 hilastico,
523 2417 583 2492 seu
608 2417 808 2514 expiatorio
831 2448 897 2519 pro
923 2423 1104 2519 peccatis,
1136 2449 1209 2501 non
1236 2426 1428 2509 intellexis-

202 2522 296 2599 sea.
322 2520 475 2592 ersten.
501 2515 523 2589 s.
540 2516 607 2589 IV:
628 2524 684 2594 18.
709 2516 928 2593 manifestum
946 2516 1018 2609 est,
1044 2520 1175 2617 quippe
1192 2523 1272 2619 qui,
1298 2530 1426 2621 astare,

200 2616 248 2695 ad
271 2615 368 2713 quod
388 2606 675 2687 munera-nostra
698 2610 923 2705 deferuntur,
948 2614 988 2688 in
1003 2618 1112 2689 coelis
1128 2612 1219 2708 effe,
1251 2619 1423 2713 declarat,

204 2734 301 2884 guo,
326 2708 461 2807 inquit,
476 2706 746 2820 ‘paternaliter
772 2728 809 2782 et
835 2713 1012 2820 obsarionts
1036 2712 1230 2822 diriguntur.
1279 2718 1310 2790 b.
1335 2718 1426 2792 Inde

206 2801 697 3070 ιὲἕξῗέἳῐέἒίἒεῖἳῑῗῗῖὲζ
712 2807 1424 3008 iiissihiishhh&fissis211²ss

206 2994 578 3169 ogngdeuchatistiam
602 2991 736 3067 suertnt
760 3014 889 3071 roturtr.
943 2993 1049 3096 Quod
1082 2996 1208 3070 clarius
1241 3019 1424 3095 exponere

203 3119 226 3172 a
338 3115 403 3166 ror.

249 3117 294 3292 ἱ
310 3189 456 3266 CXXII.
488 3181 737 3262 Eucharistiam
767 3209 797 3260 r.
822 3209 889 3284 pro
907 3185 1087 3261 oblatione
1103 3207 1286 3262 munerum
1304 3207 1341 3263 et
1356 3187 1421 3268 do·

203 3309 352 3374 norom,
377 3281 573 3376 insignum
596 3282 688 3379 grati
717 3280 845 3374 animi,
871 3285 1077 3358 habuerunt.
1127 3285 1215 3356 Cum
1239 3285 1333 3357 enim
1357 3308 1422 3382 pa.

204 3407 278 3458 rtem
298 3399 331 3454 et
354 3385 462 3455 vinum
478 3375 608 3474 signum
632 3401 674 3450 ac
690 3377 816 3474 pignos
829 3377 991 3476 corporis
1008 3376 1028 3449 s
1024 3377 1058 3452 ui
1082 3376 1285 3452 instituisset
1302 3382 1421 3458 Chris·

205 3497 285 3565 tus,
310 3475 382 3565 ipsa
409 3475 465 3548 illa
490 3475 663 3549 elementa
687 3473 843 3548 Veteres
861 3473 1121 3548 considerarunt
1139 3491 1299 3570 tanquam
1320 3501 1421 3572 prae.

210 3571 426 3647 stantissnnar
442 3567 512 3641 Dei
538 3587 733 3658 creatorae,
759 3588 798 3642 et
815 3570 946 3644 eximia
969 3567 1038 3642 Dei
1056 3569 1167 3658 dona,
1195 3591 1282 3664 quae
1306 3573 1421 3648 onmi-
1564 3622 1571 3638 .

207 3690 269 3741 um
297 3666 366 3740 Dei
388 3665 641 3740 beneficiorum
665 3667 900 3759 corporalium
926 3664 1071 3760 figuram
1096 3685 1240 3760 gerere,
1275 3685 1312 3739 et
1339 3691 1422 3764 qua.

206 3761 453 3862 siprimiti-ae,
494 3759 628 3856 adspici
653 3761 793 3856 possint.
843 3765 897 3836 Ut
926 3759 1042 3855 itaque
1076 3760 1191 3832 Deum
1224 3780 1422 3842 creatorem
1459 3845 1461 3852 ,

203 3883 249 3934 ac
274 3857 469 3934 nectorem
496 3856 694 3930 beneficum
724 3855 959 3944 celebrarent,
1001 3855 1140 3952 seseque
1174 3875 1271 3951 grata
1302 3881 1423 3934 mente

203 3955 263 4030 illa
284 3953 461 4028 beneficia
482 3951 660 4043 recolere,
691 3949 989 4042 demonstrarent,
1024 3951 1113 4025 haec
1136 3971 1278 4024 munera
1299 3952 1336 4024 in
1369 3955 1422 4029 sa.

203 4047 527 4126 cros-destinarunt
550 4045 648 4135 usur,
687 4065 726 4121 et
748 4047 796 4120 stc
821 4049 904 4119 Deo
936 4045 1029 4143 quast
1062 4045 1269 4120 offerebant.
1320 4045 1422 4154 Quae

203 4145 341 4228 oblatio
346 4143 594 4246 sacerdotibus,
614 4139 675 4221 seu
697 4139 866 4314 rnilpistria
886 4140 1083 4236 sacrorum,
1106 4139 1251 4241 proprie
1270 4140 1349 4312 ῆῖη
1365 4142 1422 4216 di.

733 4307 738 4315 ,
774 4258 882 4338 ppa
935 4269 939 4276 ·
1251 4253 1425 4336 ceatur,
