3609 5500
492 766 506 789 Q

689 819 1129 944 ···siai.iii.÷²2c·2
1304 955 1308 962 ,
1416 879 1532 977 .„,

298 1035 401 1126 ruine
424 1045 615 1124 Catholicis
640 1041 856 1146 inputatam,
897 1044 1081 1146 produilii
1105 1046 1212 1124 etiam
1236 1052 1428 1152 exemplis,
1468 1039 1517 1132 ad

296 1150 468 1245 majorem
490 1143 676 1222 invidiam.
727 1141 938 1238 Exemplum
965 1142 1157 1241 Trophimi
1181 1163 1219 1219 et
1235 1149 1520 1244 thurificatorum,

297 1263 318 1318 a
343 1241 508 1318 Cornelio
534 1240 740 1318 festinanter
754 1260 1000 1349 receptorum,
1025 1264 1095 1338 quo
1111 1239 1187 1338 ipse
1202 1244 1514 1324 Antonianussuit

299 1338 476 1431 offensus,
518 1337 620 1414 etad
645 1335 843 1413 Noratlani
866 1353 985 1433 partes
1012 1335 1220 1421 inclinatur,
1261 1343 1445 1430 erciisatur
1467 1367 1516 1434 eiu

298 1434 499 1535 necqffltoii's
536 1454 667 1510 tantum
693 1435 726 1509 le
751 1453 809 1508 ea
832 1433 1011 1529 Cypriano
1033 1430 1071 1507 in
1088 1433 1154 1530 Ep.
1181 1456 1262 1525 55„
1287 1438 1368 1536 quia
1390 1441 1517 1536 ingena

295 1535 379 1610 alias
407 1530 597 1607 miltitudo·
624 1553 704 1607 cum
775 1527 941 1625 rophimo
973 1526 1092 1605 suiliet
1124 1530 1288 1626 separata.
1337 1534 1422 1611 Nec
1447 1537 1515 1630 aliu

296 1630 444 1706 ‘deerant
467 1629 627 1725 exempla
651 1625 789 1715 similia,
823 1648 917 1701 nova
942 1625 1037 1702 enirn
1061 1620 1211 1701 instante
1237 1628 1510 1725 persecutione,

291 1728 467 1824 lapsorum
493 1725 648 1800 admissio
672 1723 743 1798 suit
765 1722 871 1798 citius
894 1721 1005 1814 facta,
1030 1745 1131 1819 quam
1155 1723 1512 1821 aliaopermittebant

296 1824 394 1933 leges
416 1821 684 1896 Ecclesiasticae.
731 1843 767 1913 4.
794 1818 888 1894 Deni
916 1841 957 1893 ue
983 1820 1142 1892 urserunt
1167 1819 1381 1914 Novatiani,
1406 1824 1510 1898 disci·

296 1921 449 2016 phuam,
482 1942 502 1992 a
515 1917 660 2017 pristina
684 1914 873 1991 severitate
892 1842 1165 2002 debellentem,
1198 1917 1309 2014 magis
1331 1918 1511 2021 magisque

294 2014 419 2091 sen-sim
443 2011 513 2089 else
536 2013 849 2110 corrumpendam,
888 2008 1004 2112 donec
1028 2028 1105 2086 tota
1131 2011 1271 2096 tandein
1298 2016 1510 2110 collabatur,

294 2131 333 2187 et
366 2113 543 2187 intereat:
593 2111 686 2209 quod
723 2105 949 2183 confirmavit
981 2106 1073 2181 haud
1113 2129 1237 2204 parum
1259 2111 1509 2207 'experientia

293 2213 334 2301 β.
350 2207 426 2305 Ipsa
441 2205 617 2306 quaestio,
643 2204 668 2279 si
686 2204 874 2279 secundum
897 2202 1121 2277 dominantes
1134 2204 1236 2299 hujus
1254 2209 1428 2304 temporis
1442 2210 1509 2309 h'yf

289 2306 456 2405 potheses
489 2302 747 2392 consideretur,
778 2297 1088 2375 Novatianismum
1111 2304 1296 2395 magnale
1324 2325 1509 2383 commen*

291 2403 376 2476 dare
405 2400 543 2498 specie,
576 2398 696 2497 negari
722 2396 856 2506 nequit.
906 2398 994 2469 Cum
1020 2395 1115 2469 enim
1142 2393 1343 2492 absolutam,
1376 2419 1414 2475 et
1435 2416 1509 2482 non·

291 2498 556 2596 hypotheticam,
597 2496 657 2568 seu
682 2491 984 2584 conditionatam,
1024 2490 1229 2584 statuerint,
1272 2498 1510 2574 communiter

292 2592 509 2670 Christianos
531 2591 630 2665 inter
655 2589 691 2664 se
714 2589 751 2663 in
771 2586 922 2663 Ecclesia
946 2594 1402 2684 exercerecoiiiiiiunioneiii,
1418 2593 1509 2671 facia

291 2694 326 2768 le
352 2691 435 2766 inde
457 2686 577 2797 colligi
601 2703 764 2784 poterat,
789 2684 904 2774 ¹alios,
934 2707 1000 2783 per
1025 2682 1153 2758 arsiam
1177 2683 1269 2762 illam
1300 2681 1510 2773 societatem

287 2787 371 2873 'cuin
387 2784 628 2885 peccatoribus
644 2780 832 2881 ejusmodi,
867 2779 1123 2856 contaminari:
1156 2783 1249 2880 qu'od
1273 2802 1507 2881 tamencum·

286 2886 435 2981 sequens
459 2877 623 2978 cyprian.
648 2903 668 2954 e
698 2936 706 2953 .
731 2899 790 2969 55.
816 2876 971 2973 negavit.
1020 2876 1182 2968 Deinde,
1216 2896 1297 2956 cuin
1330 2884 1507 2981 lapsorum

287 2979 393 3058 nimis
418 2978 530 3054 facilis
560 2975 652 3049 admi
681 2998 715 3051 io
737 2990 943 3072 peccatores
972 2971 1162 3048 adsociaret
1192 2973 1387 3068 Ecclesiae,
1429 3006 1508 3058 eam

287 3076 498 3153 delidlorum
525 3070 855 3169 participationem,
888 3088 928 3143 et
953 3067 1265 3168 propagationem,
1289 3072 1396 3149 facile
1419 3100 1508 3154 cou-

287 3175 342 3250 tin
370 3196 428 3247 ere
452 3170 569 3270 polle,
594 3168 686 3243 haud
712 3164 980 3263 inprobabiliter
1004 3165 1282 3262 disputabatur..¹
1578 3230 1581 3235 .

288 3266 294 3275 ’
338 3197 501 3369 ξω.
533 3266 694 3341 Alterum
732 3260 897 3363 schisma,
937 3285 982 3336 eir
1012 3259 1191 3358 superiore
1224 3267 1373 3353 ortum}
1411 3265 1508 3345 inter

284 3365 456 3442 Ecclesiae
472 3361 653 3438 Africanas
671 3356 832 3459 inprimit
854 3379 893 3434 et
918 3359 1113 3449 Romanae,
1147 3358 1212 3434 nisi
1239 3360 1412 3457 Stephani
1429 3366 1507 3441 Ro.

284 3461 379 3539 niani
412 3462 478 3561 Ep.
510 3479 655 3548 morte,
689 3477 727 3532 et
766 3457 818 3553 Cy
844 3455 935 3530 riani
964 3454 1232 3550 moderatione,
1266 3456 1387 3535 fuiffet
1410 3461 1508 3561 sopi-

285 3560 384 3650 tum,
410 3559 518 3655 longe
539 3558 666 3667 pejora
690 3479 861 3628 habuissh
886 3550 1024 3626 effecta.
1076 3551 1228 3629 Primam
1254 3554 1329 3652 eiua
1345 3558 1510 3654 praebuit

287 3655 508 3730 occasionem
537 3676 575 3728 in
608 3649 796 3737 Africana,
832 3649 887 3723 vel
920 3647 1115 3725 Numidica
1147 3651 1321 3746 primum,
1353 3654 1508 3731 Ecclesia

285 3768 384 3825 mota
408 3747 586 3842 quaestio,
613 3769 697 3819 num
713 3743 932 3834 Novatiani,
958 3745 1070 3839 quiin
1096 3744 1188 3832 fide,
1216 3761 1253 3816 et
1270 3744 1435 3839 formula,
1461 3772 1504 3825 ae

284 3844 395 3920 inodo
421 3841 642 3939 baptizandi,
675 3863 741 3937 per
770 3838 888 3913 omnia
915 3838 1183 3912 consentiebant
1206 3837 1417 3931 Catholicis,
1459 3847 1506 3922 ad

284 3939 477 4018 Ecclesiam
501 3937 651 4025 reversi,
678 3935 804 4009 eodem
829 3933 956 4024 modo,
982 3957 1052 4031 quo
1075 3932 1140 4006 reli
1165 3932 1201 4008 ui
1217 3932 1408 4027 haeretici,
1434 3940 1504 4018 sint

281 4033 478 4125 traslandi,
505 4032 682 4130 adeoque,
711 4055 795 4105 num
825 4051 861 4104 et
877 4029 927 4104 illi
953 4052 1018 4128 per
1043 3957 1261 4127 baptismum,
1295 4050 1334 4106 ut
1358 4033 1482 4133 reliqui
1491 4058 1505 4129 ·,

283 4133 352 4208 fint
376 4128 551 4208 Ecclesiae
578 4126 854 4216 reconciliandi,
898 4149 943 4201 an
967 4127 1058 4201 nuda
1089 4151 1252 4203 manuum
1288 4131 1508 4227 inpostii'one?

281 4230 398 4329 Quam
441 4223 684 4327 quaestionem
723 4224 904 4335 Cypriano
945 4223 1080 4320 primus
1128 4223 1313 4321 proposuit
1353 4232 1508 4325 Magnus

282 4324 447 4441 quidam,
473 4323 518 4402 de
541 4322 647 4424 plebe
677 4319 883 4497 Christqqrbiab
892 4318 1026 4496 gabicus,
1060 4318 1252 4422 adpellitur
1274 4323 1370 4402 enim
1395 4330 1509 4437 acy.

262 4450 264 4455 '
969 4443 991 4516 3
1383 4444 1507 4521 Pf¹³1l⁰
