3609 5500
279 966 340 1052 ²⁴80
673 954 821 1061 lastaria
844 958 973 1061 Ecclts.
1000 953 1118 1062 clriJl.

284 1162 390 1231 tam,
413 1138 485 1215 side
507 1137 629 1216 matria
653 1161 737 1218 ante
763 1142 966 1238 explorata,
999 1158 1036 1213 et
1062 1137 1164 1215 valde
1181 1136 1334 1233 laudata,
1357 1138 1508 1221 l'anavit,

283 1237 382 1313 ibid.
412 1236 505 1333 apud
537 1240 645 1313 Matt.
678 1258 717 1310 et
747 1239 864 1311 Marc.
915 1235 988 1311 Ubi
1019 1237 1138 1309 obiter
1170 1255 1337 1328 notetur,
1371 1238 1508 1316 dissum

291 1329 448 1422 Christi,
477 1333 606 1429 senon
640 1331 702 1427 ulfi
725 1337 767 1407 ad
793 1338 961 1429 perditas,
1001 1332 1061 1404 vel
1084 1332 1156 1406 stne
1178 1331 1315 1428 pastore
1341 1335 1508 1412 oberran-

284 1445 366 1518 tes,
399 1450 487 1501 oves
509 1428 643 1503 Israelis
670 1428 740 1503 esse
763 1428 923 1517 miffim,
956 1426 1236 1523 restringendum
1262 1427 1332 1503 esse
1357 1429 1401 1503 ad
1427 1453 1504 1506 mu·

131 1561 152 1590 20
284 1524 387 1599 'neris
421 1522 471 1597 sui
497 1524 672 1621 publicam
705 1523 946 1612 funiiionem,
980 1522 1183 1617 responsum
1203 1548 1300 1615 ¹vero
1322 1525 1506 1619 mulieris,

281 1635 389 1697 'canes
413 1640 552 1716 quoque
577 1625 705 1709 micas,
730 1621 774 1692 de
798 1620 916 1694 mensa
930 1619 1169 1692 Dominorum
1187 1617 1414 1710 decidentes,
1442 1645 1505 1698 co·

290 1718 454 1804 medere,
488 1739 509 1788 a
531 1716 690 1789 Domino
715 1714 906 1803 laudatum,
942 1733 1105 1810 tanquam
1128 1714 1213 1788 fidei
1238 1714 1372 1812 inssgne
1396 1718 1508 1792 docu-

176 1848 179 1852 ’
290 1829 471 1898 mentum,
495 1835 562 1906 pro
586 1810 774 1908 hypothesi
796 1810 946 1898 habere,
971 1829 1009 1882 et
1034 1809 1242 1900 involvere,
1264 1813 1348 1885 Deo
1370 1810 1509 1906 licere,

290 1928 330 1984 et
354 1905 573 2005 propositum
598 1908 688 1995 esl'e,
712 1906 820 1980 micas
847 1906 982 2003 gratiae
997 1925 1039 1979 ac
1065 1904 1325 1988 benedisiionir
1346 1928 1508 1983 extraor-

280 2002 427 2081 dinarie
451 2003 648 2075 concedere
676 2001 871 2094 Gentibus,
902 2000 991 2075 ficut
1005 2018 1116 2099 ¹antea
1142 2000 1252 2091 iecit,
1275 2024 1370 2076 nunc
1392 2006 1510 2102 magia

279 2100 401 2177 ¹saciet
422 2099 484 2170 sub
511 2097 715 2193 euangelio.
766 2096 837 2171 His
860 2098 935 2172 oris
957 2093 1058 2172 brevi
1078 2093 1306 2198 relisiiasese
1332 2121 1397 2194 per
1415 2099 1510 2177 linea

289 2193 504 2289 Decapolios
536 2192 687 2266 contulit
710 2191 754 2266 ad
786 2213 884 2266 mare
909 2189 1134 2281 Tiberiade
1169 2211 1209 2267 ut
1234 2195 1351 2270 Marc.
1383 2196 1507 2280 tradit.

288 2293 487 2384 Decapolls,
520 2313 541 2362 a
565 2312 612 2362 10
635 2286 796 2377 urbibus,
822 2311 905 2383 quas
924 2286 1155 2379 continebat,
1185 2310 1317 2364 nomen
1339 2290 1509 2385 trahens,

279 2408 330 2465 ‘et
346 2413 366 2462 a
384 2380 529 2458 Graecis
547 2385 698 2457 maxime
714 2382 928 2474 inhabitata,
951 2383 1218 2480 aScythopoli,
1241 2384 1293 2458 cir
1306 2385 1510 2556 gaogtdanem

279 2486 333 2560 ²ad
357 2478 504 2555 austrum
528 2480 662 2568 Maris,
696 2478 768 2551 sese
796 2480 958 2574 porrexit
986 2479 1196 2569 Damascum
1233 2498 1271 2554 et
1375 2481 1509 2560 saream

280 2576 445 2673 ¹Philippi
465 2576 595 2671 usque,
630 2575 704 2650 vid.
726 2572 840 2671 Ligtf.
863 2576 907 2649 ad
932 2575 1072 2664 Marc,
1097 2594 1242 2673 eratque
1264 2574 1432 2673 Phiiippo
1452 2598 1507 2654 te·-

202 2700 231 2725 κ
274 2675 445 2753 urarcsae
464 2671 636 2766 subjesla,
667 2673 825 2766 adeoque
851 2689 951 2744 extra
968 2669 1142 2746 ditionem
1159 2671 1315 2746 Herodis
1323 2671 1507 2771 Antipae,

277 2790 390 2871 'quam
424 2766 540 2840 uitare
572 2768 616 2841 ad
647 2786 722 2840 tem
773 2790 788 2838 s
820 2767 947 2842 voluit.
996 2767 1074 2841 Hic
1104 2768 1148 2842 ad
1173 2791 1271 2842 oram
1294 2768 1506 2845 orientalem

276 2866 393 2944 uraris
416 2861 617 2938 Tiberiadis
642 2880 816 2950 venatus,
836 2881 889 2935 .et
915 2886 934 2936 a
959 2885 1084 2959 magna
1107 2863 1292 2937 hominum
1320 2868 1421 2940 turba
1447 2866 1504 2942 vi-

276 2966 425 3048 sitatus,
467 2958 565 3052 cujus
595 2958 810 3031 miserabiles
839 2956 1004 3046 sanavit,
1044 2957 1251 3033 miraculose
1283 2960 1391 3034 altera
1420 2961 1510 3038 vice

279 3083 310 3160 ¹4
333 3058 460 3146 millia,
492 3053 563 3126 fine
587 3053 789 3141 mulieribus
813 3071 851 3126 et
877 3053 1088 3143 infantibus,
1124 3053 1258 3128 cibavit
1281 3055 1417 3152 septem
1442 3082 1507 3154 pa·

276 3160 407 3244 nibus,
432 3174 474 3226 ac
500 3150 620 3247 paucis
649 3149 810 3246 piscibus.
858 3150 960 3224 Hinc
983 3174 1047 3246 per
1070 3173 1164 3223 mare
1185 3149 1325 3246 trajecit
1346 3151 1390 3225 ad
1415 3175 1503 3226 con-

284 3255 371 3333 finia
395 3249 601 3345 Magdalae‚
643 3249 752 3322 Matt.
785 3247 869 3320 XV.
905 3248 964 3320 vel
998 3247 1227 3320 Dalmanutae
1252 3247 1370 3321 Mare.
1396 3247 1508 3323 Vlll.

270 3353 328 3424 'ad
355 3369 452 3417 oram
485 3342 662 3412 attstralem
694 3341 799 3413 maris
834 3359 927 3410 trans
954 3340 1166 3434 Jordanem:
1204 3339 1362 3435 adeoque
1390 3364 1511 3442 prope

279 3443 440 3534 ·Antipae
470 3435 669 3522 ditionem;
693 3433 751 3507 ubi
777 3457 797 3505 a
822 3431 1011 3506 Pharisaeis
1038 3452 1077 3507 et
1105 3433 1313 3509 Sadducaeis
1336 3458 1506 3534 rogatus,

274 3556 327 3613 nt
353 3536 472 3630 signo,
498 3532 599 3603 coelo
624 3531 726 3617 dato,
752 3527 840 3601 ficut
867 3529 951 3603 olim
975 3529 1071 3605 Mosr
1098 3529 1320 3627 contigerat,
1343 3533 1506 3610 divinam

277 3633 480 3711 missionemx
512 3624 786 3713 demonstraret,
824 3626 1029 3721 respondit,
1070 3651 1131 3699 eos
1158 3649 1231 3699 non
1257 3628 1328 3702 esse
1353 3628 1507 3726 dignos,

276 3730 428 3831 quibus,
455 3720 533 3817 post
557 3722 621 3794 alia
641 3724 713 3816 jam
735 3720 850 3809 edita,
884 3735 1019 3795 novum
1041 3741 1100 3794 aut
1126 3720 1218 3795 aliud
1245 3723 1366 3816 detur,
1401 3749 1506 3820 prae·

276 3848 339 3902 ter
360 3822 470 3916 Jonae
496 3817 713 3913 prophetae:
737 3816 868 3924 dequo
897 3819 1007 3892 Matt.
1025 3819 1106 3893 Xll.
1132 3817 1201 3890 suit
1219 3817 1346 3895 aslum.
1378 3821 1506 3912 Mox,

274 3923 373 3998 nulla
399 3914 489 3988 sassa
511 3936 609 3986 mora
635 3913 780 3986 tracium
808 3913 904 3986 illum
921 3911 1093 4003 deseruit,
1117 3913 1256 4009 Judaeis
1272 3914 1509 4008 renuncians,

284 4036 323 4092 et
346 4014 388 4089 ad
414 4010 526 4104 ripam
553 4009 656 4082 maris
673 4011 854 4082 ulteriorem
878 4008 1084 4107 navigavit,
1109 4010 1166 4083 vel
1195 4028 1233 4081 ut
1252 4014 1368 4087 Marc.
1394 4013 1506 4087 Vlll:

281 4135 342 4189 22.
367 4109 493 4194 habet,
520 4104 751 4201 bethsaidam,
776 4105 820 4179 ad
838 4105 1152 4201 septentrionalem
1173 4129 1268 4181 oram
1286 4108 1393 4182 maris
1408 4125 1510 4183 trano

282 4208 483 4311 Jordanem.
535 4201 684 4301 Quando
711 4200 900 4298 discipulos
923 4200 1083 4296 expresse
1107 4201 1314 4291 admonuit,
1338 4222 1379 4274 ut
1402 4203 1466 4278 sibi
1481 4229 1505 4278 a

285 4308 465 4384 fermento
483 4295 741 4371 Pharisaeorum
758 4320 799 4369 ac
813 4297 1091 4371 Sadducaeorum
1110 4315 1280 4384 caveant3
1303 4319 1374 4369 non
1390 4321 1509 4393 pane,

268 4421 324 4495 'nt
353 4398 404 4478 illi
435 4397 599 4495 perverse
625 4393 889 4494 opinabantur,
928 4391 1009 4491 quia
1040 4418 1150 4495 panea
1163 4478 1165 4485 ,
1180 4393 1406 4489 neglexerant
1419 4395 1508 4565 “Zeu
