3609 5500
597 746 600 754 '
636 691 640 702 Ι
691 737 704 759 ·’
718 725 829 804 -detu'l
848 728 902 804 11.
1346 749 1426 828 355

242 903 324 982 ⁴mis
348 905 442 1000 inter
458 899 689 983 Reformatos
708 926 745 982 et
758 907 918 1008 Anglos,
945 905 1025 1008 quia
1037 908 1307 1010 nptuopaona
1323 911 1420 987 P-rea·

205 931 364 1104 {iterato
388 1001 568 1079 distinctus
588 1027 666 1082 nou
691 1023 827 1080 tantum
847 1004 890 1080 in
914 1003 959 1078 iis
983 1005 1157 1098 occurrit,
1186 1007 1245 1083 sed
1268 1026 1306 1081 et
1324 1007 1422 1082 *mire

207 1099 391 1176 extollitur.
441 1101 542 1173 Inter
566 1099 817 1191 Reformatos,
852 1101 913 1198 qui
937 1099 1009 1176 sese
1028 1103 1142 1176 nisu
1167 1101 1280 1178 istulis
1305 1121 1421 1202 oppo·'
1493 1186 1496 1190 ,

199 1199 359 1287 luerunt,
384 1195 545 1272 eminent
565 1197 767 1284 Salmasius,
801 1196 999 1271 Blondellus
1023 1217 1062 1272 et
1081 1199 1118 1272 D
1150 1199 1263 1288 laeus,
1289 1205 1350 1297 qui
1369 1219 1419 1271 ta·

201 1315 282 1366 men
297 1289 400 1368 ‚circa
424 1313 579 1388 tempus,
605 1315 673 1390 quo
701 1311 802 1368 autor
826 1291 944 1380 vixit,
977 1315 1050 1369 non
1073 1294 1321 1369 conveniunt:
1354 1293 1417 1367 sub

203 1387 410 1479 Antonino,
442 1391 499 1462 vel
518 1389 645 1461 Marco
661 1388 826 1478 Aurelio,
860 1389 941 1462 uult
962 1389 1128 1481 Salmall,
1156 1388 1213 1463 sed
1238 1413 1313 1465 noo
1337 1409 1419 1464 ann.

227 1481 277 1558 ost
296 1486 473 1581 Ignatium
506 1483 694 1576 Blondell.,
736 1483 936 1558 sublimem
971 1485 1070 1558 tertii
1104 1486 1211 1559 seculi
1234 1487 1416 1561 Dallaeus:

197 1603 271 1656 nmo
293 1580 456 1656 Bochart.
481 1579 629 1654 Hieron.
655 1581 677 1654 l.
701 1581 767 1654 ΙΙΙ.
795 1602 826 1652 c.
857 1589 889 1661 8.
915 1579 1031 1655 seculo
1055 1581 1196 1655 demum
1218 1584 1331 1673 tho,
1369 1583 1417 1656 ob
1540 1611 1548 1620 ·

204 1695 328 1751 nomen
354 1677 529 1774 Leopardi
549 1673 593 1748 in
616 1677 683 1772 Ep.
712 1676 754 1750 ad
779 1675 886 1752 Rom.
921 1695 1024 1751 antea
1045 1676 1062 1752 i
1113 1698 1230 1752 otum:
1264 1680 1323 1754 cui
1344 1679 1419 1776 jam

199 1791 427 1846 occurrerunt
459 1772 612 1872 Coteler.
645 1770 687 1845 ad
726 1771 748 1844 l.
770 1780 807 1846 .c'.
839 1790 877 1846 et
910 1771 1021 1847 Peaal
1054 1700 1166 1848 lglind.
1196 1777 1276 1870 lgn.
1301 1801 1336 1873 p.
1364 1775 1415 1848 ll.

200 1891 233 1944 c.
260 1889 316 1962 7..,
349 1865 461 1963 Angli
486 1889 573 1938 voro
603 1865 834 1964 Episcopatus
864 1867 1028 1964 patroni,
1069 1869 1112 1942 ab
1149 1870 1256 1944 altera
1290 1889 1415 1970 parte,

201 1987 266 2038 nec
281 1963 422 2037 minore
448 1963 544 2046 uelo,
577 1983 643 2058 pro
668 1963 890 2060 genuinitnte
915 1985 1034 2038 earum
1056 1987 1281 2062 pugnaruntt
1321 1968 1416 2041 inter

199 2083 285 2155 quos
306 2059 483 2134 excellunt
506 2053 679 2147 Ullerius,
710 2058 977 2149 Hammondos,
1015 2077 1059 2132 et
1088 2061 1260 2148 Pearson,
1293 2060 1422 2161 Epist„

199 2152 411 2246 Cestrienlis,
450 2159 484 2226 in
507 2153 653 2228 vindciis
676 2155 789 2323 &aaut
816 2177 930 2228 omne
961 2176 1072 2250 genus
1096 2157 1306 2232 eruditionis
1339 2159 1413 2255 ple·

200 2249 263 2328 nis.
311 2251 430 2325 Mitto
448 2272 528 2338 eos,
554 2247 613 2346 qui
630 2273 699 2346 pro
711 2249 843 2326 ixiores
857 2247 970 2348 Epist
1037 2275 1059 2323 o
1075 2253 1240 2347 genuinis
1258 2255 1412 2344 habent,

203 2346 250 2422 uti
264 2343 442 2434 willon,
462 2342 547 2442 ¹quia
563 2343 761 2419 A'rianismo
777 2343 896 2420 favere
908 2367 979 2418 cen
997 2364 1120 2438 entur,
1145 2370 1250 2445 quem
1259 2351 1417 2432 Clericus
1441 2345 1449 2354 ’

199 2443 240 2520 ad
262 2443 389 2520 enicem
416 2443 554 2514 Patrum
579 2439 704 2538 apost.
723 2440 897 2515 -Cotelerii
918 2442 990 2539 jam
1018 2440 1210 2538 refutauit,
1245 2464 1284 2520 et
1303 2447 1411 2521 Wot·
1551 2535 1555 2540 .
1693 2463 1695 2514 t

197 2557 270 2617 tun.
293 2539 395 2613 Prole
468 2535 510 2610 ad
535 2536 726 2611 Clementis
748 2537 856 2614 Rom.
879 2537 911 2611 E
938 2535 1094 2628 istolam,
1130 2562 1300 2617 necnon
1323 2553 1409 2634 eoa,

201 2635 257 2732 qui
278 2633 382 2732 Epist
419 2655 453 2707 as
475 2630 621 2805 {mem
649 2629 838 2730 genuinas,
863 2632 897 2706 se
924 2633 1048 2708 ualde
1070 2629 1303 2735 interpolatas
1319 2638 1413 2730 effe,

198 2729 370 2827 iudicant,
393 2751 436 2803 ac
459 2753 479 2804 a
526 2725 736 2804 sententiam
763 2727 948 2805 dicendam
968 2753 1039 2826 pro
1065 2750 1139 2807 ero.

240 2828 273 2928 ᾗ.
296 2828 341 2903 Χ.
383 2824 556 2922 Equidem
589 2846 710 2899 eorum
747 2824 942 2899 sententiae
971 2826 1035 2898 tsub
1090 2824 1208 2916 ibere,
1246 2827 1309 2924 qui
1343 2850 1412 2925 pro

204 2921 362 3024 genuinis
385 2944 405 2996 a
455 2920 600 3011 oscunt,
625 2942 697 2994 non
722 2918 867 3010 dubito,
888 2919 976 3016 quia
998 2918 1088 2992 nihil
1104 2918 1143 2994 in
1167 2920 1212 2994 iis
1237 2922 1327 2998 mihi
1344 2948 1406 2998 oc·

204 3040 334 3094 currere
355 3016 396 3093 vi
422 3034 519 3107 etur,
550 3017 593 3091 ab
620 3033 737 3091 aetate
760 3033 818 3089 aut
842 3016 990 3113 persona
1013 3014 1145 3112 Ignatii
1166 3015 1338 3111 alienum,
1371 3038 1411 3095 et

203 3117 241 3189 ab
261 3112 408 3213 antiquis
426 3130 639 3187 memoratae
665 3134 707 3186 ac
727 3128 897 3209 receptae
908 3110 1067 3189 suenont.
1104 3112 1149 3186 ·A
1174 3112 1297 3209 quibua
1320 3115 1410 3192 duo·

202 3210 262 3285 uus
284 3208 456 3310 capitibus
476 3232 562 3283 cum
583 3206 802 3305 quaestionis
825 3206 957 3281 decisio
980 3207 1017 3279 in
1042 3205 1169 3373 ptimis
1185 3209 1409 3307 dependeat,

202 3328 244 3382 ea
263 3306 320 3382 hic
346 3322 482 3381 tantum
510 3303 708 3401 adtingam,
733 3303 858 3401 absque
877 3321 916 3378 ut
940 3302 978 3377 in
1002 3300 1040 3375 fu
1055 3326 1168 3377 iorem
1193 3304 1404 3403 disquilitio-

204 3422 278 3477 nem
301 3426 357 3477 me
378 3400 579 3490 inmittam,
619 3398 716 3497 quod
741 3398 847 3473 etiam
871 3398 1011 3473 nocella
1031 3418 1107 3473 non
1134 3398 1204 3491 est,
1246 3426 1324 3479 cum
1346 3430 1410 3481 au·

204 3514 290 3573 tores
314 3498 415 3572 citati
440 3498 482 3571 ab
499 3497 620 3571 harum
633 3518 752 3569 cerum
773 3494 912 3591 cupidis
931 3494 1004 3592 legi
1021 3496 1161 3591 polllnt
1208 3498 1406 3575 Neminem

205 3612 280 3668 ante
302 3594 427 3669 Euseb.
461 3592 582 3667 harum
606 3588 715 3690 Epist.
751 3588 872 3665 lucillo
904 3588 1144 3681 mentionem,
1183 3595 1410 3670 contendunt
1562 3642 1564 3646 .

203 3691 335 3786 quidem
359 3686 522 3763 adversae
546 3688 739 3763 sententiae
763 3683 924 3785 patroni,
958 3704 997 3759 et
1020 3684 1107 3760 inde
1133 3706 1258 3763 contra
1279 3714 1337 3764 eas
1352 3716 1406 3765 ar·

205 3805 467 3881 gumentantur:
492 3783 551 3857 sed
573 3784 659 3858 licet
682 3781 844 3869 Eusebii,
869 3780 929 3877 qui
953 3782 993 3854 in
1015 3784 1252 3859 monumentis
1271 3787 1406 3863 Eccles.

205 3883 402 3982 colligendis
424 3880 576 3955 sedulam
600 3877 716 3977 posuit
732 3882 898 3976 operam,
920 3876 1162 3953 testimonium
1179 3903 1252 3954 non
1275 3883 1317 3957 fit
1333 3882 1408 3956 nul·

204 3976 266 4052 lius
287 3974 475 4076 ponderis,
501 3974 753 4072 antiquillimos
778 3996 917 4070 qnoque
942 3997 1000 4049 eas
1021 3972 1248 4065 memoralle,
1272 3995 1332 4050 aut
1355 3975 1407 4049 ci·

204 4074 302 4165 offe,
342 4070 534 4160 aDodlis,
576 4070 614 4144 in
645 4070 770 4171 primis
796 4069 977 4158 Peatson.,
1021 4070 1113 4145 clare
1136 4070 1411 4145 demonstratum

204 4170 262 4251 eu
311 4168 422 4271 {plius
438 4166 645 4269 Polycarpi,
670 4184 710 4246 ut
724 4166 909 4338 mutinum
931 4164 1118 4259 adducam,
1145 4165 1415 4261 testimonium,

788 4290 792 4295 ·
825 4283 899 4365 yn
1343 4286 1418 4365 quo
