3609 5500
690 937 711 1004 ·'
797 939 979 1018 aerata.
1010 946 1016 956 '
1047 1007 1093 1038 ,Ι
1360 1007 1362 1012 .
1461 964 1509 1043 73

288 1118 406 1210 nula,
433 1137 607 1216 pronum,
638 1117 693 1194 uti
713 1115 798 1217 Joh.
822 1119 905 1193 Xll:
929 1141 964 1212 4.
990 1123 1015 1205 6
1024 1117 1234 1212 indicatur,
1260 1119 1416 1198 Christus
1441 1147 1503 1196 ve-

289 1241 328 1290 ro
349 1217 446 1290 hanc
470 1213 675 1289 maionem
700 1212 847 1290 traxerit
870 1215 914 1290 ad
948 1216 1156 1313 sepulturam
1188 1217 1302 1305 suam3
1343 1243 1444 1316 quam
1466 1219 1508 1293 sr-

290 1315 358 1386 rnul
383 1310 523 1386 indicat
554 1309 633 1384 fore
657 1311 912 1402 honorificam,
944 1328 982 1383 et
1007 1314 1049 1386 ab
1077 1310 1174 1386 omni
1197 1314 1357 1410 corporis
1384 1337 1505 1412 putre·

290 1407 371 1482 dine
395 1407 573 1496 liberam,-
596 1406 685 1481 sicut
708 1407 831 1482 docuit
855 1406 1088 1504 experientia

330 1501 365 1602 §-
393 1503 508 1576 Lxx.
538 1505 723 1599 Sequente
746 1505 805 1576 die
829 1503 911 1598 Joh.
937 1505 1018 1577 llll:
1047 1526 1102 1578 ra.
1129 1504 1186 1578 seu
1208 1508 1322 1600 quinta
1348 1523 1430 1578 ante
1445 1528 1505 1600 pa·

289 1597 390 1688 felia,
416 1597 478 1672 die
503 1595 622 1694 itaque
641 1599 752 1690 Solis,
778 1597 952 1689 Christus,
977 1617 1138 1696 tanquam
1163 1602 1244 1675 Rex
1270 1601 1423 1690 Israelis,
1447 1599 1507 1676 sed

286 1717 306 1768 a
329 1693 490 1767 terrestri
508 1694 616 1790 longe
640 1696 815 1784 diversus,
840 1692 997 1768 insidens·
1015 1698 1104 1792 palla
1132 1695 1265 1787 asinae,
1292 1696 1351 1793 qui
1378 1719 1424 1791 pe
1441 1713 1507 1792 pa·'

287 1789 413 1864 tisicus
435 1809 473 1862 et
496 1789 674 1863 modestus
700 1813 786 1880 rex,
811 1812 879 1864 nee
906 1814 991 1887 pom
1018 1815 1037 1863 a
1068 1792 1242 1888 gaudens,
1267 1814 1334 1865 nec
1353 1721 1505 1868 lellator

286 1887 444 1975 iuturus,
481 1891 525 1958 ab
554 1885 590 1958 in
618 1905 701 1958 ente
728 1884 911 1958 hominum
937 1815 1162 1959 mullitudine
1187 1886 1394 1978 comitatus,
1420 1888 1502 1987 qui,

293 1980 386 2054 lama
409 1979 686 2054 resuscitationis
701 1981 823 2056 Lazari
838 1979 1018 2071 excitati,
1043 1980 1204 2071 adeum,
1230 2003 1268 2056 ut
1286 1982 1368 2076 Joh.
1393 1983 1504 2076 dicit,

293 2075 558 2164 confluxerant,
598 2073 694 2148 inter
722 2077 829 2149 multa
865 2075 1011 2154 honoris
1043 2097 1082 2150 et
1104 2075 1260 2152 laetitiae
1292 2076 1407 2174 signa,
1448 2079 1503 2154 uti

288 2171 391 2246 rantis
404 2173 600 2270 palmarum
617 2171 775 2246 manibus
796 2171 960 2270 gallatia,
985 2172 1104 2246 aevia
1126 2172 1280 2268 vestibus
1299 2173 1421 2264 strata,
1447 2177 1502 2250 so·

292 2269 479 2366 leonesque
492 2267 589 2342 inter
604 2267 792 2342 Hosannae
806 2267 1095 2359 adclamationes,
1120 2269 1243 2366 quibus
1258 2269 1322 2365 ipsi
1339 2289 1504 2368 tanquam

293 2363 384 2462 regi,
410 2383 453 2438 et
477 2361 582 2460 regnl
606 2363 682 2459 ejus
703 2361 868 2453 salutem,
896 2387 939 2438 ae
966 2362 1171 2460 prosperum
1196 2365 1405 2456 successum,
1439 2393 1501 2464 op·

295 2477 481 2534 araneae
514 2476 736 2550 voverunt,·'
754 2457 1039 2556 Hierosolymam
1065 2460 1206 2556 publice
1230 2460 1399 2551 intravit,
1430 2464 1502 2540 rin·

291 2557 458 2654 gentibus
490 2553 705 2643 Pharisaeis,
738 2573 777 2628 et
812 2553 1044 2651 stupentibus.
1093 2555 1208 2660 Quem
1241 2555 1418 2634 solennem
1450 2560 1503 2635 in·

288 2651 458 2742 troitum,
483 2651 650 2726 omnibus
672 2651 840 2750 Euangel.
864 2669 1115 2739 memoratum,
1141 2649 1296 2726 Christus
1320 2653 1429 2746 fecit,
1463 2679 1502 2730 ut

258 2745 953 2943 trien
988 2745 1084 2917 ei
1107 2746 1331 2919 einer
1348 2752 1504 2923 arti·

291 2938 433 3029 maret,
464 2938 622 3035 adeoque
644 2938 750 3037 longe
772 2938 878 3013 alium
903 2900 945 3015 ac’
993 2940 1093 3013 udaei
1116 2941 1184 3015 exs
1204 2901 1374 3018 celabat.
1422 2945 1505 3048 Qu·

290 3035 327 3109 in
352 3034 469 3123 statu,
503 3058 607 3131 quum
634 3054 750 3143 prope
773 3036 896 3108 urbem
919 3036 1087 3125 venisset,
1112 3035 1150 3109 in
1173 2965 1341 3133 lacrymas
1364 3044 1504 3134 erupit,

290 3130 401 3225 super
416 3128 536 3201 vitem
558 3128 788 3204 miserabilem
804 3128 919 3219 urbis,
971 3154 1027 3202 rae
1047 3130 1283 3203 obstinatione
1309 3133 1346 3203 in
1365 3133 1503 3208 Christo

289 3220 949 3401 lisdlll'llllale‘llllzmdelll
976 3220 1505 3415 {illaillffio‘lllllffielcll

291 3412 481 3505 lustrall'et,
521 3416 665 3512 velpem
694 3417 765 3513 jam
791 3414 1001 3512 ingruente,
1041 3372 1189 3487 discelllt
1213 3415 1251 3489 in
1277 3416 1505 3513 Betltaniam,

293 3510 353 3583 abi
374 3508 623 3609 pernolhvit,
656 3512 743 3586 sicut
767 3534 831 3607 per
852 3532 976 3585 omnes
999 3509 1074 3584 dies
1098 3510 1248 3619 reliquos
1272 3511 1381 3604 fecit,
1414 3514 1504 3594 telle

296 3604 405 3683 Marc.
434 3608 501 3681 Xl:
528 3630 584 3683 11.
608 3606 668 3704 qui
692 3607 754 3681 hic
778 3605 934 3681 omnium
957 3604 1009 3679 est
1036 3607 1313 3683 accuratrffimua

335 3701 366 3801 l.
389 3703 523 3777 Lxxt.
556 3704 723 3777 Proximo
747 3702 824 3791 die,
872 3702 909 3775 ui
938 3700 989 3776 est
1012 3703 1154 3790 Lunae,
1177 3721 1311 3797 quartas
1333 3724 1416 3778 ante
1444 3729 1503 3802 pa·

295 3795 397 3889 sclra,
438 3800 558 3897 primo
583 3820 707 3888 mane,
750 3726 901 3894 egrelllta
926 3797 1116 3885 Bethania,
1156 3816 1193 3871 et
1214 3799 1503 3896 Hierosolymam

292 3913 479 3989 repetens,
519 3916 602 3967 cum
627 3895 665 3967 in
691 3895 759 3969 via.
775 3893 941 3981 esuriret,
981 3910 1019 3963 et
1042 3893 1169 3981 ficum,
1210 3893 1306 3970 foliis
1330 3895 1505 3974 luxurian-

294 4008 385 4079 tem,
409 3990 471 4064 sed
491 3988 610 4065 sraela
637 4008 835 4076 carentem,
860 3984 1080 4078 offendiliet,
1116 4009 1192 4061 eam
1214 3988 1420 4066 arelatlioni
1445 3995 1506 4071 de·

292 4087 412 4175 vovit,
455 4108 531 4160 non
556 4086 649 4183 quod
674 4104 799 4183 tempas
824 4085 954 4159 ficuum
979 4106 1050 4157 non
1075 4102 1169 4174 erat,
1202 4085 1262 4160 sed
1288 4090 1392 4162 mbor
1418 4090 1506 4165 esset

297 4180 419 4277 infregi
435 4208 516 4273 era,
551 4203 618 4256 nee
647 4182 771 4282 digna,
807 4204 895 4276 quae
926 4184 1042 4255 locum
1069 4180 1214 4278 amplius
1238 4202 1367 4258 teneat.
1418 4186 1505 4261 Hoe

301 4276 385 4349 enim
415 4276 613 4353 indicatum
652 4278 766 4354 voluit
803 4278 921 4350 Marc.
964 4277 1028 4352 Xl:
1064 4300 1120 4371 13.
1162 4279 1389 4375 subjungens,
1430 4299 1504 4351 non

303 4372 383 4451 enlm
408 4393 479 4449 aar
510 4375 610 4476 magle
645 4372 729 4476 (pro
761 4383 910 4476 lwqat,
958 4374 1016 4449 vel
1050 4371 1211 4476 langare)
1243 4392 1322 4473 apta
1351 4369 1505 4480 fartadlt.

340 4462 430 4563 Μ.
452 4470 533 4555 ΙΙΙ.
904 4469 939 4560 K
1338 4462 1506 4560 frusltbua
