3609 5500
824 506 931 581 Setul.
959 509 1010 583 ll.
1450 541 1524 618 54?

306 706 367 766 nm
392 682 600 763 inferiorem
624 682 781 759 malorum
814 709 965 764 naturum
987 689 1174 787 generasse,
1214 695 1339 791 quibus
1365 695 1530 782 homine·

304 782 496 883 inplicuit,
537 799 577 854 ut
610 803 671 854 eos
696 780 791 857 Patri
826 783 983 858 efficeret
1014 789 1239 881 aduersario,-
1281 815 1470 889 propterea
1491 800 1530 875 se

332 902 451 974 uoque
476 875 668 974 legissatori
694 876 743 951 illi
766 879 940 953 adversari
964 883 1076 972 velle,
1102 902 1139 957 et
1164 885 1284 960 omnia
1308 910 1432 966 contra
1451 895 1529 990 ejus

306 908 427 1054 heere
457 976 689 1049 voluntatem.
739 974 917 1073 Quoniam
951 999 1038 1070 ergo
1061 977 1172 1068 dixit,
1206 1003 1267 1053 non
1291 986 1505 1060 moechaberis

305 1099 385 1164 nos,
418 1069 604 1166 inquiunt,
639 1070 775 1144 dicimus
801 1072 1053 1165 utoechabimur,
1085 1080 1216 1172 utejus
1241 1080 1436 1154 uoluntatem
1460 1088 1494 1156 d’
1511 1121 1530 1144 ·

317 1175 475 1246 oluauuts.
523 1166 903 1358 Memoravitquopue
922 1172 1031 1244 Clem.
1057 1172 1160 1245 Alex.
1185 1175 1254 1247 Str.
1279 1174 1301 1247 l.
1327 1177 1375 1250 11.
1400 1198 1432 1251 c.
1461 1202 1520 1258 20.

301 1270 412 1356 alios,
453 1266 507 1357 qui
528 1258 586 1357 usu
611 1262 787 1357 uoluptatis
841 1288 858 1335 e
890 1290 962 1340 cum
994 1290 1033 1337 ta
1066 1266 1137 1364 ipso
1156 1284 1305 1364 pugnare
1336 1270 1524 1368 dicebant,

299 1382 337 1442 ut
353 1366 397 1458 Ju
424 1358 489 1456 ipso
512 1359 686 1451 uoluptatis
717 1361 756 1429 iu·
771 1357 833 1527 ppo
861 1384 922 1432 non
945 1364 1052 1451 uinci,
1084 1367 1336 1462 principiumque
1351 1367 1452 1464 suum
1475 1387 1527 1444 te·

297 1480 398 1546 nere,
431 1453 666 1529 ostenderem.
717 1452 769 1527 Vi
796 1511 805 1529 .
830 1454 936 1531 etiam
960 1481 1047 1553 quae
1077 1458 1186 1533 habet
1216 1460 1436 1559 Simplicius,
1477 1465 1525 1544 ad

297 1552 468 1656 Epiciet:
510 1573 544 1660 c.
576 1572 630 1659 ra.
680 1548 795 1652 Quam
823 1550 992 1649 stupenda
1022 1551 1101 1628 sunt
1132 1555 1273 1652 ingenii
1306 1560 1452 1636 carnalis
1483 1581 1526 1642 et

296 1647 440 1760 peccati
461 1646 626 1720 ludrbrm!
1518 1703 1523 1718 .

306 1767 310 1774 ·
345 1746 382 1847 ς.
396 1742 580 1832 CLXXX.
624 1738 805 1814 Postremo
835 1741 939 1817 diclis
960 1744 1157 1842 subjungo,
1192 1744 1384 1824 Gnosticos
1418 1753 1519 1832 forte

296 1840 394 1919 haud
416 1840 506 1914 male
519 1841 694 1913 accusatos
710 1836 812 1912 fuilse
826 1839 993 1936 Magiae,
1019 1841 1043 1915 sr
1061 1866 1103 1915 ea
1120 1841 1335 1939 intelligatur
1352 1871 1425 1938 ars,
1451 1876 1522 1950 qua

298 1938 411 2016 e'ertia
433 1935 610 2026 formulis,
635 1932 865 2022 carminibus,
889 1955 926 2009 et
953 1938 1104 2011 barbaris
1128 1940 1325 2031 vocabulis,
1352 1949 1433 2017 mali
1453 1973 1522 2042 pu·

298 2052 422 2109 tantur
451 2031 585 2107 domari
621 2031 808 2116 daemones,
848 2052 1031 2125 praeterea
1071 2033 1227 2106 habuille
1254 2035 1326 2128 jam
1359 2042 1521 2135 imaginor

297 2127 452 2221 Christi,
477 2146 517 2201 ut
533 2145 571 2200 et
586 2126 746 2222 Orphei,
770 2126 985 2223 aliorumque
1002 2126 1293 2223 Philosophorum
1319 2132 1517 2212 Veterum:
1549 2151 1551 2156 ’
1621 2214 1624 2219 ,

298 2225 437 2324 signum
462 2246 602 2321 quoque
626 2222 859 2319 mysticumu
882 2241 918 2294 et
941 2256 983 2312 e,
1016 2246 1181 2297 necnon
1206 2227 1403 2323 columbum,
1430 2257 1539 2330 quae·

297 2320 445 2426 “prepi
472 2313 583 2408 dieta,
609 2340 772 2392 numeros
787 2341 852 2413 per
874 2318 1008 2394 heteras
1031 2316 1105 2392 illas
1122 2321 1287 2416 producit
1312 2333 1404 2419 801,
1429 2348 1519 2429 quot

294 2423 404 2496 etiam
429 2416 560 2490 habent
591 2414 730 2489 litterae
769 2444 794 2487 u
816 2431 853 2485 et
876 2440 922 2502 u,-
963 2413 1055 2489 unde
1086 2416 1259 2512 repetitur
1293 2443 1423 2497 nomen
1459 2442 1521 2501 lau

295 2516 382 2628 ipsis
405 2512 587 2601 usitatum,
613 2510 706 2606 quod
726 2510 783 2583 est
800 2527 881 2593 lactc
903 2540 927 2583 a
951 2530 988 2582 et
1011 2541 1045 2583 o.
1092 2511 1150 2583 De
1167 2535 1236 2607 quo
1254 2514 1326 2589 vid.
1353 2519 1518 2613 Jablons.

297 2611 335 2688 ln
360 2611 411 2685 de
430 2607 630 2684 Alexandro
657 2608 792 2679 Severo
815 2604 1013 2679 Christiano
1030 2607 1067 2677 in
1091 2605 1197 2710 Misc.
1222 2608 1316 2703 Lips.
1344 2615 1414 2685 vol.
1441 2617 1514 2692 lV.

295 2709 486 2794 Attamen,
512 2704 597 2778 licet
623 2701 870 2790 haecomnia,
895 2724 982 2799 quae
1006 2700 1157 2795 protuh,
1184 2723 1268 2805 yerr
1296 2702 1511 2802 habeantur,

292 2800 561 2879 existimandum
587 2819 796 2878 tamennon
822 2796 892 2887 cst,
920 2819 1042 2871 omnes
1068 2792 1256 2868 Gnolhcos
1289 2796 1388 2872 soille
1414 2801 1515 2883 vitae

292 2888 500 2976 libidinosae
527 2915 565 2969 et
587 2894 759 2993 pelhmae.
808 2893 881 2967 Etsi
902 2892 1068 2966 enim'ex
1093 2889 1230 2963 illorum
1256 2892 1512 2988 hypothesibus

292 2996 379 3070 talia
402 2992 531 3092 possint
556 2988 726 3076 derivari,
769 3006 805 3061 et
831 2988 1002 3085 plerisque
1035 2987 1142 3060 etiam
1175 2990 1345 3082 peccandi
1374 2996 1513 3073 oceaho
1630 2986 1637 2999 ⁶

291 3092 379 3167 inde
406 3088 513 3164 fuerit
539 3105 636 3174 nata,
661 3084 720 3159 alii
738 3103 854 3159 tamen
880 3104 939 3159 aut
963 3082 1149 3157 secundum
1173 3084 1350 3183 principia
1365 3090 1422 3165 sua
1439 3113 1512 3172 non

289 3187 479 3274 vixerunt,
504 3182 594 3278 quod
618 3204 731 3253 rarum
756 3204 827 3253 non
855 3200 989 3254 tantum
1015 3202 1085 3252 non
1110 3176 1180 3269 est,
1215 3180 1273 3254 sed
1301 3207 1364 3279 per
1389 3211 1513 3265 omne:

293 3279 436 3375 sectas,
452 3281 559 3353 etiam
585 3278 678 3372 ipsos
694 3275 913 3366 catholicos,
939 3275 1018 3349 satis
1042 3275 1242 3367 vulgatum,
1268 3280 1389 3354 autin
1414 3284 1510 3358 aliud

295 3374 426 3470 delapli
452 3375 528 3449 suut
555 3391 776 3459 extremum,
808 3372 896 3465 adeo
922 3392 962 3443 ut
984 3372 1026 3443 ab
1052 3368 1149 3441 omni
1182 3375 1397 3446 commercio
1430 3397 1512 3452 cum

295 3494 420 3560 corut,
450 3470 528 3545 sede
553 3467 712 3566 peccati,
738 3465 988 3554 abstinuerint,
1014 3466 1056 3537 ab
1080 3463 1157 3557 ipso
1176 3488 1314 3560 quoque
1331 3471 1513 3547 matrimo-
1541 3512 1543 3517 ·

289 3567 379 3657 nio,
412 3586 457 3639 ne
480 3590 543 3662 per
570 3587 710 3638 carnem
735 3561 1066 3636 contaminarentur.
1117 3559 1227 3635 Clem.
1251 3563 1354 3636 Alex.
1379 3568 1510 3646 Strom.

284 3665 364 3741 'lllt
392 3688 423 3738 1.
449 3661 578 3736 diserte
605 3660 741 3749 tradit,
773 3657 907 3754 primos
932 3652 1160 3731 Gnosticismi
1183 3656 1397 3733 architectos
1422 3662 1512 3759 ejus·

289 3759 392 3837 nodi
418 3758 596 3832 licentiam
632 3776 701 3828 non
733 3751 922 3842 admisrlle,
962 3769 1021 3825 aut
1052 3751 1237 3826 ratiocinia
1262 3753 1303 3826 ad
1328 3779 1516 3850 peccatum

289 3852 478 3931 ducentia:
505 3852 665 3927 observat
713 3873 826 3948 uoque
842 3873 875 3925 c.
901 3870 957 3939 5.,
984 3844 1141 3920 haereses
1167 3847 1233 3922 hac
1259 3869 1358 3945 parte
1383 3851 1513 3927 induo

284 3949 388 4032 abire
412 3968 588 4041 extrema,
621 3965 661 4023 ut
683 3875 854 4037 timeant,
877 3946 935 4017 vel
960 3945 1132 4044 &rapher
1156 3947 1203 4042 ζῆν
1228 3947 1343 4021 omnia
1368 3944 1437 4019 eli:
1467 3953 1520 4023 in·

851 4041 940 4116 Zzz
965 4063 986 4116 2
1369 4042 1404 4112 di
1433 4066 1523 4139 tretrg
1583 4050 1650 4450 ἰ
