3609 5500
794 878 1063 994 omno·
1227 930 1229 934 ·
1436 900 1519 1010 ιιι

282 1111 355 1179 nrm
379 1089 469 1184 oo,
502 1113 574 1167 non
596 1091 743 1191 'quidem
767 1095 1002 1190 personalem,
1044 1089 1102 1167 sed
1131 1087 1297 1188 efficocm
1321 1090 1394 1168 Dei
1418 1113 1505 1189 ope·
1550 1129 1552 1133 ·

287 1197 464 1268 rationem
487 1190 525 1263 in
548 1190 687 1264 Christo
713 1191 834 1281 soille,
860 1191 1003 1286 ejusque
1033 1187 1192 1284 respeciu
1210 1190 1318 1262 Deum
1339 1187 1433 1279 effe,
1459 1204 1500 1260 et

287 1289 470 1385 adpellari:
497 1287 590 1383 quod
614 1288 656 1360 ab
681 1289 901 1374 Artemone,
927 1287 987 1383 qui
1011 1283 1048 1358 id
1071 1306 1144 1357 non
1168 1281 1310 1372 statuit,
1343 1285 1525 1360 discede·²

288 1405 364 1474 ret,
398 1403 437 1457 et
463 1384 505 1456 ad
540 1381 658 1455 Noeti
686 1382 843 1457 haeresin
872 1381 1019 1479 propius
1048 1378 1251 1469 accederet,
1297 1379 1359 1453 nili
1385 1378 1503 1477 quod,

287 1479 507 1564 illidendum
532 1476 618 1551 fitE
646 1478 813 1576 iphauio,
836 1500 882 1552 ex
899 1493 1022 1550 mente¹
1036 1476 1151 1563 Pauli,
1178 1479 1307 1547 verbum
1327 1475 1398 1549 Dei
1422 1481 1503 1550 tau·¹

288 1593 365 1654 turn
404 1595 591 1671 operatum
616 1504 744 1667 iirerit,
784 1594 821 1648 et
853 1596 925 1647 non
957 1575 1092 1646 unitum
1125 1594 1205 1645 cum
1231 1570 1370 1646 Christo
1401 1568 1505 1667 super

288 1696 382 1760 eum,
397 1670 552 1758 venerit,
578 1688 614 1742 et
636 1691 717 1745 aute
740 1671 935 1768 pulionem
961 1668 1108 1757 abierit,
1141 1667 1239 1742 secus
1263 1688 1306 1741 ac
1329 1665 1503 1762 Patripast
1637 1712 1642 1720 .

289 1767 413 1857 fiunis,
439 1786 477 1840 ut
495 1766 732 1861 adpellantur,
757 1764 870 1840 visum
891 1764 1013 1854 fuerit.
1053 1763 1242 1853 Amanat,
1267 1764 1312 1838 de
1327 1764 1502 1838 incarnat.
1592 1776 1595 1783 '

289 1863 413 1960 ,christi
446 1863 536 1936 clare
575 1859 744 1952 testatur,
784 1863 925 1935 Paulum
959 1859 998 1934 iu
1031 1857 1171 1931 Christo
1202 1858 1386 1955 agnoville
1416 1859 1506 1932 Ver-

291 1962 365 2037 bum
392 1984 409 2034 o
434 1960 516 2031 coelo
539 1953 680 2050 efficax,
713 1975 747 2029 er
761 1954 986 2053 sapientiam:
1016 1952 1107 2051 λέγω
1132 1957 1310 2055 ugoprgoth
1323 1953 1505 2053 sermonem

285 2058 451 2152 prolatum
474 2055 623 2150 adpellat
656 2049 970 2148 Johsuamascen.
995 2052 1040 2125 de
1064 2054 1197 2127 haerel.
1248 2054 1309 2125 Sic
1341 2071 1379 2126 et
1402 2071 1509 2125 autor

286 2147 519 2248 hypomnestico·
552 2146 642 2244 apud
667 2146 865 2224 lauricium
887 2147 926 2222 in
949 2148 1029 2223 cod.
1055 2147 1175 2245 pseud.
1201 2149 1250 2223 V.
1271 2149 1318 2222 T.
1343 2166 1430 2221 tom.
1457 2147 1512 2225 ll.
1623 2184 1625 2187 ·

289 2246 398 2347 Quod
430 2246 472 2320 ad
507 2244 599 2318 hane
630 2242 865 2324 differentiam
890 2244 1071 2342 Veterum,
1099 2243 1259 2334 adtinet,
1299 2247 1509 2321 alterutrum

269 2342 510 2446 'statuentium
536 2337 605 2427 est,
646 2340 703 2413 vel
732 2362 764 2416 1.
789 2338 930 2413 Paulum
959 2339 1048 2413 nihil
1074 2338 1167 2413 aliud
1192 2363 1258 2435 per
1281 2338 1444 2436 sunnonis
1467 2342 1512 2419 iu·

286 2436 434 2511 Christo
452 2433 674 2532 praesentium
699 2429 927 2525 intellexilie,
951 2459 1053 2531 quam
1082 2434 1215 2531 gratiae
1233 2436 1304 2508 Dei
1329 2458 1373 2511 ac
1398 2436 1519 2513 vitruv

284 2527 1373 2723 rlznulllnobtutuintuluutnut
1393 2530 1509 2708 ¹¹1⁰¹¹¹l

284 2724 500 2813 confirmat,
542 2723 602 2797 ubi
626 2721 765 2806 Paulum
791 2720 862 2796 effe
893 2719 1073 2796 deteiium
1099 2741 1137 2794 et
1168 2720 1426 2819 deprehensum
1448 2746 1509 2803 re·

290 2819 365 2894 fert
397 2818 567 2907 statuere,
609 2813 786 2891 Christum
824 2815 1007 2892 homiuem
1041 2819 1152 2892 divino
1183 2822 1299 2915 gratia
1339 2817 1511 2918 inſsgniter

287 2931 465 3002 ›orootutn3
507 2913 563 2987 vel
591 2934 624 2987 a.
652 2913 853 3010 Discipulos
886 2913 961 3009 ejus
992 2912 1127 3011 aliquos
1160 2940 1205 2989 eo
1229 2915 1430 3009 deveniffe,
1468 2940 1512 3000 ut

290 3013 383 3108 oripo
405 3007 584 3103 sermonem
610 3007 683 3085 Dei
716 3032 796 3086 cum
820 3007 961 3084 Christo
984 3008 1130 3083 homine
1162 3008 1299 3084 unitum
1329 3010 1511 3113 dixerint,

294 3135 334 3184 ut
360 3107 431 3182 sese
466 3106 507 3179 ad
533 3124 694 3201 receptas
726 3128 748 3177 o
776 3104 916 3180 iniones
939 3122 977 3178 et
1003 3103 1143 3203 phrases
1178 3105 1512 3207 adcommodarent,

294 3206 355 3282 vel
386 3226 465 3281 cum
488 3200 673 3274 Praxeanis
698 3223 736 3273 ar
775 3198 828 3274 ‘us
859 3198 1128 3296 conjungerent.
1180 3199 1285 3368 (ἒιοά
1319 3203 1512 3288 autoritate

296 3295 463 3377 Athenas.
490 3296 659 3384 adfirm03
699 3296 831 3392 quippe
854 3295 914 3392 qui
940 3315 1028 3369 orat.
1055 3297 1104 3370 V.
1140 3295 1176 3367 in
1239 3298 1356 3372 rianos
1382 3301 1514 3398 tradit,

294 3393 443 3494 quosdam
473 3416 515 3465 eo
538 3389 705 3488 discipulis
732 3394 833 3465 Pauli
863 3388 1025 3487 Samosor.
1051 3392 1232 3464 Sermonem
1260 3416 1281 3465 o
1304 3392 1389 3468 Filio
1411 3395 1517 3497 sepa.

287 3518 393 3585 ωτι,
416 3492 577 3576 dicentes,
602 3490 702 3559 olium
728 3487 789 3586 effi
807 3483 985 3584 Christum,
1011 3489 1111 3564 alium
1135 3491 1290 3581 verbum,-
1313 3497 1442 3568 oolam
1456 3519 1519 3598 per

286 3585 455 3684 ¹Christum
477 3583 538 3677 effe
561 3586 709 3658 locurum.

343 3683 374 3780 §.
401 3681 530 3756 XCIX.
594 3703 636 3756 ua
655 3679 792 3755 ratione
810 3679 873 3754 nist
899 3679 976 3779 quir
999 3679 1265 3771 conciliaverit,
1291 3678 1516 3768 statuendum

297 3778 371 3866 est,
396 3800 478 3863 cos,
504 3777 563 3870 qui
613 3776 681 3848 auli
707 3777 915 3871 opinionem
943 3797 1025 3847 curn
1043 3775 1159 3849 Noeti
1189 3794 1248 3849 aut
1273 3778 1409 3851 Sabellii
1427 3804 1517 3862 con·

298 3872 488 3957 fuderunt,
513 3888 572 3941 aut
596 3876 726 3943 veroum
751 3870 820 3942 Dei
845 3891 927 3944 curn
946 3866 1085 3940 Christo
1110 3867 1258 3943 homine
1283 3874 1440 3965 unitum,
1467 3904 1516 3960 ex

300 3985 424 4045 mente·
442 3963 560 4051 Pauli,
586 3963 771 4052 dixerunt,
798 3986 924 4038 avero
940 3961 1114 4039 aberralle.
1162 3968 1263 4038 lnter
1288 3967 1401 4060 ipsum
1417 3975 1516 4053 enim

301 4083 340 4138 et
366 4062 601 4135 Artemonem
625 4057 694 4133 fuit
722 4058 900 4156 perfeiiua
926 4057 1132 4145 consensus,
1157 4081 1194 4135 et
1221 4062 1397 4140 Christum
1421 4068 1516 4149 dixit

299 4160 432 4234 nudum
459 4159 561 4253 plane
587 4153 788 4245 hominem,
814 4175 856 4230 ut
882 4178 928 4230 ex
951 4151 1185 4252 superioribus
1205 4157 1372 4237 constat·
1401 4163 1519 4243 Acce'·

300 4257 355 4330 dit
384 4279 415 4330 1.
441 4277 516 4328 can.
543 4251 630 4325 Nic.
661 4274 744 4341 19oo
771 4253 861 4328 solor
879 4251 1102 4328 Paulianistas
1123 4254 1238 4350 juberi
1262 4279 1306 4328 ex
1328 4259 1519 4343 haereticis

302 4374 400 4427 notro
427 4351 475 4422 tin
503 4348 613 4427 endor
637 4346 830 4445 baptismo:
872 4348 971 4443 cujus
996 4350 1062 4431 alia
1086 4349 1210 4449 nequit
1237 4349 1306 4425 elie
1330 4353 1444 4446 ratio,
1478 4368 1527 4441 al:
1568 4438 1572 4445 ,

239 4470 242 4475 ·
284 4532 290 4553 ,
352 4444 441 4524 Tum.
465 4375 540 4526 iin.
707 4536 711 4545 K
860 4444 1001 4540 Vvv'r
1429 4457 1528 4561 quo}
