3609 5500
421 660 496 747 ⁴22
811 654 1110 761 mstostaaccns.
1137 658 1251 763 nnn.

426 836 560 951 quippe
583 838 725 939 genitus
740 842 784 915 ab
807 861 966 917 aeterno.
1014 844 1051 916 Si
1075 846 1217 943 ltaque,
1241 843 1332 921 salva
1346 842 1449 921 Patris
1469 840 1603 933 mtione,

426 958 504 1011 earn
528 940 571 1011 ab
593 957 740 1013 aeterno
765 939 834 1031 jam
858 939 1031 1015 habuisset
1054 941 1190 1033 sermo,
1223 943 1307 1039 quid
1329 943 1459 1017 necelle
1484 961 1545 1014 erat
1558 938 1599 1011 di·

426 1044 531 1124 tere,
569 1034 729 1125 Patrem,
770 1056 852 1108 cum
875 1034 987 1108 sermo
1017 1037 1249 1113 admondum
1273 1039 1485 1115 condendum
1504 1035 1600 1133 prodi·

424 1146 501 1218 ret,
525 1132 700 1203 rationem
723 1152 794 1203 non
821 1130 1021 1226 perdidisse.
1073 1134 1211 1209 Iudicat
1228 1140 1343 1230 itaque
1361 1158 1400 1208 ea
1415 1130 1602 1219 admonitio,

423 1224 620 1301 sermonem
645 1246 731 1299 tunc
754 1229 895 1299 demum
917 1225 1057 1301 nattum
1083 1226 1152 1303 effe
1178 1252 1276 1303 extra
1302 1232 1436 1303 Patrem
1452 1224 1602 1311 subblim-

423 1324 532 1411 tiam,
573 1340 611 1394 et
633 1340 736 1396 antea
764 1320 803 1394 in
836 1323 997 1395 rationali
1021 1325 1133 1398 Patris
1156 1324 1316 1421 potentia
1349 1344 1478 1399 tantum
1504 1317 1599 1395 suille.

423 1440 459 1494 2.
486 1420 711 1507 Sermonem,
735 1416 844 1513 ipsam
869 1417 982 1490 Patris
1010 1421 1183 1493 rationem
1208 1420 1416 1510 naturalem,
1438 1443 1481 1493 ex
1502 1419 1599 1503 Patre,

420 1530 503 1589 ante
526 1511 692 1587 mundum
718 1512 921 1601 conditum,
961 1512 1031 1587 else
1053 1515 1231 1603 emilsum,
1270 1534 1308 1588 et
1330 1515 1503 1612 propriam
1522 1532 1599 1585 atce-

425 1608 509 1683 'isse
536 1606 783 1682 subssstentiam
808 1608 1045 1701 personalem,
1078 1611 1130 1684 ita
1154 1632 1193 1685 ut
1217 1610 1347 1702 Patris,
1389 1630 1427 1684 et
1451 1602 1598 1683 Sermonis

419 1634 553 1781 suerint
576 1702 758 1778 distinstae
780 1706 917 1797 ὑπάρξειε
933 1702 1182 1803 substflentr'ae,
1208 1708 1427 1797 autumavit,
1458 1702 1599 1779 erineo

417 1799 685 1901 generationem
712 1799 793 1874 Filii
818 1802 1014 1875 constituit.
1066 1805 1109 1875 ln
1132 1822 1202 1893 quo
1219 1800 1361 1896 Justino
1389 1804 1497 1875 Mart.
1519 1797 1599 1892 plane

417 1896 617 1983 consentit,
642 1892 767 1968 iisdem
787 1895 893 1969 etiarn
909 1897 1166 1986 locutionibus,
1189 1917 1231 1969 ac
1246 1897 1470 1971 similitudine
1492 1892 1599 1965 laminir

416 1992 576 2067 alumine
593 1988 753 2079 accensi,
787 1990 877 2067 usus.
927 1992 1044 2091 Quare
1060 1992 1123 2067 hic
1145 2014 1216 2064 non
1242 1993 1381 2067 necelse
1412 1988 1462 2065 est
1477 1984 1600 2091 morari:

415 2104 591 2168 texturam
625 2104 759 2161 tantum
790 2107 828 2160 et
852 2086 1012 2162 ordinem
1033 2084 1211 2162 ratiocinii
1234 2086 1417 2161 illustrasse
1440 2084 1603 2161 suffecent

416 2200 425 2211 ·
462 2184 495 2280 5.
521 2182 633 2257 Lxx.
665 2182 850 2277 Religionis
877 2206 1022 2271 arcana,
1060 2204 1100 2257 ut
1126 2184 1176 2256 ait
1199 2178 1231 2277 s.
1257 2186 1342 2257 Vll.
1374 2182 1525 2277 pandere
1554 2198 1600 2247 au·

409 2278 625 2377 spiraturus,
657 2279 769 2364 Deus,
802 2278 938 2373 inquit,
971 2296 1045 2352 erar
1071 2283 1106 2353 ἰη
1124 2281 1279 2375 principio
1286 2304 1300 2367 ,·
1331 2280 1603 2374 principiorum

411 2377 596 2467 accepimus
627 2373 708 2469 alyn
732 2373 855 2468 lbapo
886 2377 951 2447 vim
982 2377 1080 2448 terli.
1132 2372 1267 2474 Quibus
1297 2372 1494 2470 phrasibus,
1530 2387 1600 2463 quae

410 2471 631 2564 Interpretes
654 2468 848 2556 torserunt,
873 2466 985 2541 intelli
1013 2468 1062 2557 lt,
1090 2468 1216 2543 Filium
1240 2472 1337 2559 Dei,
1361 2468 1426 2565 qui
1450 2466 1500 2542 esl
1513 2465 1603 2561 semu

408 2559 497 2653 iste,
521 2580 561 2635 ut
576 2584 622 2635 ex
632 2558 676 2731 fl
705 2586 760 2637 11.
784 2579 904 2659 patet,
929 2492 1111 2669 posquam
1127 2587 1173 2638 ex
1188 2565 1289 2637 Patre
1304 2564 1463 2661 prodiit,
1487 2582 1521 2637 et
1533 2580 1601 2666 pro·
1663 2570 1664 2661 ᾗ

437 2658 526 2732 riam
558 2678 626 2729 con
645 2676 769 2732 erutus
801 2656 853 2730 est
881 2654 1104 2731 existentiam
1128 2682 1170 2733 ac
1202 2662 1287 2748 νὶηη,
1326 2658 1499 2733 sermonis
1523 2673 1603 2728 emm

351 2809 356 2818 -
409 2754 533 2854 strapas
554 2757 605 2830 ris
639 2753 691 2828 est
707 2755 818 2856 sermo
847 2751 923 2827 vim
954 2754 1149 2850 possidens,
1179 2773 1218 2828 et
1242 2753 1429 2845 exserens3
1454 2753 1505 2828 uti
1524 2748 1552 2848 l.
1576 2769 1603 2822 1·

408 2855 538 2930 'diserte
562 2848 728 2944 sumitur,
754 2867 792 2924 et
816 2873 862 2924 ex
882 2873 927 2922 eo
952 2849 1095 2923 ulterius
1111 2849 1287 2941 firmatur,
1311 2851 1408 2948 quod
1425 2845 1602 2947 ,struthos

406 2951 489 3026 loco
516 2944 651 3020 dicatur
670 2949 778 3042 princi
799 2953 862 3020 lum
886 2942 975 3034 else,
1000 2944 1136 3018 scilieet
1152 2945 1294 3036 mundi,
1320 2947 1417 3044 quod
1433 2969 1503 3020 non
1523 2938 1601 3029 fuit,

406 3041 473 3118 nili
489 3062 569 3114 cum
582 3045 730 3132 prolatus
747 2965 798 3136 es
816 3039 859 3114 ad
871 3060 952 3111 eum
976 3039 1221 3129 condendum,
1246 3039 1293 3116 lic
1309 3042 1341 3141 s.
1368 3065 1405 3136 7.
1431 3041 1489 3117 fin.
1508 3039 1602 3122 lunc,

402 3134 574 3236 primirum
599 3157 620 3206 a
641 3137 743 3208 Patre
767 3131 994 3230 ρηοάιιᾶιιιιι,
1009 3134 1135 3228 scimur
1148 3138 1343 3232 principium
1365 3139 1494 3223 mundn-
1512 3131 1540 3300 ξ.
1566 3135 1597 3206 8.
1662 3165 1663 3176 ι

404 3229 538 3304 dicitur
562 3239 590 3300 ιη
613 3234 692 3324 ἀρχῆ
720 3234 752 3301 ηή
778 3231 932 3324 principio
952 3235 1083 3324 genitur
1097 3230 1218 3328 sermo.
1267 3231 1349 3403 on
1376 3231 1473 3306 resle
1494 3251 1515 3300 o
1536 3223 1599 3296 ser·

402 3343 510 3413 vato,
533 3321 658 3396 cantra
673 3326 750 3397 sunt
768 3323 806 3396 in
822 3323 928 3400 sacili.
975 3324 1087 3414 Deus,
1110 3347 1190 3400 cum
1215 3325 1289 3402 dixi
1319 3346 1377 3418 et,
1401 3335 1516 3404 eratlr
1531 3324 1607 3420 ὀρχῇ

402 3425 438 3497 sn
457 3421 633 3516 principio,
658 3417 839 3502 exstiterat
850 3417 923 3513 jam
941 3420 984 3492 ab
1009 3441 1175 3511 aeterno,
1201 3445 1280 3496 cum
1303 3421 1521 3521 principium
1537 3441 1604 3493 om·

402 3516 501 3592 nium
534 3537 660 3587 rerum·
683 3513 769 3589 esset
789 3514 868 3613 alys
892 3517 1012 3612 allapsu
1026 3517 1134 3613 sermo
1153 3518 1319 3610 prolatum
1360 3517 1432 3592 duo
1455 3517 1633 3614 explanat'·
1662 3545 1663 3554 ι

400 3613 439 3686 in
464 3610 705 3705 sequentibus,
736 3635 852 3704 unum,
892 3635 957 3710 qua
980 3612 1119 3686 ratione
1143 3611 1243 3686 Deus
1266 3633 1350 3703 ante
1371 3615 1468 3710 ὁρχηῖη
1494 3611 1607 3711 princi·

394 3709 487 3876 pium
512 3705 706 3794 exstiterit,
730 3706 781 3779 ita
806 3707 963 3795 scilicet,
989 3726 1028 3780 ut
1055 3707 1142 3781 solus
1166 3705 1272 3799 esset,
1295 3708 1352 3784 sed
1380 3710 1503 3784 omnia
1528 3705 1608 3781 inse

424 3801 545 3874 aberet
565 3803 805 3892 potentialiter,
837 3803 949 3898 ipsum
975 3803 1081 3878 etiarn
1104 3825 1197 3895 noyn
1213 3802 1394 3900 sermonem
1426 3805 1466 3878 in
1490 3822 1611 3902 poten·

397 3895 450 3972 tia
472 3893 635 3966 naturali:
677 3895 712 3967 id
740 3895 835 3969 enim
866 3896 929 3971 sibi
963 3901 1070 3972 verba
1098 3899 1244 3990 volunt,
1285 3926 1361 3975 nam
1385 3927 1461 3978 cum
1496 3897 1559 3995 ipso
1579 3901 1611 3967 ηἠι

392 3989 548 4068 ‘rationali
567 3994 712 4084 porentia
737 3989 887 4065 substitit
918 3991 1005 4073 ἀντίη
1027 4003 1080 4070 nal
1110 3993 1257 4091 lnlyor,
1298 4018 1371 4076 non
1401 3995 1471 4093 ipse
1498 3997 1614 4079 Pater,

387 4105 435 4164 et
447 4083 581 4192 stunt,
620 4085 679 4162 sed
701 4082 766 4184 lpse
796 4111 913 4186 quoque
928 4091 1071 4189 sermo:
1111 4091 1255 4176 alterum
1279 4115 1397 4193 ¹uero,
1445 4087 1618 4260 quodnap
