<?xml version="1.0" encoding="UTF-8"?>
<!DOCTYPE html PUBLIC "-//W3C//DTD XHTML 1.0 Transitional//EN"
    "http://www.w3.org/TR/xhtml1/DTD/xhtml1-transitional.dtd">
<html xmlns="http://www.w3.org/1999/xhtml" xml:lang="en" lang="en">
 <head>
  <title>
</title>
<meta http-equiv="Content-Type" content="text/html;charset=utf-8" />
  <meta name='ocr-system' content='tesseract 3.04.00' />
  <meta name='ocr-capabilities' content='ocr_page ocr_carea ocr_par ocr_line ocrx_word'/>
</head>
<body>
  <div class='ocr_page' id='page_1' title='image "./hermannivenemai05venegoog_0320.png"; bbox 0 0 3609 5500; ppageno 0'>
   <div class='ocr_carea' id='block_1_1' title="bbox 298 868 1257 1044">
    <p class='ocr_par' dir='ltr' id='par_1_1' title="bbox 298 868 1257 1044">
     <span class='ocr_line' id='line_1_1' title="bbox 298 868 1257 1044; baseline 0.011 -57"><span class='ocrx_word' id='word_1_1' title='bbox 298 950 370 1024; x_wconf 60' lang='lat'>31*</span> <span class='ocrx_word' id='word_1_2' title='bbox 693 916 842 1020; x_wconf 81' lang='lat' dir='ltr'>Hislorio</span> <span class='ocrx_word' id='word_1_3' title='bbox 864 915 993 1044; x_wconf 63' lang='lat' dir='ltr'>Earsos.</span> <span class='ocrx_word' id='word_1_4' title='bbox 1018 918 1134 1021; x_wconf 73' lang='lat' dir='ltr'>Clirsst.</span> <span class='ocrx_word' id='word_1_5' title='bbox 1254 868 1257 872; x_wconf 92' lang='lat'><em>-</em></span> 
     </span>
    </p>
   </div>
   <div class='ocr_carea' id='block_1_2' title="bbox 289 1086 1523 1583">
    <p class='ocr_par' dir='ltr' id='par_1_2' title="bbox 289 1086 1523 1583">
     <span class='ocr_line' id='line_1_2' title="bbox 290 1086 1523 1201; baseline 0.001 -22"><span class='ocrx_word' id='word_1_6' title='bbox 290 1125 353 1181; x_wconf 82' lang='lat' dir='ltr'>sus</span> <span class='ocrx_word' id='word_1_7' title='bbox 372 1100 586 1201; x_wconf 84' lang='lat' dir='ltr'>Episcopus:</span> <span class='ocrx_word' id='word_1_8' title='bbox 612 1097 706 1172; x_wconf 87' lang='lat' dir='ltr'>unde</span> <span class='ocrx_word' id='word_1_9' title='bbox 731 1098 818 1174; x_wconf 90' lang='lat' dir='ltr'>duos</span> <span class='ocrx_word' id='word_1_10' title='bbox 835 1099 886 1174; x_wconf 91' lang='lat' dir='ltr'>ibi</span> <span class='ocrx_word' id='word_1_11' title='bbox 905 1086 974 1175; x_wconf 84' lang='lat' dir='ltr'>una</span> <span class='ocrx_word' id='word_1_12' title='bbox 995 1098 1095 1175; x_wconf 85' lang='lat' dir='ltr'>fuisse</span> <span class='ocrx_word' id='word_1_13' title='bbox 1119 1098 1315 1200; x_wconf 90' lang='lat' dir='ltr'>Episcopos</span> <span class='ocrx_word' id='word_1_14' title='bbox 1338 1103 1427 1179; x_wconf 88' lang='lat' dir='ltr'>male</span> <span class='ocrx_word' id='word_1_15' title='bbox 1442 1106 1523 1179; x_wconf 71' lang='lat' dir='ltr'>cos</span> 
     </span>
     <span class='ocr_line' id='line_1_3' title="bbox 298 1195 1521 1298; baseline 0 -23"><span class='ocrx_word' id='word_1_16' title='bbox 298 1203 426 1298; x_wconf 77' lang='lat' dir='ltr'>ligurit.</span> <span class='ocrx_word' id='word_1_17' title='bbox 475 1196 543 1270; x_wconf 87' lang='lat' dir='ltr'>Sed</span> <span class='ocrx_word' id='word_1_18' title='bbox 562 1195 645 1291; x_wconf 89' lang='lat' dir='ltr'>Joh.</span> <span class='ocrx_word' id='word_1_19' title='bbox 669 1196 799 1269; x_wconf 84' lang='lat' dir='ltr'>Malaia</span> <span class='ocrx_word' id='word_1_20' title='bbox 824 1196 862 1270; x_wconf 90' lang='lat' dir='ltr'>in</span> <span class='ocrx_word' id='word_1_21' title='bbox 888 1198 1087 1296; x_wconf 86' lang='lat' dir='ltr'>Clrronogr.</span> <span class='ocrx_word' id='word_1_22' title='bbox 1114 1197 1243 1289; x_wconf 77' lang='lat' dir='ltr'>refert,</span> <span class='ocrx_word' id='word_1_23' title='bbox 1276 1201 1452 1274; x_wconf 91' lang='lat' dir='ltr'>Evodium</span> <span class='ocrx_word' id='word_1_24' title='bbox 1475 1202 1521 1277; x_wconf 86' lang='lat' dir='ltr'>in</span> 
     </span>
     <span class='ocr_line' id='line_1_4' title="bbox 289 1289 1514 1401; baseline 0 -30"><span class='ocrx_word' id='word_1_25' title='bbox 289 1296 404 1372; x_wconf 87' lang='lat' dir='ltr'>initio</span> <span class='ocrx_word' id='word_1_26' title='bbox 422 1290 556 1368; x_wconf 83' lang='lat' dir='ltr'>Claudii</span> <span class='ocrx_word' id='word_1_27' title='bbox 580 1292 727 1363; x_wconf 86' lang='lat' dir='ltr'>aPetro</span> <span class='ocrx_word' id='word_1_28' title='bbox 754 1289 926 1401; x_wconf 83' lang='lat' dir='ltr'>accepisse</span> <span class='ocrx_word' id='word_1_29' title='bbox 949 1291 1067 1367; x_wconf 91' lang='lat' dir='ltr'>sedem</span> <span class='ocrx_word' id='word_1_30' title='bbox 1092 1292 1374 1386; x_wconf 84' lang='lat' dir='ltr'>Antiochenam,</span> <span class='ocrx_word' id='word_1_31' title='bbox 1407 1297 1514 1389; x_wconf 90' lang='lat' dir='ltr'>dein,</span> 
     </span>
     <span class='ocr_line' id='line_1_5' title="bbox 290 1385 1517 1487; baseline -0.002 -20"><span class='ocrx_word' id='word_1_32' title='bbox 290 1418 341 1467; x_wconf 30' lang='lat' dir='ltr'>,eo</span> <span class='ocrx_word' id='word_1_33' title='bbox 357 1411 521 1477; x_wconf 91' lang='lat' dir='ltr'>mortuo,</span> <span class='ocrx_word' id='word_1_34' title='bbox 548 1390 563 1460; x_wconf 94' lang='lat' dir='ltr'>l</span> <span class='ocrx_word' id='word_1_35' title='bbox 590 1386 737 1461; x_wconf 80' lang='lat' dir='ltr'>natium.</span> <span class='ocrx_word' id='word_1_36' title='bbox 783 1386 1149 1487; x_wconf 84' lang='lat' dir='ltr'>Cu1,haudmagnae</span> <span class='ocrx_word' id='word_1_37' title='bbox 1174 1390 1258 1464; x_wconf 84' lang='lat' dir='ltr'>licet</span> <span class='ocrx_word' id='word_1_38' title='bbox 1271 1385 1356 1466; x_wconf 85' lang='lat' dir='ltr'>fidei</span> <span class='ocrx_word' id='word_1_39' title='bbox 1373 1392 1517 1485; x_wconf 89' lang='lat' dir='ltr'>autori,</span> 
     </span>
     <span class='ocr_line' id='line_1_6' title="bbox 291 1411 1517 1583; baseline -0.002 -18"><span class='ocrx_word' id='word_1_40' title='bbox 291 1489 321 1566; x_wconf 79' lang='lat' dir='ltr'>fi</span> <span class='ocrx_word' id='word_1_41' title='bbox 337 1484 547 1563; x_wconf 89' lang='lat' dir='ltr'>credendum</span> <span class='ocrx_word' id='word_1_42' title='bbox 565 1411 627 1570; x_wconf 62' lang='lat' dir='ltr'>st,</span> <span class='ocrx_word' id='word_1_43' title='bbox 651 1479 753 1555; x_wconf 85' lang='lat' dir='ltr'>statui</span> <span class='ocrx_word' id='word_1_44' title='bbox 770 1481 903 1580; x_wconf 86' lang='lat' dir='ltr'>posset,</span> <span class='ocrx_word' id='word_1_45' title='bbox 928 1483 1106 1559; x_wconf 85' lang='lat' dir='ltr'>Evodium</span> <span class='ocrx_word' id='word_1_46' title='bbox 1123 1481 1225 1575; x_wconf 79' lang='lat' dir='ltr'>fuisse</span> <span class='ocrx_word' id='word_1_47' title='bbox 1240 1486 1517 1583; x_wconf 79' lang='lat' dir='ltr'>euangelistam,</span> 
     </span>
    </p>
   </div>
   <div class='ocr_carea' id='block_1_3' title="bbox 295 1574 1515 1747">
    <p class='ocr_par' dir='ltr' id='par_1_3' title="bbox 295 1574 1515 1747">
     <span class='ocr_line' id='line_1_7' title="bbox 295 1574 1515 1747; baseline -0.001 -87"><span class='ocrx_word' id='word_1_48' title='bbox 295 1605 333 1659; x_wconf 90' lang='lat' dir='ltr'>et</span> <span class='ocrx_word' id='word_1_49' title='bbox 356 1585 561 1678; x_wconf 86' lang='lat' dir='ltr'>delegatum</span> <span class='ocrx_word' id='word_1_50' title='bbox 577 1574 844 1675; x_wconf 88' lang='lat' dir='ltr'>Apostolicum,</span> <span class='ocrx_word' id='word_1_51' title='bbox 876 1579 980 1747; x_wconf 61' lang='lat' dir='ltr'>eipse</span> <span class='ocrx_word' id='word_1_52' title='bbox 1004 1600 1146 1655; x_wconf 88' lang='lat' dir='ltr'>mortuo</span> <span class='ocrx_word' id='word_1_53' title='bbox 1171 1581 1358 1656; x_wconf 80' lang='lat' dir='ltr'>successisse</span> <span class='ocrx_word' id='word_1_54' title='bbox 1378 1584 1515 1681; x_wconf 85' lang='lat' dir='ltr'>Ignati-</span> 
     </span>
    </p>
   </div>
   <div class='ocr_carea' id='block_1_4' title="bbox 129 1672 1517 4552">
    <p class='ocr_par' dir='ltr' id='par_1_4' title="bbox 295 1672 1517 1772">
     <span class='ocr_line' id='line_1_8' title="bbox 295 1672 1517 1772; baseline 0.002 -18"><span class='ocrx_word' id='word_1_55' title='bbox 295 1704 374 1770; x_wconf 81' lang='lat' dir='ltr'>um,</span> <span class='ocrx_word' id='word_1_56' title='bbox 401 1700 560 1772; x_wconf 86' lang='lat' dir='ltr'>tanquam</span> <span class='ocrx_word' id='word_1_57' title='bbox 577 1672 809 1772; x_wconf 82' lang='lat' dir='ltr'>Episcopum,</span> <span class='ocrx_word' id='word_1_58' title='bbox 836 1674 901 1748; x_wconf 80' lang='lat' dir='ltr'>sub&#39;</span> <span class='ocrx_word' id='word_1_59' title='bbox 935 1697 1016 1748; x_wconf 90' lang='lat' dir='ltr'>nem</span> <span class='ocrx_word' id='word_1_60' title='bbox 1032 1675 1127 1750; x_wconf 88' lang='lat' dir='ltr'>vitae</span> <span class='ocrx_word' id='word_1_61' title='bbox 1143 1673 1421 1772; x_wconf 80' lang='lat' dir='ltr'>Apostolorum:</span> <span class='ocrx_word' id='word_1_62' title='bbox 1442 1681 1517 1756; x_wconf 86' lang='lat' dir='ltr'>uti·</span> 
     </span>
    </p>

    <p class='ocr_par' dir='ltr' id='par_1_5' title="bbox 288 1768 1517 2058">
     <span class='ocr_line' id='line_1_9' title="bbox 288 1768 1516 1873; baseline 0 -23"><span class='ocrx_word' id='word_1_63' title='bbox 288 1799 361 1873; x_wconf 81' lang='lat' dir='ltr'>¹que</span> <span class='ocrx_word' id='word_1_64' title='bbox 377 1797 457 1847; x_wconf 92' lang='lat' dir='ltr'>eum</span> <span class='ocrx_word' id='word_1_65' title='bbox 480 1774 587 1844; x_wconf 90' lang='lat' dir='ltr'>Petro</span> <span class='ocrx_word' id='word_1_66' title='bbox 609 1768 819 1860; x_wconf 82' lang='lat' dir='ltr'>successisse,</span> <span class='ocrx_word' id='word_1_67' title='bbox 851 1770 952 1843; x_wconf 89' lang='lat' dir='ltr'>multi</span> <span class='ocrx_word' id='word_1_68' title='bbox 971 1770 1056 1845; x_wconf 90' lang='lat' dir='ltr'>Vet.</span> <span class='ocrx_word' id='word_1_69' title='bbox 1085 1769 1235 1845; x_wconf 87' lang='lat' dir='ltr'>tradunt.</span> <span class='ocrx_word' id='word_1_70' title='bbox 1287 1773 1374 1851; x_wconf 86' lang='lat' dir='ltr'>Vid.</span> <span class='ocrx_word' id='word_1_71' title='bbox 1402 1775 1516 1851; x_wconf 85' lang='lat' dir='ltr'>Cote-</span> 
     </span>
     <span class='ocr_line' id='line_1_10' title="bbox 291 1864 1517 1966; baseline 0.002 -21"><span class='ocrx_word' id='word_1_72' title='bbox 291 1871 396 1946; x_wconf 92' lang='lat' dir='ltr'>lerius</span> <span class='ocrx_word' id='word_1_73' title='bbox 414 1868 455 1941; x_wconf 93' lang='lat' dir='ltr'>ad</span> <span class='ocrx_word' id='word_1_74' title='bbox 475 1864 591 1939; x_wconf 87' lang='lat' dir='ltr'>eonst.</span> <span class='ocrx_word' id='word_1_75' title='bbox 617 1866 687 1960; x_wconf 91' lang='lat' dir='ltr'>Ap.</span> <span class='ocrx_word' id='word_1_76' title='bbox 714 1866 800 1939; x_wconf 92' lang='lat' dir='ltr'>lllud</span> <span class='ocrx_word' id='word_1_77' title='bbox 817 1889 881 1961; x_wconf 92' lang='lat' dir='ltr'>pro</span> <span class='ocrx_word' id='word_1_78' title='bbox 904 1884 1004 1938; x_wconf 91' lang='lat' dir='ltr'>certo</span> <span class='ocrx_word' id='word_1_79' title='bbox 1027 1866 1226 1942; x_wconf 88' lang='lat' dir='ltr'>habendum</span> <span class='ocrx_word' id='word_1_80' title='bbox 1246 1865 1317 1957; x_wconf 90' lang='lat' dir='ltr'>est,</span> <span class='ocrx_word' id='word_1_81' title='bbox 1334 1870 1517 1966; x_wconf 83' lang='lat' dir='ltr'>Ignatimn</span> 
     </span>
     <span class='ocr_line' id='line_1_11' title="bbox 292 1959 1510 2058; baseline -0.002 -17"><span class='ocrx_word' id='word_1_82' title='bbox 292 1965 393 2040; x_wconf 83' lang='lat' dir='ltr'>fuisse</span> <span class='ocrx_word' id='word_1_83' title='bbox 416 1963 490 2036; x_wconf 86' lang='lat' dir='ltr'>hoc</span> <span class='ocrx_word' id='word_1_84' title='bbox 513 1960 698 2035; x_wconf 84' lang='lat' dir='ltr'>intervallo</span> <span class='ocrx_word' id='word_1_85' title='bbox 721 1959 935 2058; x_wconf 84' lang='lat' dir='ltr'>Episcopum</span> <span class='ocrx_word' id='word_1_86' title='bbox 963 1960 1239 2038; x_wconf 82' lang='lat' dir='ltr'>Antiochenurn.</span> <span class='ocrx_word' id='word_1_87' title='bbox 1289 1963 1348 2038; x_wconf 90' lang='lat' dir='ltr'>De</span> <span class='ocrx_word' id='word_1_88' title='bbox 1373 1965 1510 2057; x_wconf 66' lang='lat' dir='ltr'>Aſsaria</span> 
     </span>
    </p>

    <p class='ocr_par' dir='ltr' id='par_1_6' title="bbox 129 2054 1516 2249">
     <span class='ocr_line' id='line_1_12' title="bbox 129 2054 1516 2156; baseline 0 -19"><span class='ocrx_word' id='word_1_89' title='bbox 129 2137 133 2144; x_wconf 9' lang='grc' dir='ltr'>ζ</span> <span class='ocrx_word' id='word_1_90' title='bbox 292 2060 456 2137; x_wconf 83' lang='lat' dir='ltr'>Eccleliis</span> <span class='ocrx_word' id='word_1_91' title='bbox 470 2058 636 2156; x_wconf 88' lang='lat' dir='ltr'>quaedam</span> <span class='ocrx_word' id='word_1_92' title='bbox 652 2055 807 2131; x_wconf 88' lang='lat' dir='ltr'>addenda</span> <span class='ocrx_word' id='word_1_93' title='bbox 823 2054 967 2131; x_wconf 88' lang='lat' dir='ltr'>restant.</span> <span class='ocrx_word' id='word_1_94' title='bbox 1016 2058 1245 2154; x_wconf 86' lang='lat' dir='ltr'>Polycarpum</span> <span class='ocrx_word' id='word_1_95' title='bbox 1267 2061 1310 2134; x_wconf 88' lang='lat' dir='ltr'>ab</span> <span class='ocrx_word' id='word_1_96' title='bbox 1328 2059 1516 2155; x_wconf 75' lang='lat' dir='ltr'>Apostolis&#39;</span> 
     </span>
     <span class='ocr_line' id='line_1_13' title="bbox 290 2148 1514 2249; baseline 0 -16"><span class='ocrx_word' id='word_1_97' title='bbox 290 2157 394 2233; x_wconf 88' lang='lat' dir='ltr'>suisse</span> <span class='ocrx_word' id='word_1_98' title='bbox 410 2158 566 2249; x_wconf 70' lang='lat' dir='ltr'>Smyrnae</span> <span class='ocrx_word' id='word_1_99' title='bbox 584 2148 818 2248; x_wconf 76' lang='lat' dir='ltr'>praeseslnm,</span> <span class='ocrx_word' id='word_1_100' title='bbox 838 2150 989 2228; x_wconf 52' lang='lat' dir='ltr'>‘testatur</span> <span class='ocrx_word' id='word_1_101' title='bbox 1013 2155 1175 2228; x_wconf 83' lang='lat' dir='ltr'>irenaeus</span> <span class='ocrx_word' id='word_1_102' title='bbox 1197 2155 1277 2230; x_wconf 88' lang='lat' dir='ltr'>adv.</span> <span class='ocrx_word' id='word_1_103' title='bbox 1301 2155 1414 2230; x_wconf 82' lang='lat' dir='ltr'>Hner.</span> <span class='ocrx_word' id='word_1_104' title='bbox 1441 2159 1514 2234; x_wconf 68' lang='lat'><em>1112</em></span> 
     </span>
    </p>

    <p class='ocr_par' dir='ltr' id='par_1_7' title="bbox 296 2245 1510 2352">
     <span class='ocr_line' id='line_1_14' title="bbox 296 2245 1510 2352; baseline 0.002 -30"><span class='ocrx_word' id='word_1_105' title='bbox 296 2280 328 2352; x_wconf 85' lang='lat'>3.</span> <span class='ocrx_word' id='word_1_106' title='bbox 343 2310 353 2345; x_wconf 88' lang='lat'>,</span> <span class='ocrx_word' id='word_1_107' title='bbox 378 2253 448 2325; x_wconf 86' lang='lat' dir='ltr'>fide</span> <span class='ocrx_word' id='word_1_108' title='bbox 465 2251 590 2345; x_wconf 85' lang='lat' dir='ltr'>dignus</span> <span class='ocrx_word' id='word_1_109' title='bbox 607 2245 721 2337; x_wconf 78' lang='lat' dir='ltr'>testis,</span> <span class='ocrx_word' id='word_1_110' title='bbox 747 2248 879 2345; x_wconf 83' lang='lat' dir='ltr'>quippe</span> <span class='ocrx_word' id='word_1_111' title='bbox 899 2272 980 2323; x_wconf 91' lang='lat' dir='ltr'>cum</span> <span class='ocrx_word' id='word_1_112' title='bbox 996 2248 1060 2323; x_wconf 93' lang='lat' dir='ltr'>Pol</span> <span class='ocrx_word' id='word_1_113' title='bbox 1073 2270 1210 2343; x_wconf 76' lang='lat' dir='ltr'>carpo,</span> <span class='ocrx_word' id='word_1_114' title='bbox 1234 2269 1274 2324; x_wconf 91' lang='lat' dir='ltr'>ut</span> <span class='ocrx_word' id='word_1_115' title='bbox 1289 2248 1381 2330; x_wconf 74' lang='lat' dir='ltr'>ibi&#39;d,</span> <span class='ocrx_word' id='word_1_116' title='bbox 1403 2252 1510 2340; x_wconf 48' lang='lat' dir='ltr'>tradi,-</span> 
     </span>
    </p>

    <p class='ocr_par' dir='ltr' id='par_1_8' title="bbox 141 2275 1517 2539">
     <span class='ocr_line' id='line_1_15' title="bbox 141 2275 1517 2449; baseline 0.001 -24"><span class='ocrx_word' id='word_1_117' title='bbox 141 2398 144 2403; x_wconf 92' lang='lat'>·</span> <span class='ocrx_word' id='word_1_118' title='bbox 293 2369 368 2436; x_wconf 88' lang='lat' dir='ltr'>tur,</span> <span class='ocrx_word' id='word_1_119' title='bbox 394 2344 630 2449; x_wconf 83' lang='lat' dir='ltr'>conversatus.</span> <span class='ocrx_word' id='word_1_120' title='bbox 678 2340 882 2438; x_wconf 89' lang='lat' dir='ltr'>Adpellatnr</span> <span class='ocrx_word' id='word_1_121' title='bbox 897 2367 985 2419; x_wconf 86' lang='lat' dir='ltr'>vero</span> <span class='ocrx_word' id='word_1_122' title='bbox 1002 2345 1039 2417; x_wconf 89' lang='lat' dir='ltr'>in</span> <span class='ocrx_word' id='word_1_123' title='bbox 1057 2275 1314 2441; x_wconf 66' lang='lat' dir='ltr'>smyrnensium</span> <span class='ocrx_word' id='word_1_124' title='bbox 1324 2344 1439 2442; x_wconf 87' lang='lat' dir='ltr'>Epist.</span> <span class='ocrx_word' id='word_1_125' title='bbox 1466 2349 1517 2426; x_wconf 77' lang='lat' dir='ltr'>de</span> 
     </span>
     <span class='ocr_line' id='line_1_16' title="bbox 286 2437 1512 2539; baseline 0.001 -20"><span class='ocrx_word' id='word_1_126' title='bbox 286 2440 469 2539; x_wconf 84' lang='lat' dir='ltr'>Martyrio</span> <span class='ocrx_word' id='word_1_127' title='bbox 485 2437 686 2536; x_wconf 86' lang='lat' dir='ltr'>Polycarpi,</span> <span class='ocrx_word' id='word_1_128' title='bbox 712 2438 911 2535; x_wconf 82' lang='lat' dir='ltr'>Aposlolious</span> <span class='ocrx_word' id='word_1_129' title='bbox 944 2458 981 2512; x_wconf 90' lang='lat' dir='ltr'>et</span> <span class='ocrx_word' id='word_1_130' title='bbox 1006 2441 1214 2536; x_wconf 71' lang='lat' dir='ltr'>Prophetiam</span> <span class='ocrx_word' id='word_1_131' title='bbox 1245 2444 1360 2529; x_wconf 72' lang='lat' dir='ltr'>dossas,</span> <span class='ocrx_word' id='word_1_132' title='bbox 1385 2442 1512 2520; x_wconf 79' lang='lat' dir='ltr'>Eccle-</span> 
     </span>
    </p>

    <p class='ocr_par' dir='ltr' id='par_1_9' title="bbox 287 2531 1513 2826">
     <span class='ocr_line' id='line_1_17' title="bbox 289 2531 1513 2633; baseline -0.001 -20"><span class='ocrx_word' id='word_1_133' title='bbox 289 2539 358 2613; x_wconf 80' lang='lat' dir='ltr'>fiae</span> <span class='ocrx_word' id='word_1_134' title='bbox 384 2535 577 2610; x_wconf 84' lang='lat' dir='ltr'>catholicae</span> <span class='ocrx_word' id='word_1_135' title='bbox 602 2534 862 2632; x_wconf 74' lang='lat' dir='ltr'>smyrnensium</span> <span class='ocrx_word' id='word_1_136' title='bbox 887 2531 1106 2633; x_wconf 85' lang='lat' dir='ltr'>Episcopus,</span> <span class='ocrx_word' id='word_1_137' title='bbox 1151 2535 1230 2613; x_wconf 81' lang='lat' dir='ltr'>Eus.</span> <span class='ocrx_word' id='word_1_138' title='bbox 1264 2538 1314 2612; x_wconf 88' lang='lat' dir='ltr'>H.</span> <span class='ocrx_word' id='word_1_139' title='bbox 1339 2538 1414 2618; x_wconf 73' lang='lat' dir='ltr'>1V5</span> <span class='ocrx_word' id='word_1_140' title='bbox 1451 2561 1513 2632; x_wconf 79' lang='lat'>15.</span> 
     </span>
     <span class='ocr_line' id='line_1_18' title="bbox 288 2625 1505 2730; baseline -0.002 -21"><span class='ocrx_word' id='word_1_141' title='bbox 288 2631 409 2709; x_wconf 81' lang='lat' dir='ltr'>Exstat</span> <span class='ocrx_word' id='word_1_142' title='bbox 425 2632 463 2705; x_wconf 90' lang='lat' dir='ltr'>in</span> <span class='ocrx_word' id='word_1_143' title='bbox 487 2629 643 2704; x_wconf 89' lang='lat' dir='ltr'>Patribus</span> <span class='ocrx_word' id='word_1_144' title='bbox 660 2625 784 2723; x_wconf 87' lang='lat' dir='ltr'>Apost.</span> <span class='ocrx_word' id='word_1_145' title='bbox 810 2628 989 2704; x_wconf 87' lang='lat' dir='ltr'>Cotelerii.</span> <span class='ocrx_word' id='word_1_146' title='bbox 1040 2630 1124 2705; x_wconf 89' lang='lat' dir='ltr'>Nec</span> <span class='ocrx_word' id='word_1_147' title='bbox 1141 2631 1229 2706; x_wconf 89' lang='lat' dir='ltr'>male</span> <span class='ocrx_word' id='word_1_148' title='bbox 1259 2629 1411 2730; x_wconf 81' lang='lat' dir='ltr'>conjicit</span> <span class='ocrx_word' id='word_1_149' title='bbox 1437 2635 1505 2710; x_wconf 83' lang='lat' dir='ltr'>ils·</span> 
     </span>
     <span class='ocr_line' id='line_1_19' title="bbox 287 2724 1512 2826; baseline 0.002 -21"><span class='ocrx_word' id='word_1_150' title='bbox 287 2729 415 2816; x_wconf 87' lang='lat' dir='ltr'>serius,</span> <span class='ocrx_word' id='word_1_151' title='bbox 435 2726 479 2800; x_wconf 93' lang='lat' dir='ltr'>de</span> <span class='ocrx_word' id='word_1_152' title='bbox 490 2724 598 2820; x_wconf 80' lang='lat' dir='ltr'>Epis-c.</span> <span class='ocrx_word' id='word_1_153' title='bbox 616 2745 652 2798; x_wconf 87' lang='lat' dir='ltr'>et</span> <span class='ocrx_word' id='word_1_154' title='bbox 669 2726 843 2823; x_wconf 73' lang='lat' dir='ltr'>Messapos.</span> <span class='ocrx_word' id='word_1_155' title='bbox 863 2729 1009 2822; x_wconf 80' lang='lat' dir='ltr'>origine,</span> <span class='ocrx_word' id='word_1_156' title='bbox 1029 2748 1110 2801; x_wconf 90' lang='lat' dir='ltr'>eum</span> <span class='ocrx_word' id='word_1_157' title='bbox 1126 2752 1190 2826; x_wconf 86' lang='lat' dir='ltr'>per</span> <span class='ocrx_word' id='word_1_158' title='bbox 1205 2728 1367 2826; x_wconf 79' lang='lat' dir='ltr'>Angelum</span> <span class='ocrx_word' id='word_1_159' title='bbox 1381 2730 1512 2807; x_wconf 67' lang='lat' dir='ltr'>Escae·-</span> 
     </span>
    </p>

    <p class='ocr_par' dir='ltr' id='par_1_10' title="bbox 289 2820 1509 3018">
     <span class='ocr_line' id='line_1_20' title="bbox 289 2820 1509 2935; baseline -0.001 -35"><span class='ocrx_word' id='word_1_160' title='bbox 289 2825 356 2901; x_wconf 89' lang='lat' dir='ltr'>srae</span> <span class='ocrx_word' id='word_1_161' title='bbox 375 2820 640 2920; x_wconf 85' lang='lat' dir='ltr'>Smyrnensrsin</span> <span class='ocrx_word' id='word_1_162' title='bbox 659 2829 773 2916; x_wconf 87' lang='lat' dir='ltr'>Apoc.</span> <span class='ocrx_word' id='word_1_163' title='bbox 799 2821 881 2918; x_wconf 86' lang='lat' dir='ltr'>Joh.</span> <span class='ocrx_word' id='word_1_164' title='bbox 899 2821 970 2895; x_wconf 88' lang='lat' dir='ltr'>esse</span> <span class='ocrx_word' id='word_1_165' title='bbox 995 2821 1107 2896; x_wconf 89' lang='lat' dir='ltr'>intelli</span> <span class='ocrx_word' id='word_1_166' title='bbox 1157 2823 1273 2899; x_wconf 89' lang='lat' dir='ltr'>ndum.</span> <span class='ocrx_word' id='word_1_167' title='bbox 1318 2823 1509 2935; x_wconf 69' lang='lat' dir='ltr'>,Epsessuae</span> 
     </span>
     <span class='ocr_line' id='line_1_21' title="bbox 289 2917 1505 3018; baseline -0.001 -20"><span class='ocrx_word' id='word_1_168' title='bbox 289 2919 464 2998; x_wconf 87' lang='lat' dir='ltr'>Ecclefiae</span> <span class='ocrx_word' id='word_1_169' title='bbox 482 2918 630 3014; x_wconf 89' lang='lat' dir='ltr'>primum</span> <span class='ocrx_word' id='word_1_170' title='bbox 650 2917 749 2991; x_wconf 86' lang='lat' dir='ltr'>fuisse</span> <span class='ocrx_word' id='word_1_171' title='bbox 765 2917 981 3015; x_wconf 90' lang='lat' dir='ltr'>Episcopum</span> <span class='ocrx_word' id='word_1_172' title='bbox 1001 2917 1217 3009; x_wconf 81' lang='lat' dir='ltr'>simoruum,</span> <span class='ocrx_word' id='word_1_173' title='bbox 1243 2921 1386 2996; x_wconf 87' lang='lat' dir='ltr'>traditro</span> <span class='ocrx_word' id='word_1_174' title='bbox 1401 2945 1505 3018; x_wconf 87' lang='lat' dir='ltr'>prae·</span> 
     </span>
    </p>

    <p class='ocr_par' dir='ltr' id='par_1_11' title="bbox 287 3012 1504 3184">
     <span class='ocr_line' id='line_1_22' title="bbox 287 3012 1504 3184; baseline -0.002 -88"><span class='ocrx_word' id='word_1_175' title='bbox 287 3023 378 3110; x_wconf 83' lang='lat' dir='ltr'>sert,</span> <span class='ocrx_word' id='word_1_176' title='bbox 404 3017 493 3128; x_wconf 90' lang='lat' dir='ltr'>apud</span> <span class='ocrx_word' id='word_1_177' title='bbox 512 3015 622 3090; x_wconf 92' lang='lat' dir='ltr'>Usser.</span> <span class='ocrx_word' id='word_1_178' title='bbox 642 3015 662 3088; x_wconf 91' lang='lat' dir='ltr'>l.</span> <span class='ocrx_word' id='word_1_179' title='bbox 683 3037 735 3102; x_wconf 90' lang='lat' dir='ltr'>c.‚</span> <span class='ocrx_word' id='word_1_180' title='bbox 761 3037 830 3087; x_wconf 90' lang='lat' dir='ltr'>nec</span> <span class='ocrx_word' id='word_1_181' title='bbox 845 3014 954 3112; x_wconf 84' lang='lat' dir='ltr'>male,</span> <span class='ocrx_word' id='word_1_182' title='bbox 975 3012 1020 3103; x_wconf 92' lang='lat' dir='ltr'>sr,</span> <span class='ocrx_word' id='word_1_183' title='bbox 1044 3037 1110 3184; x_wconf 75' lang='lat' dir='ltr'>pua</span> <span class='ocrx_word' id='word_1_184' title='bbox 1128 3017 1305 3111; x_wconf 85' lang='lat' dir='ltr'>delegatus</span> <span class='ocrx_word' id='word_1_185' title='bbox 1322 3016 1504 3114; x_wconf 83' lang='lat' dir='ltr'>Apostoli·</span> 
     </span>
    </p>

    <p class='ocr_par' dir='ltr' id='par_1_12' title="bbox 288 3109 1503 3207">
     <span class='ocr_line' id='line_1_23' title="bbox 288 3109 1503 3207; baseline -0.003 -15"><span class='ocrx_word' id='word_1_186' title='bbox 288 3142 369 3207; x_wconf 90' lang='lat' dir='ltr'>cus,</span> <span class='ocrx_word' id='word_1_187' title='bbox 389 3114 440 3188; x_wconf 80' lang='lat' dir='ltr'>ibt</span> <span class='ocrx_word' id='word_1_188' title='bbox 452 3111 530 3207; x_wconf 93' lang='lat' dir='ltr'>post</span> <span class='ocrx_word' id='word_1_189' title='bbox 543 3131 695 3185; x_wconf 87' lang='lat' dir='ltr'>mortem</span> <span class='ocrx_word' id='word_1_190' title='bbox 710 3110 803 3184; x_wconf 87' lang='lat' dir='ltr'>Pauli</span> <span class='ocrx_word' id='word_1_191' title='bbox 813 3109 1027 3207; x_wconf 83' lang='lat' dir='ltr'>potissimum</span> <span class='ocrx_word' id='word_1_192' title='bbox 1059 3111 1161 3184; x_wconf 91' lang='lat' dir='ltr'>edem</span> <span class='ocrx_word' id='word_1_193' title='bbox 1178 3111 1350 3201; x_wconf 84' lang='lat' dir='ltr'>habuisse,</span> <span class='ocrx_word' id='word_1_194' title='bbox 1375 3111 1503 3189; x_wconf 87' lang='lat' dir='ltr'>statua·</span> 
     </span>
    </p>

    <p class='ocr_par' dir='ltr' id='par_1_13' title="bbox 287 3203 1508 3407">
     <span class='ocr_line' id='line_1_24' title="bbox 289 3203 1503 3305; baseline -0.002 -18"><span class='ocrx_word' id='word_1_195' title='bbox 289 3234 356 3289; x_wconf 79' lang='lat' dir='ltr'>surr.</span> <span class='ocrx_word' id='word_1_196' title='bbox 403 3210 537 3284; x_wconf 83' lang='lat' dir='ltr'>Primus</span> <span class='ocrx_word' id='word_1_197' title='bbox 569 3227 685 3282; x_wconf 88' lang='lat' dir='ltr'>autem</span> <span class='ocrx_word' id='word_1_198' title='bbox 721 3205 926 3282; x_wconf 89' lang='lat' dir='ltr'>Ordinarius</span> <span class='ocrx_word' id='word_1_199' title='bbox 956 3203 1150 3300; x_wconf 88' lang='lat' dir='ltr'>Episcopus</span> <span class='ocrx_word' id='word_1_200' title='bbox 1183 3207 1251 3280; x_wconf 88' lang='lat' dir='ltr'>suit</span> <span class='ocrx_word' id='word_1_201' title='bbox 1285 3209 1503 3305; x_wconf 66' lang='lat' dir='ltr'>oremus,</span> 
     </span>
     <span class='ocr_line' id='line_1_25' title="bbox 287 3301 1508 3407; baseline 0.001 -26"><span class='ocrx_word' id='word_1_202' title='bbox 287 3306 428 3403; x_wconf 84' lang='lat' dir='ltr'>Ignatio</span> <span class='ocrx_word' id='word_1_203' title='bbox 448 3305 485 3377; x_wconf 91' lang='lat' dir='ltr'>in</span> <span class='ocrx_word' id='word_1_204' title='bbox 500 3305 566 3398; x_wconf 81' lang='lat' dir='ltr'>Ep</span> <span class='ocrx_word' id='word_1_205' title='bbox 584 3304 626 3377; x_wconf 90' lang='lat' dir='ltr'>ad</span> <span class='ocrx_word' id='word_1_206' title='bbox 642 3302 770 3396; x_wconf 87' lang='lat' dir='ltr'>Ephes.</span> <span class='ocrx_word' id='word_1_207' title='bbox 789 3323 1010 3376; x_wconf 87' lang='lat' dir='ltr'>memoratus.</span> <span class='ocrx_word' id='word_1_208' title='bbox 1062 3301 1138 3407; x_wconf 83' lang='lat' dir='ltr'>Qua</span> <span class='ocrx_word' id='word_1_209' title='bbox 1156 3304 1276 3376; x_wconf 89' lang='lat' dir='ltr'>eadem</span> <span class='ocrx_word' id='word_1_210' title='bbox 1293 3305 1430 3378; x_wconf 90' lang='lat' dir='ltr'>ratione</span> <span class='ocrx_word' id='word_1_211' title='bbox 1449 3307 1508 3382; x_wconf 78' lang='lat' dir='ltr'>se·</span> 
     </span>
    </p>

    <p class='ocr_par' dir='ltr' id='par_1_14' title="bbox 282 3392 1504 3694">
     <span class='ocr_line' id='line_1_26' title="bbox 285 3392 1495 3496; baseline 0.001 -20"><span class='ocrx_word' id='word_1_212' title='bbox 285 3404 321 3476; x_wconf 90' lang='lat' dir='ltr'>se</span> <span class='ocrx_word' id='word_1_213' title='bbox 339 3424 392 3475; x_wconf 90' lang='lat' dir='ltr'>res</span> <span class='ocrx_word' id='word_1_214' title='bbox 409 3398 527 3472; x_wconf 87' lang='lat' dir='ltr'>babuit</span> <span class='ocrx_word' id='word_1_215' title='bbox 545 3421 623 3469; x_wconf 91' lang='lat' dir='ltr'>cum</span> <span class='ocrx_word' id='word_1_216' title='bbox 642 3394 751 3483; x_wconf 84' lang='lat' dir='ltr'>Tito,</span> <span class='ocrx_word' id='word_1_217' title='bbox 772 3395 966 3487; x_wconf 82' lang='lat' dir='ltr'>Cretenstum</span> <span class='ocrx_word' id='word_1_218' title='bbox 982 3392 1180 3490; x_wconf 90' lang='lat' dir='ltr'>Episcopo,</span> <span class='ocrx_word' id='word_1_219' title='bbox 1198 3397 1255 3494; x_wconf 92' lang='lat' dir='ltr'>qui</span> <span class='ocrx_word' id='word_1_220' title='bbox 1269 3399 1309 3473; x_wconf 80' lang='lat' dir='ltr'>&#39;et</span> <span class='ocrx_word' id='word_1_221' title='bbox 1330 3399 1404 3496; x_wconf 90' lang='lat' dir='ltr'>ipse</span> <span class='ocrx_word' id='word_1_222' title='bbox 1422 3401 1495 3477; x_wconf 86' lang='lat' dir='ltr'>fuit</span> 
     </span>
     <span class='ocr_line' id='line_1_27' title="bbox 282 3489 1504 3592; baseline 0.001 -22"><span class='ocrx_word' id='word_1_223' title='bbox 282 3498 461 3592; x_wconf 84' lang='lat' dir='ltr'>delegatus</span> <span class='ocrx_word' id='word_1_224' title='bbox 476 3493 590 3580; x_wconf 90' lang='lat' dir='ltr'>Pauli,</span> <span class='ocrx_word' id='word_1_225' title='bbox 616 3491 659 3565; x_wconf 91' lang='lat' dir='ltr'>ad</span> <span class='ocrx_word' id='word_1_226' title='bbox 684 3513 805 3564; x_wconf 89' lang='lat' dir='ltr'>omnes</span> <span class='ocrx_word' id='word_1_227' title='bbox 825 3493 951 3563; x_wconf 86' lang='lat' dir='ltr'>Cretae</span> <span class='ocrx_word' id='word_1_228' title='bbox 973 3489 1142 3564; x_wconf 90' lang='lat' dir='ltr'>Ecclesras</span> <span class='ocrx_word' id='word_1_229' title='bbox 1168 3494 1336 3587; x_wconf 85' lang='lat' dir='ltr'>regendas</span> <span class='ocrx_word' id='word_1_230' title='bbox 1357 3494 1504 3590; x_wconf 62' lang='lat' dir='ltr'>missusa</span> 
     </span>
     <span class='ocr_line' id='line_1_28' title="bbox 307 3583 1498 3694; baseline 0.002 -28"><span class='ocrx_word' id='word_1_231' title='bbox 307 3592 427 3679; x_wconf 88' lang='lat' dir='ltr'>nibus,</span> <span class='ocrx_word' id='word_1_232' title='bbox 451 3588 561 3661; x_wconf 76' lang='lat' dir='ltr'>‘Paulo</span> <span class='ocrx_word' id='word_1_233' title='bbox 585 3607 745 3678; x_wconf 89' lang='lat' dir='ltr'>mortuo,</span> <span class='ocrx_word' id='word_1_234' title='bbox 771 3583 866 3659; x_wconf 71' lang='lat' dir='ltr'>resse</span> <span class='ocrx_word' id='word_1_235' title='bbox 883 3583 1067 3681; x_wconf 86' lang='lat' dir='ltr'>praefuisse</span> <span class='ocrx_word' id='word_1_236' title='bbox 1087 3589 1258 3665; x_wconf 85' lang='lat' dir='ltr'>censetur.</span> <span class='ocrx_word' id='word_1_237' title='bbox 1311 3591 1392 3694; x_wconf 78' lang='lat' dir='ltr'>Quo</span> <span class='ocrx_word' id='word_1_238' title='bbox 1420 3592 1498 3670; x_wconf 51' lang='lat' dir='ltr'>sen}</span> 
     </span>
    </p>

    <p class='ocr_par' dir='ltr' id='par_1_15' title="bbox 281 3619 1495 3782">
     <span class='ocr_line' id='line_1_29' title="bbox 281 3619 1495 3782; baseline -0.001 -17"><span class='ocrx_word' id='word_1_239' title='bbox 281 3619 320 3765; x_wconf 69' lang='lat' dir='ltr'>su</span> <span class='ocrx_word' id='word_1_240' title='bbox 348 3683 504 3760; x_wconf 90' lang='lat' dir='ltr'>omnium</span> <span class='ocrx_word' id='word_1_241' title='bbox 529 3685 655 3754; x_wconf 79' lang='lat' dir='ltr'>Cretae</span> <span class='ocrx_word' id='word_1_242' title='bbox 681 3679 911 3755; x_wconf 86' lang='lat' dir='ltr'>Ecclesiarum</span> <span class='ocrx_word' id='word_1_243' title='bbox 935 3678 1130 3776; x_wconf 89' lang='lat' dir='ltr'>Episcopus</span> <span class='ocrx_word' id='word_1_244' title='bbox 1162 3683 1324 3781; x_wconf 88' lang='lat' dir='ltr'>adpellari</span> <span class='ocrx_word' id='word_1_245' title='bbox 1351 3688 1495 3782; x_wconf 85' lang='lat' dir='ltr'>potest,</span> 
     </span>
    </p>

    <p class='ocr_par' dir='ltr' id='par_1_16' title="bbox 283 3773 1500 3881">
     <span class='ocr_line' id='line_1_30' title="bbox 283 3773 1500 3881; baseline -0.001 -20"><span class='ocrx_word' id='word_1_246' title='bbox 283 3782 336 3861; x_wconf 90' lang='lat' dir='ltr'>uti</span> <span class='ocrx_word' id='word_1_247' title='bbox 358 3780 410 3859; x_wconf 90' lang='lat' dir='ltr'>est</span> <span class='ocrx_word' id='word_1_248' title='bbox 433 3778 524 3874; x_wconf 91' lang='lat' dir='ltr'>apud</span> <span class='ocrx_word' id='word_1_249' title='bbox 550 3777 630 3851; x_wconf 88' lang='lat' dir='ltr'>Eus.</span> <span class='ocrx_word' id='word_1_250' title='bbox 664 3776 712 3849; x_wconf 93' lang='lat' dir='ltr'>H.</span> <span class='ocrx_word' id='word_1_251' title='bbox 740 3776 803 3849; x_wconf 89' lang='lat' dir='ltr'>Ill:</span> <span class='ocrx_word' id='word_1_252' title='bbox 829 3799 870 3870; x_wconf 68' lang='lat'>4.</span> <span class='ocrx_word' id='word_1_253' title='bbox 918 3773 1073 3881; x_wconf 79' lang='lat' dir='ltr'>Quibus,</span> <span class='ocrx_word' id='word_1_254' title='bbox 1115 3801 1160 3852; x_wconf 90' lang='lat' dir='ltr'>ne</span> <span class='ocrx_word' id='word_1_255' title='bbox 1186 3782 1281 3875; x_wconf 92' lang='lat' dir='ltr'>plura</span> <span class='ocrx_word' id='word_1_256' title='bbox 1317 3782 1500 3878; x_wconf 77' lang='lat' dir='ltr'>proferam</span> 
     </span>
    </p>

    <p class='ocr_par' dir='ltr' id='par_1_17' title="bbox 170 3870 1493 4167">
     <span class='ocr_line' id='line_1_31' title="bbox 170 3870 1490 3972; baseline -0.002 -17"><span class='ocrx_word' id='word_1_257' title='bbox 170 3870 175 3885; x_wconf 80' lang='lat'>&#39;</span> <span class='ocrx_word' id='word_1_258' title='bbox 282 3875 460 3972; x_wconf 83' lang='lat' dir='ltr'>exempla,</span> <span class='ocrx_word' id='word_1_259' title='bbox 488 3874 677 3970; x_wconf 86' lang='lat' dir='ltr'>subjungo,</span> <span class='ocrx_word' id='word_1_260' title='bbox 704 3871 899 3969; x_wconf 90' lang='lat' dir='ltr'>Johaunem</span> <span class='ocrx_word' id='word_1_261' title='bbox 917 3870 1145 3971; x_wconf 89' lang='lat' dir='ltr'>Apostolum,</span> <span class='ocrx_word' id='word_1_262' title='bbox 1169 3877 1211 3949; x_wconf 91' lang='lat' dir='ltr'>ab</span> <span class='ocrx_word' id='word_1_263' title='bbox 1238 3878 1345 3951; x_wconf 83' lang='lat' dir='ltr'>exilio</span> <span class='ocrx_word' id='word_1_264' title='bbox 1371 3879 1490 3969; x_wconf 87' lang='lat' dir='ltr'>Ephe·</span> 
     </span>
     <span class='ocr_line' id='line_1_32' title="bbox 282 3968 1493 4073; baseline 0.002 -23"><span class='ocrx_word' id='word_1_265' title='bbox 282 3977 354 4050; x_wconf 86' lang='lat' dir='ltr'>sirm</span> <span class='ocrx_word' id='word_1_266' title='bbox 374 3970 571 4060; x_wconf 83' lang='lat' dir='ltr'>reversum,</span> <span class='ocrx_word' id='word_1_267' title='bbox 598 3969 687 4043; x_wconf 88' lang='lat' dir='ltr'>tradi</span> <span class='ocrx_word' id='word_1_268' title='bbox 711 3969 747 4042; x_wconf 89' lang='lat' dir='ltr'>in</span> <span class='ocrx_word' id='word_1_269' title='bbox 765 3970 893 4046; x_wconf 88' lang='lat' dir='ltr'>vicinis</span> <span class='ocrx_word' id='word_1_270' title='bbox 915 3968 1118 4069; x_wconf 86' lang='lat' dir='ltr'>regionibus</span> <span class='ocrx_word' id='word_1_271' title='bbox 1145 3971 1359 4047; x_wconf 83' lang='lat' dir='ltr'>constituisse</span> <span class='ocrx_word' id='word_1_272' title='bbox 1392 3977 1493 4073; x_wconf 90' lang='lat' dir='ltr'>Epis·</span> 
     </span>
     <span class='ocr_line' id='line_1_33' title="bbox 283 4064 1492 4167; baseline 0.003 -25"><span class='ocrx_word' id='word_1_273' title='bbox 283 4081 412 4167; x_wconf 86' lang='lat' dir='ltr'>copos,</span> <span class='ocrx_word' id='word_1_274' title='bbox 452 4068 540 4160; x_wconf 88' lang='lat' dir='ltr'>apud</span> <span class='ocrx_word' id='word_1_275' title='bbox 566 4068 785 4140; x_wconf 79' lang='lat' dir='ltr'>Clementem</span> <span class='ocrx_word' id='word_1_276' title='bbox 807 4067 910 4141; x_wconf 84' lang='lat' dir='ltr'>Alex.</span> <span class='ocrx_word' id='word_1_277' title='bbox 935 4066 973 4138; x_wconf 89' lang='lat' dir='ltr'>in</span> <span class='ocrx_word' id='word_1_278' title='bbox 995 4064 1076 4148; x_wconf 80' lang='lat' dir='ltr'>lib..</span> <span class='ocrx_word' id='word_1_279' title='bbox 1119 4072 1190 4161; x_wconf 80' lang='lat' dir='ltr'>quis</span> <span class='ocrx_word' id='word_1_280' title='bbox 1213 4070 1300 4144; x_wconf 79' lang='lat' dir='ltr'>diues</span> <span class='ocrx_word' id='word_1_281' title='bbox 1315 4070 1492 4166; x_wconf 60' lang='lat' dir='ltr'>saliretur,</span> 
     </span>
    </p>

    <p class='ocr_par' dir='ltr' id='par_1_18' title="bbox 280 4158 1492 4264">
     <span class='ocr_line' id='line_1_34' title="bbox 280 4158 1492 4264; baseline -0.002 -22"><span class='ocrx_word' id='word_1_282' title='bbox 280 4187 318 4242; x_wconf 89' lang='lat' dir='ltr'>et</span> <span class='ocrx_word' id='word_1_283' title='bbox 334 4189 380 4240; x_wconf 82' lang='lat' dir='ltr'>ex</span> <span class='ocrx_word' id='word_1_284' title='bbox 402 4184 446 4235; x_wconf 91' lang='lat' dir='ltr'>eo</span> <span class='ocrx_word' id='word_1_285' title='bbox 470 4161 559 4256; x_wconf 89' lang='lat' dir='ltr'>apud</span> <span class='ocrx_word' id='word_1_286' title='bbox 574 4162 652 4234; x_wconf 80' lang='lat' dir='ltr'>Eus.</span> <span class='ocrx_word' id='word_1_287' title='bbox 679 4164 728 4236; x_wconf 88' lang='lat' dir='ltr'>H.</span> <span class='ocrx_word' id='word_1_288' title='bbox 753 4162 795 4235; x_wconf 89' lang='lat' dir='ltr'>E.</span> <span class='ocrx_word' id='word_1_289' title='bbox 821 4163 886 4236; x_wconf 89' lang='lat' dir='ltr'>Ill:</span> <span class='ocrx_word' id='word_1_290' title='bbox 913 4183 995 4255; x_wconf 63' lang='lat'>23„</span> <span class='ocrx_word' id='word_1_291' title='bbox 1022 4158 1080 4232; x_wconf 90' lang='lat' dir='ltr'>ubi</span> <span class='ocrx_word' id='word_1_292' title='bbox 1108 4163 1283 4254; x_wconf 83' lang='lat' dir='ltr'>refertus,</span> <span class='ocrx_word' id='word_1_293' title='bbox 1325 4165 1405 4240; x_wconf 86' lang='lat' dir='ltr'>alias</span> <span class='ocrx_word' id='word_1_294' title='bbox 1433 4167 1492 4264; x_wconf 87' lang='lat' dir='ltr'>ip-</span> 
     </span>
    </p>

    <p class='ocr_par' dir='ltr' id='par_1_19' title="bbox 274 4253 1491 4528">
     <span class='ocr_line' id='line_1_35' title="bbox 279 4253 1491 4360; baseline 0.002 -27"><span class='ocrx_word' id='word_1_295' title='bbox 279 4263 353 4338; x_wconf 91' lang='lat' dir='ltr'>sum</span> <span class='ocrx_word' id='word_1_296' title='bbox 378 4255 578 4353; x_wconf 84' lang='lat' dir='ltr'>gubernasse</span> <span class='ocrx_word' id='word_1_297' title='bbox 604 4256 890 4343; x_wconf 52' lang='lat' dir='ltr'>Ecclefias„aliis</span> <span class='ocrx_word' id='word_1_298' title='bbox 910 4253 1113 4352; x_wconf 89' lang='lat' dir='ltr'>praefecisse</span> <span class='ocrx_word' id='word_1_299' title='bbox 1129 4257 1335 4360; x_wconf 86' lang='lat' dir='ltr'>Episcopus.</span> <span class='ocrx_word' id='word_1_300' title='bbox 1389 4265 1491 4336; x_wconf 84' lang='lat' dir='ltr'>luter</span> 
     </span>
     <span class='ocr_line' id='line_1_36' title="bbox 274 4351 1491 4528; baseline 0.003 -97"><span class='ocrx_word' id='word_1_301' title='bbox 274 4379 368 4457; x_wconf 69' lang='lat' dir='ltr'>quos</span> <span class='ocrx_word' id='word_1_302' title='bbox 389 4355 507 4430; x_wconf 87' lang='lat' dir='ltr'>locum</span> <span class='ocrx_word' id='word_1_303' title='bbox 544 4372 665 4429; x_wconf 90' lang='lat' dir='ltr'>tenere</span> <span class='ocrx_word' id='word_1_304' title='bbox 687 4351 807 4453; x_wconf 82' lang='lat' dir='ltr'>potest</span> <span class='ocrx_word' id='word_1_305' title='bbox 839 4355 987 4455; x_wconf 82' lang='lat' dir='ltr'>Papias,</span> <span class='ocrx_word' id='word_1_306' title='bbox 1028 4352 1236 4459; x_wconf 87' lang='lat' dir='ltr'>Hieropolis</span> <span class='ocrx_word' id='word_1_307' title='bbox 1268 4356 1491 4528; x_wconf 58' lang='lat' dir='ltr'>inEl&#39;ilprygia</span> 
     </span>
    </p>

    <p class='ocr_par' dir='ltr' id='par_1_20' title="bbox 515 4477 1494 4552">
     <span class='ocr_line' id='line_1_37' title="bbox 515 4477 1494 4552; baseline 0.002 -3"><span class='ocrx_word' id='word_1_308' title='bbox 515 4482 516 4485; x_wconf 75' lang='grc'>’</span> <span class='ocrx_word' id='word_1_309' title='bbox 1328 4477 1494 4552; x_wconf 66' lang='lat'>9909118</span> 
     </span>
    </p>
   </div>
   <div class='ocr_carea' id='block_1_5' title="bbox 0 0 1810 5500">
    <p class='ocr_par' dir='ltr' id='par_1_21' title="bbox 0 0 1810 5500">
     <span class='ocr_line' id='line_1_38' title="bbox 0 0 1810 5500; baseline 0 5"><span class='ocrx_word' id='word_1_310' title='bbox 0 0 1810 5500; x_wconf 95' lang='lat' dir='ltr'> </span> 
     </span>
    </p>
   </div>
  </div>
 </body>
</html>
