3609 5500
816 897 1029 989 neutri,
1449 920 1525 1006 507

294 1084 358 1167 bis
383 1076 571 1167 Christiani
595 1079 817 1158 eminuerit?
849 1084 895 1159 de
918 1081 1195 1160 illisadcuratius
1210 1105 1395 1183 exponam.
1444 1087 1523 1168 Me·⁴

295 1184 508 1279 tropontani,
530 1180 597 1253 sec.
616 1182 727 1269 tho,
746 1203 816 1288 quo
829 1201 963 1253 nomen
979 1180 1135 1275 incepit,
1154 1181 1315 1277 adpellati
1330 1184 1408 1256 suut
1421 1182 1522 1279 upra

299 1279 385 1374 copi
406 1276 584 1369 rntttopolis
608 1274 835 1363 Provinciae,
860 1274 1005 1371 reliquis
1055 1276 1235 1351 rovinciae
1258 1276 1444 1374 Episcopis
1468 1283 1521 1353 su·

247 1456 250 1460 ,
291 1373 480 1474 periotes,
505 1391 543 1443 et
560 1370 745 1443 autoritate
770 1370 904 1466 majore
929 1392 1013 1466 prae
1040 1370 1108 1459 iti3
1135 1394 1281 1467 quorum
1307 1390 1401 1461 erat,
1426 1374 1520 1448 ordi·

296 1492 409 1556 nare,
440 1466 500 1541 vel
521 1466 750 1556 confirmare,
789 1465 986 1561 Episcopos
1011 1466 1241 1557 Provinciae,
1281 1465 1450 1563 synodum
1474 1492 1520 1545 ex

223 1617 227 1621 -
287 1566 369 1640 illia
385 1585 603 1651 convocare,
633 1581 670 1635 et
686 1560 724 1633 in
749 1584 791 1635 ea
812 1561 1026 1657 praesidere,
1053 1561 1181 1659 quique
1207 1587 1226 1636 a
1250 1561 1392 1658 reliquis
1416 1562 1518 1657 Epis·

285 1659 404 1757 copis
427 1658 461 1730 in
487 1658 590 1730 rebus
614 1654 755 1752 majoris
777 1656 947 1730 momenti
970 1658 1256 1746 consulebantur,
1279 1677 1316 1730 et
1341 1658 1411 1730 sure
1430 1680 1519 1752 quo·

292 1779 379 1832 rum
399 1750 565 1827 consensu
591 1752 677 1825 nihil
704 1753 779 1823 lere
806 1755 981 1847 agebatur.
1032 1753 1114 1852 Quo
1139 1771 1299 1847 tempore
1323 1752 1410 1825 haec
1436 1754 1515 1825 sub·

295 1847 480 1926 ordinatio
504 1845 611 1919 fuerit
638 1844 856 1936 innodasti,
888 1846 1044 1943 praecise
1081 1847 1224 1919 definiri
1257 1848 1396 1944 nequit:
1432 1844 1516 1931 illud

298 1946 343 2021 in
363 1965 493 2041 genere
516 1963 562 2017 ex
588 1965 662 2015 can.
690 1940 866 2014 Nicaeuo.
894 1942 982 2015 Vlto
1007 1942 1074 2015 sec.
1099 1941 1167 2016 IV.
1192 1939 1348 2032 constat,
1373 1961 1456 2016 ante
1474 1943 1516 2016 il·

290 2040 362 2117 rud
384 2058 520 2134 tempus
543 2036 736 2133 aliquandiu
761 2034 971 2127 obtinuisse,
1005 2059 1085 2110 cum
1107 2040 1234 2133 antiqui
1259 2061 1358 2109 tnorts
1380 2038 1431 2111 ibi
1458 2038 1519 2113 ad·

297 2135 496 2235 pellentur,
517 2134 562 2212 ad
580 2156 666 2228 quos
684 2133 767 2226 Syn.
784 2130 944 2205 Nicaena
967 2152 1149 2227 provocat.
1181 2135 1237 2228 Eat
1255 2156 1331 2207 can.
1357 2134 1428 2228 Ap.
1455 2152 1514 2229 35,

296 2252 393 2306 vero
414 2230 546 2325 liquet,
571 2229 686 2313 seculo
704 2229 774 2299 hoc
791 2226 833 2301 ad
856 2227 964 2299 finem
981 2249 1173 2324 vergente,
1197 2229 1253 2299 vel
1271 2228 1438 2324 sequente
1452 2230 1515 2304 sal-

290 2344 397 2415 ‚tem
413 2324 483 2421 jam
506 2325 622 2397 locum
644 2321 808 2398 habuisse.
851 2323 973 2395 Verba
997 2329 1126 2395 canonis
1152 2323 1240 2396 lraec
1266 2324 1356 2396 suut.
1411 2327 1515 2396 Unius

297 2419 516 2518 cujuscunque
547 2420 738 2493 Provinciae
771 2414 923 2513 Episcopi
963 2416 1131 2511 agnoscere
1160 2418 1273 2487 dtbttn
1307 2441 1377 2490 eunt
1410 2418 1456 2489 nir
1488 2427 1516 2493 ir

282 2526 403 2596 aiwat-
419 2527 525 2609 spuitur
547 2517 600 2611 qni
624 2520 707 2585 inter
726 2512 797 2584 illos
810 2514 932 2606 primns
956 2522 1022 2603 est,
1049 2510 1209 2607 ipsumque
1233 2529 1270 2584 ut
1287 2528 1383 2605 caput
1399 2511 1514 2611 enssi-

292 2637 412 2702 aare,
442 2635 543 2709 aaqnt
566 2620 713 2703 tnngnntn
731 2605 804 2699 stne
830 2609 917 2680 illius
933 2610 1100 2700 sententia
1125 2630 1237 2701 agera:
1278 2632 1427 2704 qnttnque
1441 2633 1514 2684 ntro

284 2708 455 2808 casolata
475 2730 591 2803 ngare,
615 2728 695 2800 punt
716 2706 758 2775 ad
773 2702 871 2797 sunm
887 2709 1088 2796 paroeciam,
1114 2700 1375 2800 eipnesnhjesias
1394 2707 1513 2799 ovillas,

200 2804 212 2813 ”
283 2886 288 2893 ,
357 2809 480 2895 tintus,
511 2801 575 2900 sad
597 2825 653 2873 nec
678 2801 732 2871 ille
746 2797 819 2890 stne
842 2802 980 2873 orttniutn
1003 2802 1166 2873 voluntate
1189 2803 1357 2893 quicquam
1380 2800 1512 2894 facins.

289 2899 491 3003 Supersunt
515 2919 650 2994 quoquc
667 2895 848 2984 nonnulla,
871 2895 959 2968 licet
975 2895 1109 2966 leviora
1133 2912 1170 2964 et
1188 2895 1423 2987 generaliora,
1448 2898 1513 2969 ltu·

299 3001 356 3076 ‘ua
370 2992 680 3077 subordinatione,
703 2990 773 3083 jum
795 2989 863 3060 hoc
887 2988 976 3076 sec.,
1001 2987 1156 3074 indicia,
1184 3009 1271 3079 quae
1288 2984 1444 3060 Usserius
1467 2989 1512 3062 de

292 3091 527 3192 Episcnpnrntn
559 3103 600 3158 tt·
623 3087 943 3176 dlnropolitonotnnt
974 3083 1138 3173 Origine,
1184 3101 1225 3151 ac
1258 3081 1426 3174 Berereg.
1467 3081 1511 3157 ad

292 3196 387 3266 (tan
410 3183 556 3282 sipost„
587 3183 657 3276 jam
686 3181 928 3275 protulerunt,
965 3175 1001 3248 in
1025 3173 1164 3272 synodis
1187 3170 1288 3269 super
1307 3173 1512 3271 ‘quaestione

347 3282 454 3359 senati
474 3277 656 3355 celebratis
681 3273 865 3369 apudEus.
892 3273 941 3344 H.
968 3269 1018 3345 V:
1046 3293 1123 3363 23,
1148 3268 1208 3342 ubi
1226 3269 1352 3357 refert,
1378 3271 1512 3366 synodo

327 3379 487 3456 aletrinae
509 3369 710 3471 praesedils:
736 3368 976 3463 Theophilum
1000 3362 1280 3440 Caesaraeenlern
1308 3386 1345 3439 et
1364 3362 1509 3442 Narcis-

292 3478 374 3554 sum
398 3470 631 3564 Hierosolym.
664 3465 897 3560 Episcopum,
940 3466 1029 3536 illam
1064 3461 1216 3550 scilicet,
1257 3484 1322 3569 qua
1357 3463 1510 3558 primum

298 3567 531 3656 Provinciae,
554 3567 634 3636 lrtrnc
651 3584 737 3632 vero
756 3577 914 3654 tanquam
938 3558 972 3630 ei
991 3557 1209 3650 proximum3
1235 3557 1306 3630 vid.
1324 3580 1399 3633 can.
1419 3583 1514 3653 ymas

300 3665 494 3741 Nicaenus.
539 3658 678 3734 Praescs
705 3677 791 3726 vero
817 3651 937 3747 synodi
963 3654 1144 3724 Romanae
1175 3673 1386 3723 memoratur
1420 3655 1511 3726 Vic-

302 3778 384 3847 tor,
413 3757 542 3854 Episco
569 3778 606 3826 us
635 3752 832 3835 Romanus,
866 3767 904 3819 et
929 3750 1090 3819 {renatus
1114 3745 1273 3818 Ecclcsris
1298 3746 1430 3818 Galliae
1457 3745 1512 3822 di·

299 3857 400 3931 citur
413 3853 527 3950 praese
554 3849 632 3921 ille:
660 3845 746 3918 ficut
765 3861 801 3914 et
818 3844 864 3914 ib.
891 3864 922 3913 c.
943 3864 1000 3930 24.
1027 3840 1168 3912 nomine
1186 3838 1330 3912 fratrum
1348 3841 1502 3936 Galliae,

295 3952 417 4049 quibas
438 3963 611 4046 praeerat,
644 3937 809 4036 scripsisse
835 3936 942 4008 fertur
972 3936 1115 4009 litteras.
1164 3932 1298 4008 Fecisse
1329 3955 1445 4010 autem
1475 3938 1513 4027 id

301 4069 386 4137 cos,
411 4063 571 4141 tanquam
601 4035 732 4134 primos
755 4029 985 4118 Provinciae,
1013 4052 1058 4103 err
1083 4053 1126 4101 eo
1149 4028 1269 4126 colligi
1293 4029 1389 4124 posse
1413 4032 1514 4107 vido·

298 4161 383 4231 tur,
415 4139 509 4238 quod
538 4135 733 4218 rationem,
764 4149 871 4224 quare
893 4128 1040 4215 Palma,
1073 4123 1267 4224 Episcopus
1289 4125 1513 4219 Amastridis,

372 4259 392 4308 e
415 4239 498 4311 urbs
515 4255 586 4306 non
605 4244 679 4301 erat
697 4221 902 4320 metropolis
918 4220 1043 4311 Ponti,
1068 4219 1212 4317 Synodo
1229 4220 1396 4305 Ponticae
1414 4243 1512 4315 praa·

403 4328 575 4427 it,.hanc·
592 4323 655 4400 det
679 4317 972 4488 Eusebiuskppra
994 4335 1073 4396 erat.
1095 4311 1349 4418 aminniffirmtr,
1374 4312 1517 4487 {cilisges

480 4488 483 4494 .
956 4435 980 4488 2
1404 4435 1444 4512 ps
1479 4432 1520 4504 Θῆ

1594 4572 1639 4804 ,
