3609 5500
684 887 687 894 Ι
804 903 913 982 Serui.
939 903 993 979 ΙΙ.
1433 935 1507 1013 431

278 1075 442 1172 rudiam,
481 1079 580 1155 etin
605 1080 760 1181 Apolog.
786 1105 818 1159 c.
846 1107 903 1159 21.
931 1082 976 1157 de
999 1081 1069 1158 Deo
1094 1082 1225 1176 Deam,
1263 1084 1368 1163 iumen
1393 1089 1431 1164 de
1456 1091 1507 1165 iu·

287 1178 383 1250 uine
408 1197 477 1252 erc.
527 1200 555 1251 e.
580 1177 744 1277 Denique
775 1180 813 1253 in
837 1181 896 1255 lib.
921 1200 1017 1255 cont.
1042 1183 1139 1254 Prax.
1167 1183 1295 1276 ubique
1325 1185 1505 1284 adfirmat,

293 1272 453 1365 utrem,
481 1272 627 1364 Filium,
653 1296 690 1348 et
705 1275 875 1372 Spiritum
893 1278 928 1351 S.
953 1276 1023 1349 else
1047 1281 1142 1349 unius
1157 1277 1364 1374 substantiae
1388 1304 1418 1354 c.
1447 1292 1505 1374 8.,

297 1369 392 1443 rrius
411 1387 444 1443 et
470 1368 624 1465 indivisae
649 1371 871 1463 substantiae,
916 1395 947 1446 c.
983 1395 1039 1466 13.
1088 1373 1146 1447 Ita·
1167 1391 1206 1447 et
1236 1395 1361 1450 contra
1384 1378 1501 1453 Marc.

305 1461 409 1540 illl:
432 1473 467 1540 6.
492 1487 529 1538 et
555 1490 594 1540 ιη
616 1467 770 1564 Apolog.
794 1491 826 1542 c.
853 1489 912 1543 21.

267 1627 269 1632 .
346 1559 378 1657 §-
398 1562 604 1636 LXXVIII.
646 1587 679 1658 3.
703 1564 771 1637 Sed
796 1562 834 1636 in
858 1587 928 1659 quo
945 1561 1207 1639 distinkiionem
1238 1562 1395 1661 posuerit
1420 1589 1503 1662 per·

267 1715 269 1724 .
315 1649 475 1748 sonarum,
499 1655 694 1731 distinftius
717 1658 769 1733 est
786 1659 1046 1754 exponendum.
1096 1661 1139 1732 In
1156 1661 1234 1734 Lib.
1259 1681 1383 1735 contra
1400 1662 1502 1739 Prax.

267 1761 271 1846 ξ
318 1745 400 1846 srepe
424 1751 534 1842 dicit,
574 1754 701 1827 Filium
735 1753 804 1830 effe
835 1754 974 1851 quidem
1006 1757 1203 1829 indiuiduam
1233 1773 1264 1829 et
1288 1756 1504 1853 separatum,

267 1853 269 1872 ²
320 1843 429 1946 deoque
450 1850 571 1940 alium,
604 1849 662 1922 sed
687 1873 758 1922 non
782 1870 826 1922 ex
839 1851 1049 1948 separatione
1060 1848 1288 1948 substantiae,
1319 1877 1443 1927 verum
1459 1877 1507 1933 ex

322 1939 510 2052 ispofiriarm
534 1942 724 2041 necflata,
750 1965 784 2018 at
797 1951 924 2038 gradu,
946 1945 1062 2021 aliurn.
1087 1946 1147 2020 sic
1171 1969 1202 2020 c.
1228 1970 1263 2038 9.
1311 1952 1401 2025 Ecce
1418 1955 1506 2026 enim

323 2034 375 2110 aa
391 2043 488 2114 aliam
518 2065 535 2112 e
562 2043 755 2130 esaeiae,
795 2043 896 2116 aliam
918 2040 1055 2132 silium,
1097 2060 1135 2115 et
1162 2044 1265 2116 alium
1285 2045 1442 2140 Spiritum
1467 2050 1505 2126 S.

323 2125 500 2210 serrarius
538 2161 559 2211 e
586 2140 738 2234 explicat
762 2159 793 2212 c.
828 2159 860 2211 2.
893 2139 1014 2214 dicens
1036 2155 1103 2209 tres
1137 2154 1266 2228 autem,
1309 2166 1369 2215 non
1385 2139 1506 2237 stata,

318 2221 488 2326 sagrada,
512 2232 795 2329 necsubstautia‚
810 2231 1014 2328 sessorum,
1035 2259 1093 2310 nec
1104 2233 1284 2331 potestate,
1299 2236 1508 2333 sedspecie:

340 2343 388 2399 unt
404 2349 485 2424 ergo
508 2343 575 2401 tres
597 2329 723 2426 gradu,
747 2327 859 2402 sonna
882 2349 919 2402 et
943 2329 1078 2427 specie:
1104 2352 1170 2424 qua
1193 2329 1356 2404 ratione?
1381 2334 1506 2413 clarius

276 2425 281 2436 '
325 2413 460 2500 eluoesm
483 2446 530 2496 ex
560 2448 590 2499 c.
618 2434 650 2504 8.
675 2420 735 2498 ubi
758 2424 865 2512 dicit,
907 2431 1003 2498 radix
1028 2443 1061 2497 et
1072 2422 1196 2518 frutex
1219 2427 1301 2498 duae
1325 2451 1376 2499 res
1395 2426 1504 2525 sune,
1610 2475 1612 2480 ,

267 2507 271 2582 ἶ
314 2505 367 2602 Μ
381 2523 579 2620 majumae,
596 2518 681 2614 sans
706 2540 737 2592 ee
754 2516 882 2614 fluuius
912 2523 995 2595 duae
1008 2518 1158 2615 species,
1172 2517 1236 2616 sed
1258 2522 1433 2619 indivisae,
1448 2525 1508 2622 stis

267 2629 272 2642 ’
320 2621 350 2676 ts
365 2619 466 2690 radias
492 2617 575 2690 duae
587 2615 722 2711 formae
738 2616 842 2712 Jiaut,
873 2615 938 2712 sed
959 2617 1172 2690 cohaerentes.
1224 2618 1340 2691 Status
1364 2618 1505 2718 itaque,

317 2693 498 2804 suueuia,
524 2730 562 2787 et
577 2710 728 2810 potestus
752 2711 915 2808 essentiam
932 2709 1130 2808 defigunt,
1156 2711 1281 2809 gradus
1297 2737 1404 2807 vero,
1430 2718 1506 2793 sor·

316 2812 380 2899 mr,
401 2826 438 2885 et
455 2809 590 2904 species
606 2807 854 2882 individualem
872 2829 914 2880 ac
930 2807 1145 2904 personalem
1158 2804 1423 2904 sabststentiam,
1449 2815 1506 2890 uti

313 2898 394 2981 stix
413 2922 450 2980 et
474 2903 613 2994 frutex,
652 2903 732 2977 fons
756 2921 793 2975 et
823 2902 961 2976 fluvius.
1012 2901 1108 2974 Dein
1130 2904 1213 2990 alia,
1256 2905 1348 2978 idern
1372 2908 1505 3004 signifi·

313 2994 421 3092 ¹ceute,
443 2996 560 3097 phrasi
581 2996 691 3083 dicit,
717 2997 844 3072 Filium
874 2997 943 3071 effe
966 2998 1086 3071 modulo
1112 2997 1215 3070 aliurn
1240 3002 1385 3083 aPatre
1407 3026 1439 3077 c.
1465 3026 1503 3095 9.

313 3090 383 3183 quin
400 3120 462 3171 ron
477 3094 528 3190 fit
554 3098 634 3170 idem
658 3095 760 3170 Pater
784 3114 815 3168 et
838 3094 958 3179 iilius,
989 3092 1053 3187 sed
1078 3087 1144 3188 (ita
1166 3091 1262 3163 enim
1290 3118 1357 3188 pro
1380 3098 1433 3169 rel
1452 3099 1503 3172 Ie·

310 3190 464 3291 turdum)
491 3191 612 3266 modulo
637 3194 722 3265 alias
745 3195 788 3262 ab
815 3190 891 3266 aiio.
942 3184 1109 3260 Modulus
1133 3181 1185 3259 est
1207 3185 1319 3264 forrna
1347 3189 1505 3270 derivata

312 3276 354 3353 ‘b
368 3288 449 3365 uio:
482 3286 531 3361 fic
554 3309 585 3361 c.
614 3309 669 3378 14.
705 3282 860 3379 eistbilem
882 3305 955 3357 nero
982 3282 1092 3377 filium
1116 3279 1331 3378 agnoscamus
1358 3306 1415 3382 pra
1437 3314 1504 3364 ma·

311 3370 373 3455 δύο
388 3385 619 3473 derivationis,
643 3382 696 3456 uti
713 3382 826 3455 radius
849 3378 901 3453 est
917 3377 1074 3452 modulus
1092 3374 1191 3467 solis,
1219 3379 1277 3453 vel
1295 3380 1409 3456 forma
1428 3387 1505 3482 ejus

310 3462 473 3587 ffistinih:
499 3497 537 3553 et
562 3481 720 3551 modulari
737 3476 827 3573 apud
854 3470 1043 3586 ipsurnest
1055 3472 1218 3565 formare.
1265 3477 1371 3593 Unde
1387 3480 1505 3559 lucem

312 3580 424 3757 'III
438 3576 737 3766 Isissp‘issn
750 3570 1506 3764 niuis},¹¹¹.2Ii¹2¹.⁶5.155‡i?i·<s32“.ss‘
1658 3752 1661 3756 ,

361 3820 389 3860 .,
416 3788 569 3858 ernon,
609 3789 648 3840 ut
673 3767 712 3841 in
736 3765 811 3840 aliis
839 3763 919 3838 cod.
951 3763 1073 3834 modulo
1096 3762 1280 3855 alternum)
1312 3788 1373 3837 nan
1395 3791 1507 3840 nurne-

316 3868 499 3959 fugnana,
532 3888 593 3936 non
609 3863 706 3963 stata
721 3858 824 3954 fecit.
875 3861 983 3931 Mens
1007 3856 1081 3951 ejus
1107 3855 1179 3944 est,
1214 3855 1364 3967 Filium,
1396 3865 1503 3940 aPa.
1592 3942 1595 3949 Ι

271 4042 274 4047 ,
317 3960 360 4025 Ire
378 3959 593 4055 profestum,
632 3956 846 4033 constituere
879 3955 1025 4027 aiterum
1055 3974 1257 4040 numerum,
1298 3973 1348 4028 rta
1380 3976 1419 4030 ut
1443 3965 1509 4034 dua

321 4040 388 4144 fint,
416 4056 475 4130 sed
496 4057 662 4143 alterurn,
693 4075 765 4128 non
788 4049 983 4139 divifione,
1016 4071 1140 4122 verum
1166 4047 1288 4122 nandulo
1311 4049 1346 4124 h.
1372 4075 1404 4125 e.
1431 4054 1504 4128 sor·

321 4158 379 4245 ¹3¹²,
405 4151 455 4224 ita
483 4171 522 4224 ut
546 4147 721 4223 derivatio
745 4146 856 4222 Patris
879 4145 922 4220 Iit
946 4143 1073 4240 gradu,
1098 4166 1170 4219 non
1192 4144 1299 4234 statu,
1327 4146 1434 4225 alios:
1466 4150 1506 4225 in

322 4232 366 4312 lib.
386 4248 477 4320 enirn
500 4265 623 4320 contra
647 4246 747 4319 Prarr.
773 4246 873 4339 saepe
902 4238 1011 4353 dicit,
1038 4236 1109 4313 effe
1132 4240 1219 4312 duos
1237 4262 1400 4330 numero,
1426 4267 1506 4340 cap.

323 4346 348 4407 2.
366 4344 501 4434 quomodo
523 4358 631 4423 aurem
657 4365 821 4420 mimarum
843 4336 925 4507 {plui
934 4334 1091 4505 gtvsfione
1109 4339 1302 4433 passumus,
1334 4341 1508 4434 proceden-

318 4442 324 4449 '
981 4454 1008 4524 4
1464 4452 1514 4517 tes
