3609 5500
282 967 357 1063 496
671 963 818 1065 sslloria
842 932 978 1064 ΕισὶἱιῘ.Ι
999 964 1115 1069 (irrisi.

283 1145 387 1243 copia
405 1144 507 1219 fieret
523 1142 747 1236 Christianis,
781 1147 898 1222 sedulo
914 1171 1037 1222 curare
1065 1168 1104 1223 et
1123 1146 1313 1223 occultare
1331 1141 1517 1241 solebant,

284 1241 356 1318 five
388 1244 550 1315 domibus
576 1236 723 1339 privatis
738 1244 995 1335 reconderent,
1030 1243 1102 1319 save
1125 1245 1164 1317 in
1184 1244 1293 1335 arcis,
1323 1266 1414 1342 quae
1440 1246 1518 1319 loca

287 1358 387 1412 erant
411 1339 446 1411 in
475 1341 558 1412 urbe
582 1362 711 1429 vacua,
738 1363 885 1435 quorum
910 1341 1012 1414 Tett.
1036 1340 1080 1414 ad
1108 1340 1247 1438 Scapul.
1272 1358 1311 1413 et
1336 1339 1423 1413 alibi
1441 1362 1516 1413 me·

286 1435 411 1524 minit,
437 1433 552 1508 sivein
570 1437 759 1508 corruiteriis
767 1434 987 1509 dormitoriis
1002 1490 1013 1525 ,
1031 1455 1231 1533 quaeextra
1248 1432 1515 1509 urbemelseso·

285 1533 423 1620 lebant,
450 1528 1009 1629 inquibusmartyreseditioribus
1018 1530 1202 1629 aliquando
1213 1529 1379 1620 tumulis,
1400 1529 1517 1605 titub

285 1624 663 1721 nonnullisintignitis,
689 1628 921 1717 ornabantur,
947 1626 1201 1723 savedenique,
1227 1644 1447 1721 nepotatur,
1471 1625 1510 1704 iu

286 1723 410 1819 'cryptis
436 1740 473 1794 et
497 1720 729 1809 ettacumbIe,
758 1721 845 1795 Iocis
866 1720 1120 1814 subterraneis,
1154 1717 1215 1798 ubi
1242 1743 1418 1797 cavernae
1430 1722 1507 1797 sunt

269 1827 324 1893 'et
341 1817 453 1891 loculo
467 1816 636 1892 cadavera
650 1816 863 1913 capientiau
887 1818 1000 1914 qualia
1034 1817 1303 1894 circa'Romam
1331 1815 1412 1890 sont
1436 1817 1510 1915 spa·

286 1912 483 1999 tiostsfima;
509 1913 643 2009 inqune
664 1933 832 2010 martyres
847 1910 947 1988 fuisse
964 1911 1247 2003 solitosinserri,
1266 1911 1417 1986 traditio
1433 1911 1505 2010 qui·

283 2010 366 2085 dem
399 2008 534 2097 habet,
571 2009 695 2103 quibus
726 2008 907 2103 Aringhus
939 2008 976 2083 in
1004 2009 1120 2084 Roma
1144 2008 1391 2099 subterranea,
1431 2004 1509 2106 post

284 2102 444 2194 Bosrum,
477 2099 683 2175 illustrandis
706 2126 866 2198 magnam
897 2103 1041 2179 navavit
1065 2125 1228 2203 operam5
1259 2102 1322 2178 sed
1346 2102 1451 2199 saepe
1473 2100 1510 2177 itt

282 2198 428 2286 callum,
453 2219 533 2270 cum
564 2200 668 2269 multa
691 2195 840 2271 sabulosa
876 2196 942 2271 sint
968 2198 1138 2287 inmix'ta3
1169 2198 1309 2308 dequo
1333 2196 1509 2274 vidus·

284 2292 407 2391 nagins
431 2291 470 2367 in
495 2289 575 2366 bill.
602 2290 735 2368 Eccles.
761 2293 782 2368 l.
808 2292 948 2369 XVIII.
1000 2292 1082 2367 Nec
1098 2313 1219 2368 tamen
1244 2316 1283 2367 tn
1303 2292 1505 2370 unsverstun

283 2389 482 2488 negandum
499 2388 660 2480 videtur,
684 2385 901 2463 Christianos
918 2389 955 2462 in
973 2387 1142 2484 ejusmodi
1159 2389 1294 2497 cryptis
1308 2387 1506 2486 sepelivisse

280 2489 436 2562 mortuos
455 2488 552 2575 suos,
577 2504 614 2558 et
631 2502 826 2560 conventus
841 2482 1016 2573 habuisse,
1042 2483 1115 2559 vid.
1132 2484 1307 2558 Mabtllon
1323 2483 1412 2561 ltin.
1430 2486 1508 2561 Ital.

280 2576 1338 2754 til-³⁸1}²³{ullust‘elisissetsistus
1353 2580 1515 2752 ltili

281 2769 451 2871 ejusmodi
483 2770 559 2844 loca
583 2771 805 2845 subterranea
831 2770 1106 2868 reete-quadrat.
1295 2728 1309 2768 ’
1348 2698 1373 2774 q

286 2871 290 2877 '
329 2867 360 2970 ᾗ.
387 2867 565 2941 CXXXII.
606 2867 705 2938 Inter
736 2864 822 2944 sesto
854 2865 1101 2957 hebdomata,
1142 2886 1181 2942 nt
1215 2883 1360 2962 tempora
1394 2868 1506 2946 cultus

282 2964 415 3042 'ublici
439 2963 656 3051 recenseam,
697 2962 812 3036 locum
840 2961 988 3038 tenuisse
1013 2962 1148 3038 constat
1171 2962 1265 3037 diem
1289 2968 1509 3057 donrim'curt,

282 3089 322 3141 tn
353 3056 556 3137 memoriam
589 3059 850 3136 resurreslionis
884 3056 1043 3149 Christi,
1083 3058 1190 3134 etiam
1227 3059 1313 3154 solis
1350 3061 1511 3152 dissum,

283 3162 376 3258 quod
402 3161 468 3252 soli
493 3155 579 3228 esset
610 3155 700 3254 apud
729 3157 885 3232 Gentiles
922 3156 1036 3245 sacer,
1077 3153 1134 3227 sed
1168 3157 1259 3250 apud
1293 3155 1521 3233 Christianos

281 3258 454 3329 emblema
479 3248 607 3324 Christi
642 3252 683 3324 fit
715 3252 784 3342 sol,
828 3251 901 3348 ipse
931 3273 1070 3345 quoque
1097 3274 1142 3322 eo
1165 3250 1223 3324 die
1248 3250 1360 3325 suerit
1387 3251 1509 3328 denuo

283 3362 427 3422 'exortus
453 3369 517 3441 per
539 3344 850 3433 resurreslionem‚
876 3342 1011 3418 creatio
1042 3369 1180 3443 quoque
1200 3369 1317 3420 rerum
1344 3350 1510 3422 tunchu·

280 3442 397 3516 buerit
429 3439 585 3524 initium,
627 3438 679 3513 uti
702 3439 787 3534 Just.
815 3440 871 3512 M.
898 3460 954 3533 ap.
982 3439 1029 3509 Il.
1064 3438 1095 3537 s.
1125 3450 1203 3534 87.,
1237 3441 1295 3515 ubi
1322 3443 1401 3538 ejus
1438 3441 1511 3518 diei
1561 3481 1563 3485 ·

278 3536 407 3612 diserte
439 3533 623 3624 meminit,
654 3535 772 3623 addit,
805 3555 892 3631 quae
917 3532 1025 3607 etiarn
1052 3533 1142 3609 ratio
1164 3536 1234 3625 est,
1258 3561 1365 3634 quare
1386 3538 1512 3620 eodie

274 3633 406 3757 stantes
433 3627 584 3703 orarint:
627 3649 666 3700 ut
691 3627 792 3726 supra
814 3628 948 3704 notavi.
1002 3631 1087 3704 Vid.
1115 3632 1158 3704 de
1185 3632 1243 3705 die
1265 3637 1338 3707 hoe
1394 3658 1513 3732 oeque

289 3731 390 3808 sert.
420 3727 462 3800 de
486 3747 606 3797 coron.
632 3725 703 3799 mil.
730 3752 759 3801 c.
789 3749 843 3819 3.,
878 3723 937 3799 ubi
955 3725 1128 3821 jejunium
1159 3750 1203 3800 eo
1222 3729 1280 3802 die
1312 3728 1361 3803 sui
1397 3756 1419 3804 e
1444 3730 1513 3806 itti·-

279 3830 389 3919 citum
422 3844 561 3920 quoque
596 3823 715 3896 tradit.
762 3823 821 3896 Sit
846 3837 883 3894 et
908 3820 989 3895 alibi
1017 3822 1054 3894 in
1084 3823 1115 3897 A
1144 3824 1187 3897 ol.
1214 3847 1244 3896 c.
1275 3832 1330 3899 16.
1355 3827 1442 3899 diem
1449 3825 1511 3924 so·

281 3931 342 4010 lis,
370 3921 501 4015 iuquit,
526 3919 672 3989 loetitiae
688 3918 899 4011 irtdulgemus.
948 3917 1031 3992 Nec
1048 3917 1189 3994 dubium
1208 3919 1295 3993 milti
1315 3918 1386 4009 est,
1423 3921 1512 4017 quin

279 4042 359 4098 eum
386 4034 524 4112 quoque
545 4012 740 4086 intenderit
764 4014 893 4088 Plinius
917 4037 974 4110 ep.
1001 4036 1060 4105 97.
1089 4013 1146 4089 lib.
1173 4015 1242 4105 X.‚
1282 4016 1364 4106 ubi,
1396 4014 1504 4113 (laris-

280 4124 387 4197 tiones
405 4109 498 4206 stato
524 4111 575 4182 die
602 4111 800 4183 antestitem
824 4113 1009 4199 convenire,
1035 4107 1217 4197 adfirmat,
1245 4131 1281 4182 et
1308 4133 1379 4183 non
1409 4110 1508 4185 diem

278 4208 446 4303 Saturni,
488 4204 545 4278 seu
575 4204 758 4281 Sabbatum
792 4202 996 4302 Judnicum,
1035 4204 1167 4304 quippe
1205 4204 1509 4282 Christianievel

307 4316 499 4389 Iane-non,
543 4299 660 4374 saltem
694 4323 739 4374 ex
765 4298 983 4389 Gentilibus,
1026 4302 1083 4374 vel
1111 4325 1183 4376 non
1209 4301 1423 4390 solenniter,
1466 4321 1510 4374 et

145 4399 148 4403 ’
273 4407 430 4529 palum,
465 4396 647 4476 usitatum:
684 4395 783 4476 secus
805 4421 846 4476 ac
868 4396 982 4499 vulgo·
1001 4414 1172 4493 putatum
1209 4398 1268 4473 De
1300 4421 1370 4570 qus
1401 4395 1521 4500 paolo

325 4540 331 4549 ·
805 4546 810 4555 ·
1316 4516 1338 4572 a
1361 4507 1525 4572 eulalius
