3609 5500
807 947 913 1024 Sicut
940 940 1012 1026 iii.
1436 954 1523 1046 '6²37

287 1120 388 1199 tibist
407 1120 513 1232 ¹peste
538 1122 716 1199 saeviente
745 1127 906 1202 omnibus
933 1154 1001 1224 ope
1027 1124 1193 1215 serenda,
1234 1120 1430 1214 abundans,
1457 1121 1516 1196 sed

285 1221 495 1316 disciplinae
523 1221 784 1295 Ecclesiasticae
807 1247 879 1296 non
900 1244 1059 1314 tantum,
1087 1245 1209 1296 verum
1228 1219 1411 1316 regiminis
1430 1216 1517 1315 qu'o·

290 1342 363 1416 que
384 1315 599 1412 Episcopalis
630 1317 808 1409 strenuus,
849 1321 933 1416 quio
963 1322 1111 1412 nimios,
1145 1336 1352 1416 promotor:
1395 1315 1515 1389 litibus

290 1438 375 1490 cum
403 1411 481 1509 ipso
504 1413 707 1509 Stephano,
740 1416 919 1511 Episcopo
947 1417 1132 1503 Romano,
1165 1409 1411 1511 dexbaptismo
1430 1413 1513 1483 hae·

289 1512 506 1600 reticorum,
531 1513 728 1599 exercitus,
755 1533 792 1585 et
809 1534 976 1585 venatus:
1002 1512 1156 1609 denique
1174 1507 1292 1582 multis
1308 1506 1425 1594 libris,
1452 1506 1513 1579 seu

291 1605 496 1684 trasiatibns
523 1626 559 1675 et
583 1603 766 1696 E·istosis,
809 1627 897 1705 quae
931 1608 1168 1705 eloquentiam
1202 1602 1355 1700 spirant,
1397 1601 1511 1673 adhuc
1544 1676 1546 1679 .

287 1698 549 1780 celeberrimus.
602 1629 700 1797 (grae
718 1726 827 1798 opera
850 1702 946 1777 varie
965 1704 1042 1778 sunt
1061 1704 1176 1791 edita,
1201 1697 1338 1796 optime
1356 1697 1512 1771 omnium

288 1801 437 1887 Onon,
471 1815 508 1868 et
532 1796 714 1870 novnnme
744 1821 826 1872 cum
849 1798 946 1873 notis
971 1800 1100 1874 Baluzii
1125 1796 1271 1873 Parisiis.
1322 1794 1511 1867 Annalium

289 1915 409 1971 autern
436 1892 529 1988 ejus,
573 1911 610 1963 et
636 1916 803 1988 operum,
828 1919 900 1968 non
922 1899 981 1969 abs
1004 1920 1043 1969 re
1070 1894 1179 1970 suerit
1207 1894 1353 1965 brevem
1379 1887 1512 1965 dedisse
1598 1955 1601 1963 .

289 1988 530 2085 conspei'tumt
557 2080 560 2090 .
583 1988 676 2062 Anu.
704 1997 810 2080 246.,
834 1993 1019 2065 Praesente
1043 2012 1081 2065 et
1104 1989 1236 2065 Albino
1262 1986 1376 2075 Coss,
1401 1987 1443 2059 ad
1467 1985 1507 2058 fi-

286 2088 370 2162 dem
393 2082 623 2158 Christianam
645 2083 812 2160 adduiius
835 2085 886 2159 est
901 2111 966 2182 per
983 2087 1194 2175 Caecilium,
1227 2083 1325 2180 cujus
1347 2104 1509 2178 propter·

289 2207 333 2262 ea
356 2202 488 2254 nornen
523 2177 728 2273 adoptavit,
769 2199 806 2253 et
833 2182 1089 2258 continentiam
1115 2178 1287 2281 professus
1310 2179 1383 2269 est,
1427 2202 1509 2255 cum

290 2299 439 2355 uxorem
467 2295 537 2346 non
557 2272 691 2348 constet
715 2274 861 2351 duxisse.
904 2278 1026 2353 Pontii
1045 2278 1142 2359 enim
1167 2277 1295 2365 verba,
1321 2275 1508 2371 exquibus

289 2371 398 2469 aliqui
427 2369 463 2443 id
491 2369 762 2465 caligarum
790 2374 883 2467 Jobo
906 2371 986 2446 sunt
1010 2375 1202 2472 capienda,
1229 2391 1267 2443 ut
1290 2371 1364 2465 jam
1390 2372 1507 2448 obsere
1542 2464 1545 2467 .

289 2470 391 2547 vovit
414 2466 498 2563 Pagi
522 2464 564 2537 ad
592 2467 715 2539 Baton.
740 2466 883 2562 Scripsit
905 2490 1043 2560 autem,
1068 2470 1182 2544 adhuc
1205 2466 1507 2560 Catechumenus,

268 2569 334 2643 ·od
362 2566 543 2637 Donatum
561 2560 603 2632 de
619 2565 783 2662 religionis
811 2563 1008 2659 Cirssianae
1032 2562 1251 2660 praestantia.
1302 2562 1410 2637 Anno
1436 2565 1506 2664 seq.

291 2681 376 2755 247.
404 2657 585 2731 tratiatarn
609 2658 815 2755 conscripsit
839 2659 882 2732 de
906 2663 1067 2734 idolorum
1088 2660 1265 2743 vanitate,
1291 2677 1330 2728 ut
1357 2682 1508 2734 conver·

290 2758 424 2833 sionem
450 2755 542 2828 suam
567 2752 792 2844 defenderet,
818 2773 853 2826 et
871 2756 931 2828 sub
956 2757 1064 2829 finem
1088 2758 1170 2831 anni
1193 2752 1302 2827 fautus
1327 2754 1378 2826 est
1402 2759 1502 2830 Pres-

290 2859 409 2951 byter.
450 2849 795 2949 Annoautemnaii.
822 2850 928 2924 libros
944 2849 1240 2925 Testimoniorum
1264 2852 1442 2943 exaravit,
1468 2874 1507 2928 et

287 2946 488 3046 Episcopus
514 2942 563 3017 est
589 2964 744 3036 creatus,
777 2943 893 3019 adhuc
926 2948 1126 3043 neophytus
1160 2964 1197 3018 et
1230 2944 1406 3035 novellus,
1440 2947 1506 3020 srn·

320 3038 406 3118 olari
430 3040 610 3135 exemplo:
637 3039 726 3115 dicit
751 3038 846 3113 eninr
871 3040 937 3136 Ep.
962 3048 1020 3130 56.
1044 3043 1087 3114 ad
1112 3039 1335 3124 Cornelium,
1359 3062 1389 3111 a.
1418 3062 1503 3129 252.

287 3070 389 3227 iata,
419 3132 569 3233 sepltbi
583 3132 670 3230 suae
694 3138 729 3209 in
752 3135 966 3232 Episcopatu
990 3136 1062 3230 jam
1095 3133 1300 3230 quadriennio
1319 3138 1502 3223 probatum.

286 3234 373 3338 Quo
398 3231 524 3305 eodem
556 3254 649 3304 anno
678 3231 722 3304 de
752 3231 865 3305 habitu
891 3235 1053 3323 uirginum
1086 3231 1215 3327 scripto
1247 3223 1426 3322 disseruit,
1466 3253 1507 3308 ut

284 3332 464 3419 animum,
491 3323 735 3401 continentiae
758 3347 796 3400 et
820 3325 1024 3424 disciplinae
1050 3324 1255 3414 studiosum,
1289 3326 1502 3420 explicaret:

288 3425 390 3506 Dein
404 3449 434 3500 a.
447 3443 529 3514 249.
553 3422 710 3496 exaravit
728 3438 861 3519 quatuor
878 3425 1007 3518 primas
1021 3421 1190 3519 Epistulas
1206 3422 1241 3494 in
1262 3418 1347 3494 edit.
1383 3424 1503 3503 Onon.

290 3525 402 3600 Anno
424 3536 543 3594 autem
569 3538 675 3606 250„
700 3519 739 3592 in
758 3518 939 3613 principio
954 3519 1133 3592 Decianae
1153 3516 1428 3615 persecutionis,
1451 3522 1505 3597 [ει

288 3615 411 3705 cessit,
433 3613 505 3688 sese
521 3610 631 3686 furori
653 3611 925 3722 prudentifflue,
939 3636 979 3687 oc
995 3615 1106 3686 diuino
1130 3617 1362 3705 admonitione,
1388 3636 1427 3688 ut
1443 3642 1504 3692 au·

292 3732 355 3787 tor
375 3709 470 3785 vitae
494 3709 569 3806 ejus
592 3705 701 3799 dicit,
742 3710 945 3784 subducens.
994 3707 1076 3804 Quo
1101 3729 1262 3807 tempore
1289 3732 1345 3798 29.
1370 3709 1504 3804 episto·

291 3809 344 3884 ias
365 3806 545 3902 sequentes
561 3802 598 3875 in
622 3802 707 3879 edit.
744 3808 862 3880 Oxon.
891 3803 1046 3898 scripsit,
1073 3823 1110 3875 et
1138 3803 1316 3876 nonnullas
1338 3806 1502 3899 accepit,

290 3902 392 3986 firnui
417 3899 641 3976 fundamenta
664 3900 740 3973 sunt
765 3898 852 3996 jacio
874 3894 1132 3972 controversiae
1155 3901 1200 3974 de
1215 3895 1313 3991 iapfis
1329 3901 1506 3977 admitten-

283 4003 356 4080 ὡς.

242 4130 245 4135 ·
338 4095 372 4196 3.
399 4092 445 4169 X.
471 4094 566 4170 Ann.
592 4112 674 4183 251.
700 4091 742 4164 ad
760 4087 949 4164 Ecciestam
973 4091 1085 4181 suarn,
1110 4085 1346 4186 postpascha‚
1371 4091 1506 4187 redux,

284 4190 482 4273 ¹concilium
506 4184 814 4284 Carthaginiense,
839 4185 1045 4280 frequenter
1063 4186 1178 4260 astum
1195 4205 1232 4259 et
1255 4210 1361 4282 proro
1408 4205 1501 4279 tum,

262 4283 509 4376 ⁴celebravit,
535 4285 573 4360 in
600 4307 670 4379 qno
695 4283 870 4373 Cornelii,
903 4283 1071 4380 Episcopi
1094 4280 1267 4368 Romani,
1301 4283 1354 4352 ele
1395 4283 1428 4353 ὀ
1452 4286 1507 4362 est

286 4381 506 4486 adprobata,
531 4399 570 4460 et
584 4375 795 4459 Novatiauo
810 4397 937 4471 negata
953 4379 1175 4459 commuuio:
1201 4374 1405 4452 Feliciffimo
1421 4403 1513 4473 quo,

306 4508 312 4519 “
841 4474 876 4555 G
883 4495 972 4575 ggg
993 4498 1019 4574 4
1124 4611 1126 4615 Ι
1420 4496 1524 4577 fluet»
