3609 5500
293 975 366 1055 300
693 944 838 1043 mfloria
860 940 993 1043 Eccles.
1021 942 1134 1043 ssmst·

271 1185 274 1189 »
301 1152 379 1223 tus,
405 1146 443 1203 et
468 1147 554 1225 quae
572 1123 652 1200 sunt
667 1126 754 1217 alia,
773 1147 846 1198 non
866 1124 1023 1200 constat:
1048 1148 1117 1200 nec
1139 1122 1292 1198 incertas
1306 1120 1527 1197 aut-fabulo-

299 1230 349 1305 sas
383 1223 622 1312 narrationes,
662 1246 749 1319 quae
776 1220 916 1297 aliunde
940 1221 1017 1320 peti
1049 1222 1208 1319 possunt,
1250 1242 1445 1294 memorare
1470 1220 1521 1293 iu·

300 1328 374 1401 bet.

269 1422 273 1434 '
349 1419 381 1518 s.
408 1413 548 1489 CCLV.
585 1408 741 1506 Epistola
766 1412 830 1510 ipsi
855 1412 1046 1508 adscripta,
1070 1436 1138 1510 qua
1162 1411 1289 1509 partim
1313 1405 1523 1506 prophetias

237 1556 240 1560 -
305 1535 344 1590 et
370 1533 475 1609 typos
491 1508 533 1582 ad
556 1503 750 1596 Christum,
775 1529 813 1583 et
830 1509 1034 1598 Ecclesiam,
1057 1508 1231 1606 adplicat,
1254 1525 1313 1596 et,
1341 1506 1537 1592 caerimo-¹

301 1612 375 1686 nias
403 1603 577 1679 Mosaicas
602 1600 752 1693 cessare,
777 1604 945 1678 evincere
966 1623 1113 1678 conatur
1130 1623 1253 1693 autor,
1275 1601 1405 1700 partim
1423 1602 1519 1676 viam

276 1706 345 1782 ‘ad
369 1702 481 1777 vitam
506 1715 704 1786 aeternam,
737 1699 774 1772 in
802 1700 947 1795 pietatis
970 1720 1008 1775 et
1031 1698 1173 1774 virtutis
1199 1696 1517 1791 exercitio-sitam,

300 1797 472 1895 exponit,
497 1792 596 1865 varie
614 1793 728 1883 edita,
754 1814 791 1867 et
810 1796 848 1868 in
863 1794 1023 1869 Patribus
1040 1794 1164 1891 Apost.
1191 1792 1360 1868 Cotelerii
1377 1816 1517 1891 quoque

301 1893 429 1981 obvia,
471 1888 623 1963 refertur
654 1890 697 1961 ab
729 1889 882 1963 Eusebio
911 1892 962 1964 H.
995 1892 1036 1966 E.
1070 1892 1136 1964 111:
1165 1912 1222 1981 25.
1263 1887 1357 1961 inter
1387 1889 1517 1985 scripta

303 1991 441 2087 spuria,
475 1984 554 2072 seu,
596 1981 675 2056 stilo
698 1983 860 2075 Eusebii,
901 1983 1026 2059 dubiae
1051 1985 1156 2075 fidei,
1185 1986 1270 2060 licet
1296 1984 1519 2074 aClemente

301 2087 437 2171 Alex„
475 2079 622 2173 aliisque
654 2078 875 2168 Veteribus,
916 2079 1035 2156 multis
1064 2103 1203 2176 quoque
1233 2078 1513 2172 recentioribus,

299 2180 475 2256 Barnabae
499 2174 732 2248 adtribuatur:
772 2174 830 2249 sed
862 2194 959 2249 tanta
989 2172 1146 2250 falsitatis
1176 2174 1330 2272 praefert
1362 2174 1519 2265 indicia,

301 2295 380 2351 uta
404 2272 490 2346 viro
514 2266 743 2364 Apostolico,
776 2270 883 2366 qualis
898 2273 1069 2347 Barnabas
1089 2270 1178 2361 suit,
1213 2271 1315 2366 plane
1345 2269 1459 2345 aliena
1475 2269 1520 2345 fit

299 2366 480 2456 habenda,
503 2363 588 2436 licet
605 2363 855 2460 antiquissima,
881 2365 969 2440 teste
994 2365 1063 2440 stili
1090 2365 1330 2464 simplicitate,
1349 2379 1396 2439 'ac
1408 2389 1518 2462 parca

301 2469 460 2540 locorum
485 2460 536 2531 N.
564 2460 610 2533 T.
645 2459 837 2551 citatione,
869 2481 908 2533 et
932 2481 1014 2534 ante
1039 2451 1409 2550 crementennlex„
1451 2462 1514 2559 qui

300 2583 379 2633 earn
405 2551 583 2642 adsumsit,
626 2554 685 2628 diu
711 2553 897 2632 exstiterit.
945 2558 1049 2630 Plena
1082 2553 1133 2628 est
1160 2554 1358 2653 ineptarum
1381 2557 1513 2655 allego·

299 2655 449 2739 riarum,
482 2670 525 2723 ac
547 2668 786 2724 contortorum
813 2652 941 2747 Script.
969 2654 1004 2723 S.
1036 2651 1389 2747 interpretationum,
1422 2675 1515 2750 quae

300 2746 487 2848 Judaicum
510 2744 612 2841 piane
637 2741 767 2840 spirant
794 2745 989 2843 ingenium.
1037 2748 1080 2820 In
1110 2745 1239 2823 litteris
1264 2746 1431 2837 Graecis,
1465 2782 1517 2832 ors

297 2864 483 2920 numerum
512 2848 580 2933 318
603 2839 905 2936 exprimentibus,
931 2862 1018 2940 quot
1044 2842 1182 2934 servos,
1207 2845 1265 2918 seu
1280 2841 1516 2939 domesticos,

301 2938 428 3016 habuit
457 2935 653 3024 Abraham,
686 2956 724 3009 et
747 2939 864 3010 secum
895 2937 930 3009 in
961 2937 1078 3011 hostes
1107 2939 1232 3030 duxit,
1273 2938 1418 3036 ingens,
1453 2941 1517 3019 sed

299 3037 403 3114 valde
420 3031 571 3128 inepte,
596 3032 730 3126 quaerit
754 3031 976 3130 mysterium,
1014 3033 1194 3131 dicitque,
1226 3034 1520 3133 nemirem'magir

299 3154 490 3230 germanum
522 3152 543 3197 a
564 3122 604 3220 se
638 3129 791 3226 accepiffe
823 3127 1012 3225 serrnonem.
1070 3130 1194 3230 Qualia
1228 3129 1288 3204 hic
1320 3130 1519 3231 occurrunt

298 3228 421 3308 multa.
471 3224 538 3296 Sex
562 3224 637 3295 dies
661 3228 848 3300 creationis
871 3225 998 3298 adserit
1017 3244 1072 3296 tot
1096 3247 1263 3300 annorum
1292 3225 1398 3300 millia
1423 3230 1516 3303 εοῐι·Ι

298 3325 435 3407 tinere,
461 3338 499 3390 et
524 3319 641 3390 omnia
664 3319 701 3391 in
725 3320 854 3393 mundo
883 3322 997 3414 spatio
1022 3328 1118 3393 6000
1142 3345 1311 3395 annorum
1339 3323 1408 3396 esse
1426 3347 1518 3396 con·

263 3425 267 3435 ⁴
299 3413 520 3499 summanda,
546 3412 603 3483 die
619 3435 705 3482 vero
721 3413 892 3507 septimo,
912 3412 1002 3499 iliud
1020 3414 1167 3509 spatium
1184 3417 1369 3512 sequente,
1395 3417 1515 3492 Chris·

300 3531 377 3584 tum
400 3524 587 3579 venturum
612 3505 654 3577 ad
680 3507 799 3602 inpios
815 3506 1045 3600 judicandos,
1070 3529 1109 3581 et
1132 3533 1264 3584 novum
1290 3513 1521 3590 condendum

293 3603 488 3680 mundum:
523 3599 695 3694 denique,
730 3624 774 3674 ne
801 3602 898 3697 plura
924 3626 1131 3699 congeram,
1169 3605 1359 3696 Christum,
1392 3609 1518 3687 errore

292 3702 363 3777 uix
388 3694 557 3782 ferend0,
582 3695 670 3767 dicit
694 3695 751 3768 die
778 3700 931 3771 dorninico
950 3698 987 3769 in
1013 3701 1148 3772 coelum
1172 3701 1403 3791 adscendisse,
1425 3718 1517 3787 [cum

293 3800 354 3874 die
382 3789 483 3889 Jovis
511 3788 593 3861 iliud
617 3789 822 3887 contigisse,
857 3816 902 3867 ex
930 3815 1026 3867 mora
1059 3797 1283 3892 quadraginta
1308 3799 1446 3872 dierum
1472 3803 1512 3888 in

293 3914 411 3976 terra,
454 3882 532 3990 post
562 3883 871 3980 resurrestionem,
911 3889 1060 3965 constet'.
1111 3893 1267 3966 Dubium
1300 3894 1414 3989 itaque
1450 3897 1517 3972 vix

296 3988 370 4076 est,
395 3983 478 4079 quin
504 3981 590 4053 hbcr
614 4004 633 4053 a
656 3983 853 4059 Christiano
883 3984 1039 4079 Judaeo,
1071 3985 1108 4073 in
1130 3986 1256 4061 ritibus
1271 3989 1425 4084 Judaicis
1450 3984 1513 4066 be'·

296 4107 344 4160 ne
369 4074 528 4161 versato,
568 4075 714 4173 scriptus
748 4080 808 4170 stt,
841 4098 879 4153 et
903 4081 1101 4169 Barnabae,
1141 4083 1280 4178 majoris
1311 4085 1514 4163 autori-tatis

297 4168 533 4253 conciliandae
544 4193 650 4268 ergo,
668 4173 869 4270 inscriptus:
895 4175 973 4248 ansa
995 4174 1089 4248 forte
1106 4197 1246 4274 arrepta
1264 4203 1308 4253 err
1326 4205 1390 4270 eo,
1416 4184 1517 4278 quod.

294 4274 353 4348 vel
383 4266 551 4340 Barnabas
579 4269 731 4362 ejusdem
767 4271 843 4343 fere
876 4269 1073 4363 argumenti
1108 4296 1214 4367 opus,
1257 4277 1348 4369 quod
1384 4279 1514 4373 periit,

293 4361 521 4455 condiderit,
544 4364 601 4438 vei
616 4387 685 4460 pro
704 4383 827 4448 autore
858 4361 977 4494 Epist.⁸
992 4367 1036 4444 ad
1053 4367 1238 4469 Hebraeos
1245 4421 1258 4462 ,
1286 4372 1411 4469 eodem
1438 4374 1514 4449 sco-

1473 4491 1531 4568 ΡΟ
