3609 5500
284 916 358 1008 436
675 862 821 1021 Historia
845 913 973 1024 Ilerdes.
1001 912 1114 1017 Cirrifl.

273 1090 472 1165 ·Hatloixio
499 1087 675 1189 publicata
703 1119 749 1169 ex
775 1094 916 1169 Catenis
944 1096 1091 1187 Graec,
1115 1091 1227 1170 exsta
1250 1094 1431 1193 egregium
1542 1099 1598 1179 «le

290 1185 397 1260 isaaci
431 1189 629 1279 oblatione,
670 1193 712 1263 ab
738 1192 940 1265 Abrahamo
976 1191 1153 1281 facienda,
1195 1209 1233 1264 et
1259 1194 1382 1266 arietis
1411 1191 1588 1274 infla

290 1281 330 1356 in
354 1284 428 1379 ejus
462 1286 597 1373 locum,
642 1287 685 1358 ad
711 1288 838 1361 Christi
867 1288 1082 1360 oblationem
1112 1286 1150 1359 in
1175 1308 1279 1360 cruce
1314 1287 1582 1384 adplicita,

290 1378 353 1454 ubi
377 1381 420 1451 de
445 1380 510 1453 hac
536 1380 688 1453 veritate
712 1383 904 1455 luculenter
929 1379 1083 1457 testatur.
1501 1414 1531 1422 -

338 1474 369 1575 ᾖ.
395 1477 574 1548 LXXXII.
615 1478 670 1548 Ex
695 1480 845 1550 Irenaeo
869 1476 1011 1551 unicum
1045 1496 1178 1551 tantum
1228 1474 1374 1550 roduxit
1405 1472 1570 1551 teili-

290 1570 450 1648 moniutn
484 1569 630 1643 Grotius
653 1571 696 1644 de
722 1572 844 1666 Satisf.
877 1572 1026 1661 Christi,
1058 1573 1148 1645 etri.
1214 1595 1282 1647 .c.
1310 1596 1342 1647 1.
1369 1575 1427 1646 ali
1453 1587 1563 1669 pt!

291 1691 419 1745 carnem
443 1683 474 1737 et
492 1667 687 1762 sanguinem
703 1666 804 1763 suam
827 1691 883 1739 nor
907 1665 1066 1762 redemiffe
1089 1666 1216 1741 dicitur
1240 1666 1418 1759 Christus3
1449 1649 1557 1744 ΓΛ

289 1762 382 1837 aliud
405 1761 491 1835 ibid.
517 1764 621 1857 longe
647 1760 807 1837 illustrius
832 1761 963 1852 exstat,
1000 1765 1061 1837 Gr.
1087 1761 1332 1837 conservatum
1358 1789 1379 1838 a
1402 1765 1462 1839 Tlr
1477 1764 1548 1844 ‘Q'

292 1859 464 1944 odorem,
474 1856 537 1953 stro
548 1856 819 1953 igitarsangoine
834 1862 1004 1931 redimente
1021 1859 1243 1947 norDamino,
1263 1874 1297 1930 et
1310 1860 1411 1934 dante
1425 1877 1493 1932 art
1516 1851 1547 1898 λ’

140 1981 149 1995 ·
290 1977 377 2026 marn
390 1952 489 2048 suam
509 1950 692 2047 pronastro
717 1959 847 2043 anima,
870 1971 903 2025 et
927 1978 1055 2027 carnem
1074 1972 1133 2047 pro
1151 1952 1257 2050 rrrrstra
1281 1979 1399 2029 carne:
1422 1939 1547 2029 τιν’

290 2049 345 2125 sus
368 2048 480 2137 ibid,
506 2051 650 2144 qnoniam
669 2057 797 2124 narbam
817 2065 950 2144 potent,
974 2068 1006 2121 et
1020 2049 1108 2120 lamo
1125 2072 1239 2139 oerus,
1254 2046 1459 2148 sanguines

288 2145 529 2219 rationabiliter
560 2146 715 2215 redimens
741 2169 816 2231 nor,
854 2147 1074 2218 redemtionem
1090 2143 1134 2242 se
1156 2142 1261 2239 ipsam
1284 2149 1373 2220 dedit
1395 2167 1456 2240 etc
1540 2153 1551 2190 ’

289 2238 351 2314 ubi
385 2237 478 2312 forte
512 2237 550 2311 in
574 2240 635 2311 Gr.
671 2258 771 2313 textu
805 2239 874 2313 fuit
899 2246 1079 2339 immergor.
1129 2242 1217 2313 Sunt
1245 2256 1282 2312 et
1305 2242 1371 2316 alia
1401 2243 1467 2317 loca
1544 2246 1557 2322 ,’

289 2358 378 2433 quae
404 2353 537 2406 tanturn
562 2332 699 2424 citabo,
739 2334 791 2408 uti
814 2335 835 2407 l.
861 2335 907 2410 ΙΙ.
934 2361 965 2411 c.
992 2361 1050 2411 22.
1074 2338 1139 2409 lll:
1169 2342 1224 2413 18.
1245 2354 1305 2429 per
1326 2340 1472 2411 obediente

289 2456 345 2505 arn
370 2427 521 2525 persolvit
551 2432 814 2509 inobedientiam:
854 2432 1004 2527 denique
1036 2433 1212 2506 t.1v.c.
1247 2453 1305 2505 22.
1340 2436 1473 2508 Clerueu

288 2525 392 2599 Alex.
418 2527 563 2619 Paedag.
595 2527 616 2599 l.
643 2528 670 2597 1.
695 2550 726 2598 c.
751 2548 785 2613 9.
821 2528 964 2610 animam
993 2525 1094 2622 suano
1120 2522 1265 2621 Christus
1283 2536 1424 2620 pretium
1444 2521 1564 2604 res

286 2620 455 2691 demtionir
489 2639 546 2711 pro
577 2624 687 2692 rnaltit
722 2621 839 2706 dedit,
880 2644 958 2717 cap.
996 2631 1051 2700 18.
1083 2642 1150 2715 pro
1181 2626 1271 2694 nobis
1293 2620 1334 2717 se
1367 2623 1593 2722 ipsam!-

286 2730 385 2810 tegetor
408 2709 542 2809 lrosliom
566 2716 722 2789 tradidit:
749 2712 872 2788 clarius
896 2716 934 2788 in
960 2714 1019 2792 lib.
1069 2717 1160 2820 Quis
1184 2719 1249 2793 dio.
1264 2719 1354 2814 jalo.
1379 2724 1411 2820 i.
1438 2745 1493 2818 23.
1549 2733 1575 2821 j

287 2811 349 2885 ubi
376 2809 549 2881 Dominus
579 2808 815 2884 introducitur
850 2810 996 2906 loquens
1027 2811 1070 2885 ad
1100 2832 1347 2909 peccatorem:
1382 2838 1440 2912 pro
1464 2836 1496 2890 te
1544 2858 1580 2887 κ

195 2954 197 2958 -
277 2930 362 2980 aum
386 2923 483 2978 morte
506 2911 648 2995 certari,
682 2928 722 2976 ac
745 2908 838 2999 cajus
860 2930 933 2977 reus
957 2931 1030 2978 eras
1053 2910 1164 2979 mortis
1188 2912 1225 2979 olo
1244 2928 1405 3004 peccata,
1439 2938 1494 3010 ega

287 3001 429 3100 exsolvi:
464 3001 520 3075 stc.
548 3023 584 3075 et
608 3003 655 3075 ib.
684 3000 714 3098 i.
742 3022 798 3094 37.
851 3004 937 3074 Cum
963 3026 1051 3075 vero
1073 3003 1155 3075 alibi
1182 3001 1220 3075 in
1245 3007 1393 3104 Paedag.
1418 3010 1440 3083 l.
1465 3012 1494 3086 l.

289 3125 322 3177 c.
351 3109 383 3180 8.
409 3097 489 3172 illud
515 3099 582 3194 Jes.
607 3099 705 3170 Llll.
756 3096 914 3168 Dorulaus
936 3101 1070 3169 tradidit
1083 3097 1124 3192 se
1149 3096 1251 3193 ipsum
1271 3119 1329 3194 pro
1352 3109 1500 3196 pereatis

287 3195 424 3291 nostris,
450 3195 601 3289 explicat
624 3194 669 3267 de
697 3195 853 3265 Domino
878 3198 1045 3265 correllore
1070 3194 1498 3294 etdiredorepeccatorarn,

290 3288 511 3365 statuendum
545 3288 615 3374 est,
653 3310 732 3360 eum
768 3289 879 3360 varios
904 3287 1055 3360 statuiffe
1088 3290 1175 3361 fines
1206 3292 1328 3364 mortis
1355 3296 1504 3373 curisti.

289 3385 344 3456 Ex
369 3382 588 3454 Tertulliano
613 3403 718 3453 unuin
743 3400 877 3452 tanturn
910 3383 1079 3474 produxit
1104 3385 1221 3457 locutu
1248 3388 1395 3462 Grotius
1415 3396 1436 3468 l.
1460 3416 1496 3468 c.

288 3499 334 3550 err
358 3475 417 3547 lib.
445 3496 568 3547 contra
594 3474 673 3566 Jud.
699 3496 729 3545 c.
758 3497 812 3567 13.
840 3473 900 3547 ubi
926 3475 1079 3549 Christus
1099 3498 1158 3571 pro
1183 3487 1323 3554 oneribus
1345 3472 1498 3577 gentilici

289 3570 482 3667 adpellitur
504 3568 721 3662 sacrificium.
773 3569 840 3641 Sed
872 3569 996 3642 addam
1029 3574 1145 3667 plura,
1186 3595 1223 3646 et
1254 3580 1497 3659 luculentiora.

289 3671 396 3745 Cont.
421 3666 534 3737 Marc.
561 3664 625 3734 ΙΙΙ.Ι
656 3670 711 3736 26.
763 3666 877 3736 Patris
910 3668 1094 3758 deprecator
1121 3668 1269 3761 dicitur,
1311 3691 1343 3745 et
1374 3682 1500 3753 oblator

291 3770 418 3841 animae
432 3757 516 3857 suae
539 3778 594 3849 pro
609 3755 721 3850 salute
741 3765 865 3852 populi,
912 3760 958 3833 stc
989 3783 1027 3834 et
1060 3764 1096 3835 in
1121 3768 1244 3860 Scorp.
1269 3790 1299 3838 c.
1328 3791 1360 3862 7.
1395 3776 1500 3850 etde

291 3860 375 3955 fuga
399 3856 437 3928 in
460 3853 589 3948 perfec
616 3877 646 3924 c.
676 3876 730 3928 12.
754 3859 908 3929 redemtor
931 3859 1046 3947 audit,
1072 3881 1108 3932 ct
1133 3863 1317 3935 melodiam
1336 3877 1502 3959 protrahis
1596 3941 1606 3949 ,

280 3954 418 4050 failor,
443 3965 480 4021 ut
502 3973 557 4021 nas
574 3975 595 4019 a
610 3955 752 4043 peccatis
772 3955 974 4042 lactaretur,
1001 3975 1056 4043 et,
1080 3956 1317 4052 pretiostfflmur
1332 3961 1408 4053 ejus
1413 3964 1500 4061 san·

288 4055 365 4146 goir
380 4046 506 4126 dicitur
523 4049 693 4117 orrereeolenr
711 4048 915 4142 comparoffe.
947 4051 1098 4142 Egregie
1116 4053 1159 4122 de
1177 4052 1323 4148 pudicit.
1341 4079 1418 4152 cap.
1441 4085 1499 4139 22.

291 4148 379 4253 Quis
403 4140 539 4214 alienam
563 4155 693 4212 rnottern
709 4139 903 4237 saasolrit,
937 4144 996 4236 nist
1016 4145 1108 4240 solas
1135 4149 1199 4221 Dei
1221 4148 1350 4219 Filios?
1374 4176 1501 4232 namet

290 4249 326 4318 in
349 4235 418 4334 ipso
438 4233 578 4331 poffione
602 4239 750 4309 liberarit
767 4241 941 4327 latronem,
973 4242 1015 4312 ad
1035 4243 1091 4315 lroc
1118 4251 1198 4319 enim
1221 4264 1371 4334 venerat,
1398 4255 1497 4345 atip-

273 4337 337 4437 Je,
368 4359 390 4413 a
416 4335 523 4415 detine
538 4353 660 4432 paros,
693 4350 729 4410 et
755 4340 859 4416 orriolo
876 4334 1031 4436 sanlius,
1051 4355 1111 4434 pro
1126 4344 1357 4531 peecassorilogg
1380 4349 1492 4423 odiret.
