3609 5500
293 984 364 1061 194
683 955 831 1059 shlloria
853 955 982 1058 Eccles.
1009 954 1125 1058 Christ.

292 1170 371 1233 am,
396 1156 435 1215 ut
459 1136 714 1235 eloquentiam,
736 1138 809 1214 five
834 1162 899 1237 per
923 1144 1051 1215 verbum
1070 1141 1206 1235 gratiae
1231 1139 1326 1232 Dei,
1350 1138 1513 1238 opposite

274 1243 333 1316 ad
350 1241 464 1336 legem
488 1235 569 1311 Aet.
594 1237 698 1311 XIV:
726 1260 783 1345 3.,
809 1236 980 1349 conjungi
1004 1238 1126 1333 utique
1147 1237 1348 1312 debetcum
1363 1244 1511 1320 maha.

292 1340 439 1412 contulit.
491 1332 557 1407 Cui
593 1332 774 1422 concinat,
817 1331 910 1429 quod
943 1332 1008 1430 rpsr
1033 1334 1063 1409 lo
1089 1337 1217 1433 ποτίζειν
1244 1336 1381 1430 rigore,
1421 1337 1512 1416 ficut

289 1435 396 1510 Paulo
421 1434 593 1527 plantare,
617 1428 836 1503 adtribuatur
864 1452 880 1503 1
901 1432 982 1505 Cor:
1007 1432 1073 1505 111:
1099 1440 1134 1507 6.
1182 1430 1280 1506 Dein
1301 1429 1371 1506 alio
1395 1432 1508 1508 seces·

289 1528 355 1620 fit,
380 1547 417 1602 et
442 1528 547 1602 Paulo
570 1523 699 1622 Ephesi
726 1526 863 1600 versato
885 1524 959 1599 sese
982 1524 1164 1623 adjunxit,
1187 1549 1257 1603 nec·
1278 1525 1510 1625 Corinthum,

290 1627 338 1700 ob
365 1622 536 1699 factiones
563 1620 841 1695 Christianorum
863 1639 1046 1718 repetere,
1068 1623 1157 1698 licet
1181 1647 1201 1697 a
1220 1623 1326 1696 Paulo
1349 1624 1510 1700 admoni-

288 1741 368 1809 tus,
394 1715 508 1792 voluit
537 1740 553 1792 1
576 1719 657 1793 Cor.
682 1716 786 1794 XVl:
818 1738 873 1790 ra.
922 1716 1046 1792 Postea
1070 1718 1162 1793 Tito
1186 1717 1299 1792 adfuit
1321 1717 1358 1792 in
1383 1723 1511 1816 Creta,

288 1813 459 1892 Ecclesras
483 1809 535 1887 ibi
560 1812 762 1902 ordinanti,
790 1812 868 1886 Tit.
894 1813 960 1887 111:
990 1837 1046 1910 13.
1080 1814 1172 1889 unde
1198 1807 1249 1887 ad
1269 1814 1364 1889 Pauli
1390 1817 1509 1893 moni·

289 1931 364 1987 turn
389 1935 409 1986 a
433 1910 524 1984 Tito
546 1907 701 1984 dimissus
723 1906 795 1981 sese
821 1906 1008 1983 contulisse
1033 1908 1175 1985 videtur
1196 1908 1233 1984 in
1257 1908 1415 2003 Italiam,
1441 1915 1504 1992 ubi

286 2005 485 2118 aliquandiu
510 2005 640 2094 haesit,
679 2023 717 2080 et
740 2027 761 2075 e
787 2002 840 2079 itt
873 2003 917 2079 ad
940 2004 1055 2113 Heln.
1088 2003 1242 2115 scrip-stt,
1280 2003 1398 2083 donec
1424 2034 1508 2088 cunt

294 2103 517 2193 Trmotheo,
539 2100 676 2177 Romae
693 2028 874 2189 veridnte,
898 2118 971 2173 eta
988 2102 1139 2175 vunculis
1160 2102 1330 2193 laberato,
1355 2128 1414 2179 eas
1428 2130 1509 2183 orat

287 2198 492 2297 reliquerit,
516 2194 591 2294 ipse
617 2194 885 2286 Alexandriam,
912 2195 1171 2272 TimotheusE
1198 2196 1338 2289 hesum,
1361 2202 1508 2280 venerit

287 2298 385 2373 Heb.
403 2294 528 2383 Xlll.,
554 2292 636 2382 ubi,
654 2290 678 2365 fi
696 2292 921 2400 cpnjedlurae
939 2292 1038 2401 locus
1053 2290 1114 2384 lit,
1138 2222 1291 2368 scholam
1309 2296 1507 2374 catechesi·

286 2417 366 2470 carn
392 2390 526 2477 erexit,
552 2412 654 2484 quarn
677 2387 739 2460 alu
756 2390 885 2463 Marco
912 2390 1092 2480 tribuunt,
1115 2411 1203 2485 quae
1226 2392 1269 2464 ab
1293 2413 1338 2463 eo
1363 2411 1505 2491 tempo·

285 2513 326 2566 re
350 2489 411 2563 dtu
435 2488 489 2561 rbr
514 2503 652 2582 vrgurt,
678 2482 731 2557 uti
746 2482 808 2559 suo
831 2485 913 2558 loco
938 2483 1088 2581 patebit
1137 2482 1290 2582 Utique,
1314 2484 1341 2559 fi
1363 2486 1440 2585 ipse
1454 2490 1503 2568 lit

284 2583 439 2681 scriptor
463 2579 565 2678 epist.
589 2579 632 2654 ad
657 2580 797 2668 Hebr.,
820 2602 931 2676 eaque
958 2578 1002 2654 ad
1016 2579 1272 2655 Alexandrinos
1295 2579 1413 2675 milla,
1436 2585 1502 2663 ali·

285 2703 362 2771 am,
405 2701 447 2752 ac
474 2675 661 2765 Dodloris,
703 2675 922 2751 fuodionem
952 2672 1017 2767 virt
1044 2675 1178 2753 censeri
1204 2675 1324 2774 potest
1355 2678 1503 2775 obiisse,

283 2799 365 2850 cum
397 2773 467 2846 sese
491 2771 729 2847 adudloribus
752 2794 794 2846 ac
817 2770 1012 2868 pastoribus
1036 2772 1245 2872 distinguat,
1271 2774 1369 2851 Heb.
1394 2777 1501 2856 XIII:

286 2870 524 2967 17.-Plura
550 2867 595 2939 de
623 2866 700 2962 ipso
728 2889 799 2940 non
825 2866 997 2941 constant.

332 2967 363 3066 §-
389 2964 584 3038 CLXXlll.
609 2962 769 3059 Reliquis
788 2962 1037 3060 Euangelistis,
1062 2961 1250 3063 dequibus
1275 2965 1364 3042 nihil
1382 2969 1503 3051 habco

278 3062 379 3161 quod
397 3059 602 3148 observem,
627 3058 752 3151 missis,
776 3059 934 3158 adeoque
959 3061 1233 3137 extraordinaria
1257 3063 1432 3141 Ecclesiae
1448 3071 1503 3144 A·

282 3158 476 3258 postolicae
495 3158 753 3252 gubernatione
769 3156 941 3247 absoluta,
956 3156 999 3230 ad
1016 3159 1231 3246 ordinariam,
1251 3179 1288 3232 et
1299 3157 1503 3242 subordina.

282 3276 356 3329 tarn
372 3254 600 3329 Ecclesrarum
620 3252 875 3349 particularium
891 3275 1015 3349 pergo.
1049 3254 1163 3354 Quam
1179 3255 1501 3345 tradationemanr·

281 3369 425 3458 tequam
443 3350 642 3442 adgrediar,
669 3348 844 3421 observari
869 3348 996 3437 velim,
1023 3366 1061 3421 ut
1075 3349 1258 3445 regiminis
1280 3376 1365 3462 yere
1382 3355 1500 3433 Chris·

278 3443 703 3644 Siliariieiiihiim
719 3440 1504 3638 enllllilltslllllilllllmllr

281 3631 403 3709 Deum
429 3634 466 3706 in
483 3631 622 3705 Christo
648 3631 855 3723 colendum,
880 3633 1068 3710 secundum
1094 3637 1289 3716 doetrinam
1306 3665 1326 3713 a
1345 3642 1485 3720 Christo

281 3730 424 3826 ejusque
448 3729 572 3825 legatis
598 3725 796 3897 Apostolis,
823 3729 1003 3846 traditam,
1031 3732 1155 3807 ordine
1179 3737 1329 3847 decente
1355 3700 1501 3838 colliga:

278 3827 728 4017 gplfidpteppailgpgriurnpq,
745 3834 1133 3999 etetdpfflnteaqnopulssn
1142 3833 1501 4030 ’adihiciteattautrelheggf

279 4016 435 4093 tiorum.
463 4016 500 4089 in
518 4018 697 4093 communi
723 4019 1022 4116 peragendorum,
1048 4045 1128 4095 cum
1153 4025 1296 4122 quadam
1312 4051 1500 4125 praeroga

279 4111 356 4191 tiva
381 4111 559 4209 suffragii3
584 4114 740 4208 adeoque
761 4116 798 4188 in
823 4139 891 4212 qua
916 4117 1010 4191 idern
1037 4117 1197 4196 omnibus
1216 4124 1382 4196 membris
1398 4147 1498 4199 com·

277 4209 371 4312 petit
391 4209 468 4305 jus,
493 4228 539 4292 et
556 4231 627 4280 non
653 4208 808 4283 rectores
828 4236 871 4285 ac
889 4208 1016 4285 subditi
1039 4213 1156 4289 locum
1181 4219 1332 4308 habent,
1357 4218 1416 4293 sed
1433 4221 1499 4295 do.

276 4327 418 4396 centes,
451 4328 493 4378 ac
515 4306 701 4412 ducentes,
735 4325 773 4378 et
798 4307 975 4382 auditores
1002 4330 1043 4380 ac
1069 4310 1263 4408 sequentes.
1291 4315 1413 4417 ,Quae
1441 4316 1500 4389 so·

274 4405 415 4500 cletas,
433 4400 567 4501 ordinae
583 4399 682 4499 ctqsa
691 4455 704 4497 ‚
729 4402 919 4505 uouuulh't·
932 4403 1033 4509 erqse
1046 4426 1171 4492 mutuus
1188 4409 1363 4502 docendi,
1390 4428 1429 4482 et
1446 4409 1500 4494 sa-

267 4550 285 4589 c
846 4562 858 4581 -·
872 4528 891 4577 ὀ
951 4530 954 4537 '
1251 4576 1258 4588 .
1354 4529 1501 4592 &slsum
