3609 5500
191 1070 196 1084 Ι
303 983 379 1060 '216
696 975 847 1081 Historia
868 973 997 1079 Eccles.
1026 973 1148 1081 mast.-

304 1155 405 1249 sunt,
445 1156 539 1257 quod
569 1176 650 1232 cum
678 1154 924 1254 jurisdislione
958 1179 996 1233 et
1026 1155 1188 1234 tribunali
1220 1152 1329 1233 suerit
1359 1155 1528 1250 confirsaa'

306 1254 359 1330 ita
384 1252 642 1342 demonstrant,
681 1274 902 1351 quantopere
923 1254 1046 1352 postea
1066 1280 1087 1329 a
1111 1277 1194 1328 vera
1222 1254 1277 1326 sua
1300 1271 1440 1344 natum,
1483 1271 1523 1329 et

306 1350 483 1446 puritate,
501 1350 791 1446 degeneraverit,
809 1374 914 1446 quum
927 1350 1202 1446 jurisdislionis,
1221 1348 1372 1446 judicii,
1395 1372 1439 1422 ac
1454 1350 1521 1423 tri-

307 1447 442 1521 bunalis
465 1442 716 1533 Ecclesiastici,
752 1445 979 1542 conspeblum
1010 1444 1151 1542 aocepit
1174 1443 1499 1519 excommunicatio
1508 1477 1527 1537 ,-

306 1565 353 1615 ex
380 1541 528 1654 quodam
556 1544 673 1634 inperio
689 1538 811 1637 sacro,
853 1542 892 1614 in
918 1541 1092 1637 potesate
1124 1538 1255 1636 ligandi
1278 1562 1320 1613 ac
1340 1539 1524 1632 solvendi,

307 1638 365 1711 vel
387 1661 466 1733 June
494 1636 667 1725 clavium,
695 1636 865 1726 fundato,
894 1635 1002 1711 emera
1023 1634 1095 1727 est,
1128 1654 1166 1708 et
1188 1634 1269 1730 jure
1293 1633 1527 1732 Magistratus

306 1730 539 1808 Ecclesiastici
565 1730 688 1827 coepit
711 1732 890 1815 exerceri;
914 1750 1096 1839 praeterea
1117 1731 1160 1804 ad
1175 1730 1355 1825 Judaicam
1377 1731 1530 1806 adcom-

306 1828 445 1902 modata
467 1823 520 1898 est
542 1824 780 1922 disciplinam,
805 1845 842 1899 et
857 1825 983 1902 civiles
1007 1825 1147 1924 accepit
1171 1824 1339 1915 effeetus,
1363 1827 1528 1923 adeoque

306 1923 344 1998 in
368 1943 521 2021 poenam
544 1921 687 1997 civilem
703 1921 945 2020 degeneravit.
992 1923 1051 1996 De
1074 1946 1144 2019 quo
1167 1944 1213 1996 ex
1236 1918 1381 1996 historia
1396 1923 1526 1997 Eccle-

305 2018 375 2093 liae
400 2019 537 2093 abunde
562 2017 709 2092 constat.

353 2113 637 2212 §.canistra
673 2142 711 2213 y.
736 2110 900 2208 Superest
918 2108 1073 2209 personas
1095 2108 1345 2204 monstremus,
1368 2108 1526 2207 potesta-

306 2227 346 2282 te
380 2208 711 2284 excommunicandi
754 2206 955 2303 praeditas,
1005 2230 1150 2306 eamque
1188 2230 1358 2282 exercere
1388 2206 1525 2284 solitas.

306 2307 398 2378 Cum
421 2305 508 2378 haec
533 2302 684 2399 potestm
704 2302 826 2390 cleto,
850 2301 923 2376 srve
952 2301 1157 2410 Episcopis,
1182 2301 1253 2378 srve
1276 2303 1523 2400 Presbyteris,

305 2401 415 2496 vulgo
439 2399 547 2477 suerit
572 2397 765 2495 adsignata,
807 2396 944 2476 Erastus
968 2420 1002 2470 et
1037 2397 1230 2471 sententiae
1249 2398 1416 2472 fervente
1451 2396 1529 2471 stu·¹

307 2493 430 2568 diosc
462 2518 511 2591 op
538 2490 651 2582 osuit,
691 2510 728 2567 et
745 2515 894 2565 omnem
921 2496 1105 2588 poenalem
1130 2492 1411 2588 jurisdistionem
1435 2493 1525 2567 Ma·

305 2586 465 2685 gistratui
489 2587 712 2677 vindica-vim
747 2586 805 2660 sed
828 2587 914 2666 haic
940 2587 1080 2664 innixus
1103 2589 1127 2661 h
1154 2588 1312 2681 pothefi,
1347 2589 1421 2701 ejus
1445 2587 1524 2667 effe

303 2703 449 2772 naturae
474 2682 692 2780 disciplinam
716 2681 1002 2765 Ecclesiasticam.
1050 2614 1183 2759 eunla
1207 2683 1303 2759 enirn
1322 2706 1412 2780 ¹epus
1430 2683 1526 2759 tati·

305 2779 495 2855 atiniaco
522 2779 732 2871 collineant,
772 2797 831 2866 ut,
858 2772 1043 2874 ¹duplicem
1070 2777 1110 2851 in
1132 2777 1302 2854 societate
1326 2801 1399 2856 non
1420 2777 1535 2889 poffe.

305 2876 377 2951 else
400 2872 701 2971 jurisdiuionem
741 2873 874 2969 aequali
908 2873 1101 2970 praeditam
1125 2874 1320 2971 potestate,
1360 2893 1398 2951 et
1415 2871 1527 2949 inde·

304 2971 541 3070 pendentem,
566 2966 791 3050 demonstret.
841 2969 941 3074 Quae
966 2969 1083 3043 omnia
1104 2970 1229 3066 sponte
1255 2972 1314 3044 sua
1330 2984 1532 3062 corruunt,

305 3068 352 3158 li,
377 3067 471 3164 quod
494 3067 594 3164 supra
617 3064 814 3163 disputavi,
849 3065 1167 3145 excommunicatio
1190 3088 1310 3139 veram
1343 3066 1435 3140 suam
1460 3087 1525 3141 re-

306 3161 421 3244 tineat
445 3181 622 3251 naturam,
661 3186 681 3235 a
713 3159 956 3257 jurisdictione
981 3163 1090 3257 probe
1113 3159 1327 3245 distinslam:
1369 3159 1525 3236 alienam

305 3283 394 3333 vero
422 3259 447 3332 st
471 3259 592 3333 induat
616 3257 764 3345 faciem,
797 3257 848 3329 uti
870 3256 992 3351 postea
1015 3256 1149 3343 induit,
1187 3256 1341 3331 Ecclesia
1364 3277 1448 3330 cum
1464 3256 1525 3329 so·

306 3356 441 3425 cietate
476 3353 574 3431 civili
592 3354 809 3436 commixta,
850 3350 970 3429 nescio
1001 3373 1067 3446 qua
1091 3351 1227 3423 rat-ione
1262 3349 1450 3425 ratiocinia
1473 3350 1524 3425 Ε-

306 3445 409 3532 rasti,
433 3447 665 3541 aliorumque,
690 3441 867 3539 inprimis
885 3445 1067 3533 lCtorum,
1093 3445 1253 3518 enervari
1276 3465 1425 3542 queant,
1451 3444 1521 3527 nili

304 3541 529 3630 admittatur,
574 3542 780 3613 sententiam
814 3538 1085 3622 Ecclesiasticam
1117 3540 1235 3613 saltem
1266 3541 1528 3635 aMagistratu

304 3635 521 3731 civili,}quo
544 3632 702 3730 superior
728 3633 764 3706 in
782 3632 951 3707 socictate
977 3659 1047 3707 non
1073 3633 1142 3723 est,
1168 3635 1353 3732 adprobati
1379 3655 1416 3708 et
1434 3659 1525 3710 con·

217 3802 222 3807 .
305 3729 439 3816 firmari
457 3732 597 3805 debere.
647 3730 803 3816 Verum,
830 3728 853 3800 fi
871 3728 1191 3819 excommunicatio
1208 3754 1294 3828 pure
1312 3731 1352 3804 stt
1367 3730 1522 3815 Eccles-

307 3826 434 3916 allica,
474 3850 540 3905 nec
562 3822 727 3905 effeslum
759 3825 885 3898 habeat
916 3825 1083 3916 civilem,
1125 3847 1185 3901 aut
1217 3827 1523 3905 excommunicati

305 3922 433 3998 statum
460 3945 532 3995 non
557 3919 678 3997 reddat
704 3919 913 4003 incivitate
941 3922 1174 4013 deteriorem,
1200 3921 1352 4019 potestas
1379 3948 1439 4010 ea,
1466 3924 1522 3996 se·

307 4017 464 4094 cundum
492 4040 605 4090 meam
637 4016 866 4106 sententiam,
908 4043 1008 4115 quam
1035 4019 1105 4093 fine
1134 4021 1354 4115 ambagibus,
1395 4017 1524 4096 vitatis

306 4112 470 4189 omnibus
494 4111 632 4199 litibus,
666 4112 865 4203 exhibebO,
897 4137 935 4190 .1.
960 4113 1150 4207 originitus
1174 4116 1301 4190 resrdet
1326 4138 1435 4210 penes
1455 4115 1523 4212 ipr

277 4215 378 4289 'sam
403 4207 588 4296 Ecclesram
616 4207 877 4300 particularem,
919 4210 1016 4303 cujus
1041 4212 1235 4284 membrum
1262 4209 1313 4283 est
1339 4232 1438 4298 reus,
1478 4229 1520 4291 et

308 4333 382 4386 non
411 4329 519 4402 penes
551 4304 702 4390 clerum,
744 4304 804 4377 seu
835 4302 1112 4400 presbyterium,
1152 4325 1211 4379 aut
1238 4305 1388 4398 aliquem
1413 4304 1522 4382 alium

277 4481 280 4484 .
306 4407 475 4486 Senatum
490 4394 790 4506 Ecclesialljeum,
815 4401 864 4485 ob
879 4398 943 4480 lm
959 4401 1127 4478 rationes.
1175 4425 1208 4476 a.
1233 4398 1521 4584 Chrffiultl'lllt'
