3609 5500
247 424 1642 736 -1'-

814 968 927 1054 secus
944 974 978 1055 Ι.Ι
1102 971 1105 976 ’
1429 965 1502 1074 559

307 1170 348 1227 ter
364 1140 418 1229 e‘os
443 1153 639 1255 Dionysius
649 1145 901 1255 'Areopagita,
925 1156 1217 1255 adeoqae'judex
1241 1180 1288 1234 ex
1305 1156 1361 1235 isla
1378 1159 1496 1252 curia,

306 1270 333 1322 et
351 1273 428 1325 uxor
451 1254 527 1349 ejus
543 1253 726 1345 Damaris,
756 1255 884 1350 aliique
910 1276 990 1326 cum
1020 1251 1111 1352 ipsis.
1162 1258 1262 1330 Plura
1287 1257 1331 1330 de
1354 1257 1453 1329 Dion
1479 1293 1495 1315 ·
1630 1305 1632 1310 ,

306 1346 342 1418 sto
361 1348 415 1421 hit
441 1372 515 1421 non
541 1349 741 1445 proferam,
768 1349 922 1422 sabulosa
948 1351 1044 1423 enirn
1069 1351 1114 1424 de
1141 1350 1153 1422 i
1183 1352 1239 1441 s0,
1266 1372 1305 1423 et
1323 1374 1497 1451 martyrio

304 1441 371 1540 ejus,
404 1443 646 1519 adtentionern
674 1469 746 1519 non
772 1464 972 1545 merentur,
1006 1446 1052 1518 de
1078 1376 1284 1519 eonsitsrone
1314 1448 1388 1542 ejus
1414 1470 1496 1523 cum

304 1537 449 1637 Dionysio
471 1540 666 1628 Parisrensr,
692 1559 728 1613 et
753 1540 939 1637 operibus,
969 1540 1075 1637 ipsius
1103 1564 1233 1615 nomen
1260 1543 1493 1637 praeferenti·

304 1633 363 1723 lut,
386 1634 505 1732 postea
532 1637 593 1711 suo
608 1638 689 1709 loeo
708 1659 839 1733 agam„
873 1636 948 1708 Hic
966 1634 1170 1710 memorasse
1187 1636 1387 1726 suffecerit,
1413 1663 1496 1715 eum

303 1751 360 1898 quiq
370 1733 485 1842 primo
511 1733 698 1901 Episcopo·
717 1730 944 1900 Atheniensp
957 1731 1154 1903 EEcsciifiii
1177 1735 1492 1907 hpbelrihlseeuni

379 1848 557 1924 antiquam
581 1849 632 1904 tra
658 1847 808 1901 itionem
840 1852 910 1925 apu
990 1852 1082 1902 ue.
1158 1886 1166 1903 .
1225 1887 1280 1903 ..
1363 1856 1468 1929 ‚quo

303 1921 412 1997 admitti
435 1923 574 2019 potest,
607 1924 632 1995 sr
658 1946 785 1996 nomen
809 1921 890 1997 illud
918 1922 1016 1995 sensu
1040 1924 1166 1997 latiore
1186 1925 1351 1998 sumatur.

337 2017 572 2116 tccxxln.
607 2019 794 2109 Corinthi,
827 2041 930 2116 quam
956 2020 1101 2114 opibus,
1134 2022 1372 2110 commercio,
1406 2045 1492 2096 eon«
1614 2064 1618 2074 ·

305 2108 597 2227 flutultominum,
629 2113 777 2212 situsque
811 2114 1100 2211 opportunitate,
1128 2117 1414 2205 celeberrimam,
1446 2142 1489 2191 ac

364 2231 427 2382 app
451 2211 690 2307 metropolin,
732 2210 785 2284 uti
812 2206 970 2299 constat,
1015 2210 1122 2297 adiit,
1163 2211 1295 2286 renuis
1318 2212 1491 2303 Athenis,-

309 2206 377 2414 siin
434 2307 594 2381 sabbatis¹
609 2329 690 2381 cum
715 2305 753 2377 in
778 2307 974 2474 spnagoga,
1000 2307 1147 2402 ingente
1170 2308 1267 2390 ze10,
1294 2328 1331 2380 et
1356 2308 1493 2401 inpulsu

310 2395 417 2493 dinuo,
459 2400 574 2501 (quod
608 2404 687 2478 net.
713 2402 855 2476 XVII:
881 2424 916 2492 5.
951 2401 1105 2491 dicitur,
1137 2405 1279 2499 wilgiso
1296 2406 1333 2476 se
1356 2405 1495 2499 malpel·

307 2492 418 2587 lindos,
442 2495 595 2595 pressus,
621 2497 774 2595 inpulsus
797 2521 817 2573 a
841 2496 997 2593 Spiritu,
1023 2498 1081 2570 seu
1105 2500 1235 2573 adfiatu
1254 2498 1396 2598 divino)
1423 2501 1489 2593 Je-

281 2589 355 2675 .sut
370 2595 423 2691 effe
447 2592 628 2691 Christum,
671 2592 775 2667 irrito
805 2616 877 2667 non
912 2611 1047 2666 tantum
1080 2616 1160 2667 cum
1194 2595 1326 2670 effectu
1352 2597 1494 2694 Judaeit

306 2688 554 2782 demonstrasset,
581 2689 688 2764 certis
711 2711 753 2764 ac
777 2687 877 2763 claris
901 2688 1084 2784 produsiis
1107 2689 1339 2786 testimoniis,
1370 2692 1428 2769 sed
1454 2712 1493 2767 et

254 2841 261 2851 ..
306 2805 350 2856 eor
365 2788 444 2859 adeo
468 2785 654 2874 irritasset,
688 2803 728 2858 ut
755 2783 792 2857 in
818 2783 1000 2859 maledista
1024 2809 1066 2859 ac
1091 2787 1339 2882 blasphemiam
1364 2813 1489 2886 erupe-

310 2876 378 2971 rint,
396 2881 535 2980 seseque
563 2881 601 2954 in
625 2881 795 2978 Spiritum
817 2883 852 2955 8.
877 2880 1018 2977 peccati
1044 2905 1124 2954 reos
1150 2883 1240 2979 quast
1256 2885 1487 2981 peregerint,

312 2970 398 3051 Panna
418 3000 480 3052 eoa
503 2978 641 3075 judicio
666 2974 793 3050 divino
821 2977 985 3067 tradidit,
1018 2995 1057 3050 et
1082 2975 1125 3050 ad
1153 2981 1289 3052 Gentes
1312 2981 1388 3061 sese,
1410 3003 1489 3052 ver·

311 3080 365 3143 tete
383 3073 489 3166 dixit,
532 3075 718 3168 adeoque,
753 3071 797 3145 iis
823 3073 956 3145 nuncio
983 3068 1104 3159 misso,
1137 3071 1175 3146 in
1195 3074 1309 3146 domo
1335 3073 1490 3171 religiosi

311 3167 467 3269 proselyti,
492 3169 635 3242 nomine
661 3166 772 3265 Justi‚
803 3187 950 3240 munere
981 3164 1139 3260 Apostoli
1168 3168 1307 3241 functus
1329 3169 1400 3259 est,
1424 3190 1491 3266 per

313 3258 511 3357 sesquiannum
539 3285 686 3360 ingente
712 3285 792 3337 curn
815 3261 969 3335 successu
993 3261 1145 3351 docens,
1183 3264 1318 3336 multos
1335 3288 1378 3338 ue
1403 3286 1489 3337 con·

311 3374 437 3453 venenu
460 3362 585 3436 divino
611 3359 717 3433 etiam
743 3359 820 3432 viso
846 3354 1020 3431 noeturno
1044 3356 1241 3431 admonitus
1264 3384 1284 3432 a
1311 3289 1490 3454 sommo,

309 3472 337 3524 tt
354 3460 474 3548 timeat,
500 3481 579 3530 cum
609 3455 672 3551 ipo
698 3455 803 3546 adfrt,
828 3477 1004 3550 nemoque
1027 3475 1167 3527 manum
1190 3453 1352 3530 hostilem
1377 3456 1489 3555 injec-

308 3552 453 3646 turusrt,
478 3576 537 3627 nec
552 3553 676 3645 filear,
702 3576 783 3624 cum
799 3549 979 3646 copiosam
1003 3549 1264 3644 multitudinem
1293 3553 1333 3627 stt
1350 3553 1491 3629 Christo

309 3646 482 3726 costitutus
506 3648 572 3748 (stc
590 3648 684 3721 enim
711 3649 864 3722 membra
884 3644 1006 3742 perico
1032 3668 1073 3718 ae
1094 3644 1173 3721 net.
1200 3645 1340 3723 XVIII:
1364 3672 1401 3740 9,
1431 3675 1489 3727 10.

305 3742 482 3834 ordinanda,
510 3766 546 3818 et
559 3744 759 3843 jungenda,
784 3737 942 3840 censeo.)
1026 3760 1196 3850 ,raxerunt
1214 3743 1353 3840 quidem
1372 3747 1489 3914 ipsunt

301 3833 399 3931 Judaei
417 3843 460 3916 ad
478 3841 626 3915 tribunal
646 3838 863 3914 Proconsulis
882 3837 1073 3927 Gallionis,
1099 3835 1175 3935 (qui
1201 3839 1356 3914 fueritne
1397 3862 1490 3915 rater

299 3934 450 4027 Senecae,
475 3962 521 4010 eo
549 3937 691 4010 nomine
717 3954 820 4008 notus
846 3952 882 4006 et
916 3931 1085 4020 celebris,
1110 3957 1153 4005 an
1179 3935 1282 4023 alius,
1311 3936 1399 4017 mihi
1418 3961 1491 4014 non

294 4033 429 4123 conflat,
454 4056 536 4107 cum
561 4032 677 4106 fratris
703 4035 856 4105 Senecae
881 4026 1085 4120 Proconsult‘s
1101 4050 1206 4102 nemo
1225 4031 1399 4107 Veterum
1416 4044 1492 4108 me'·
1613 4052 1615 4057 ’

292 4127 434 4214 minerit.
488 4129 622 4226 Achaja
648 4151 757 4218 vero,
792 4122 939 4200 utillud
965 4124 1081 4197 obiter
1107 4148 1291 4217 moneam,
1331 4130 1391 4203 sub
1417 4131 1490 4201 Au·

288 4225 379 4321 gusto
401 4227 579 4323 adsignata
601 4225 766 4314 Senatui,
799 4222 1043 4296 Proconsulent
1070 4218 1215 4311 habuit,
1250 4221 1308 4297 sub
1337 4222 1490 4297 Tiberio

314 4344 568 4420 ropraetorem,
609 4346 629 4393 a
655 4322 796 4394 Caesare
823 4314 980 4406 missum,
1020 4317 1077 4390 sed
1109 4318 1169 4393 sub
1203 4319 1346 4393 Claudio
1379 4316 1493 4397 rursus

281 4345 537 4496 iroconsulern.
584 4417 687 4526 Quae
724 4434 770 4492 ex
799 4414 921 4587 Dpppe
963 4413 1056 4493 Cass,
1075 4413 1100 4490 l.
1126 4417 1223 4509 LIII,
1246 4416 1321 4490 LX.
1352 4412 1491 4485 Taceo

1397 4508 1642 4834 ml

281 4560 290 4577 Q
