3609 5500
706 905 741 922 Η
811 931 977 1013 decoll.
1010 915 1015 925 ⁸
1303 981 1305 984 ·
1448 949 1516 1025 181

287 1107 361 1189 sum
386 1129 460 1189 mr
482 1132 594 1188 anuos
616 1108 655 1188 in
671 1112 803 1189 Arabia
827 1112 983 1203 trivisse,
1005 1108 1066 1186 sed
1092 1106 1173 1209 post
1196 1129 1399 1190 tres.annos
1423 1117 1515 1193 Hie·

286 1211 503 1308 rosolymam
520 1209 681 1284 rediisse:
707 1210 795 1284 adeo
822 1231 860 1285 ut
884 1210 923 1284 in
947 1208 1080 1283 Arabia
1104 1230 1176 1280 non
1203 1228 1362 1303 tantum,
1391 1211 1449 1287 sed
1476 1233 1516 1289 et

289 1307 397 1399 alibi,
434 1308 596 1415 potuerit
619 1305 776 1380 versatus
797 1302 919 1394 fuisse,
953 1305 1060 1378 etiam
1086 1304 1247 1414 Damasci
1271 1308 1379 1380 alrera
1411 1310 1516 1402 vice,
1673 1332 1678 1341 ·

284 1397 1128 1607 Qffifffflalssll'l‘lll&allelluia
1161 1402 1517 1606 lllrtlllllll

286 1587 462 1690 Judaeos,
502 1613 541 1666 ut
564 1618 602 1666 m
626 1595 699 1689 ejus
725 1615 851 1666 necem
877 1592 1180 1689 conspiraverint,
1219 1617 1314 1689 regis
1338 1595 1514 1689 Arabiae,

284 1691 343 1786 cui
369 1711 461 1764 tunc
484 1688 635 1785 subjedla
660 1708 734 1762 erat
760 1690 967 1779 Damascus,
1004 1688 1179 1761 incertum
1213 1690 1351 1786 quando
1383 1713 1516 1789 etqua

285 1786 449 1876 ratione,
475 1808 556 1859 cum
574 1785 616 1858 ad
632 1786 874 1859 Romanorum
884 1784 1079 1858 dominium
1095 1782 1327 1879 pertinuerit,
1350 1789 1513 1864 Praefeca

286 1895 324 1954 to
352 1879 392 1955 in
410 1901 531 1979 partes
555 1879 688 1965 tracto,
714 1879 795 1954 Ate.
821 1880 885 1955 lX.
913 1900 950 1954 et
977 1883 1098 1954 acor.
1124 1881 1188 1953 XI:
1215 1903 1272 1976 32.
1297 1907 1403 1979 quare
1424 1888 1513 1961 clani

287 1973 360 2051 sese
385 1975 573 2068 subduxit,
598 1994 639 2048 ut
666 1974 715 2049 ibi
735 1996 913 2066 narratur,
940 1974 1070 2049 etalio
1096 1973 1241 2050 secessit.
1505 1994 1510 2001 ’

301 2141 307 2176 3
335 2071 370 2172 ς
395 2072 559 2148 CLXIII.
592 2070 773 2145 Profedtus
800 2070 882 2146 dein
909 2070 1097 2167 est-prima
1124 2071 1226 2161 vice,
1249 2070 1329 2168 post
1351 2074 1514 2148 vocatio

288 2191 371 2244 nem
394 2169 513 2259 suam,
541 2165 845 2265 Hierosolymam,
878 2184 918 2239 ut
944 2190 1024 2241 cum
1050 2169 1157 2241 Petro
1181 2168 1380 2259 conferret,
1412 2186 1512 2244 man·'

291 2264 397 2362 fitque
423 2262 631 2363 quindecim
656 2262 749 2353 dies,
774 2285 842 2336 nec
868 2261 972 2337 aliurn
999 2262 1093 2336 vidit
1109 2261 1340 2361 Apostolum,
1369 2275 1513 2361 praeter

287 2361 470 2460 Jacobum.
524 2357 687 2455 Contigit
727 2358 811 2433 illud
842 2358 953 2433 tribus
994 2359 1094 2432 annis
1128 2358 1208 2454 post
1243 2360 1510 2437 conversionem

289 2457 321 2531 e‘
368 2512 391 2547 ,,
410 2456 489 2531 Gal.
517 2456 546 2528 1:
577 2462 634 2543 18,
664 2477 719 2544 19.
768 2456 853 2527 Cum
880 2473 997 2529 autem
1015 2453 1273 2550 Hierosolymis
1289 2453 1513 2554 ¹euangelium

288 2553 398 2627 labere
424 2550 522 2626 inter
546 2548 718 2659 Judaeos,
742 2567 778 2622 et
806 2549 1016 2625 Hellenistas
1045 2550 1289 2642 adnunciant,
1320 2551 1359 2625 in
1388 2575 1513 2649 eorum

288 2648 410 2723 odium
433 2645 526 2721 adeo
549 2645 722 2735 incurrit,
755 2663 796 2718 ut
823 2648 866 2720 ab
891 2644 1118 2735 Hellenistis‚
1152 2645 1356 2741 quibuscum
1381 2649 1513 2725 acriter

287 2741 520 2843 disceptavit,
547 2740 590 2815 ad
616 2765 741 2816 necem
765 2740 873 2815 suerit
896 2739 1076 2839 quaesitus.
1129 2742 1280 2841 Quando
1303 2744 1509 2821 achristiaa
1570 2787 1572 2790 ·

287 2840 341 2914 nia
370 2837 424 2914 est
455 2837 654 2912 Caesaream
690 2837 873 2929 abdudlus,
914 2838 1006 2913 unde
1038 2837 1077 2911 in
1102 2838 1238 2935 Syriam
1272 2862 1313 2914 ac
1348 2841 1511 2918 Ciliciam

288 2932 360 3011 sese
375 2935 551 3023 contulit,
577 2953 614 3006 et
633 2932 731 3007 Tarst
745 2932 921 3023 detinuit,
946 2935 1027 3008 Att.
1052 2933 1115 3008 IX.
1160 2936 1236 3011 Gal.
1261 2938 1291 3009 1:
1316 2957 1374 3012 21:
1425 2938 1511 3034 Quo

287 3031 412 3107 audito
435 3030 606 3105 Barnabas
623 3052 704 3102 eum
725 3027 926 3126 requisivit,
948 3049 984 3102 et
1003 3029 1117 3103 secum
1137 3030 1367 3105 Antiochiam
1385 3033 1509 3124 duxit,

288 3127 335 3201 ad
368 3125 536 3200 Eccleliar
571 3123 782 3222 colligendas
814 3128 872 3199 vel
907 3125 1171 3197 confirmandas.
1231 3123 1315 3224 Quo
1346 3145 1417 3198 tem
1447 3149 1512 3201 ore

289 3219 418 3297 fideles
450 3218 535 3296 nabli
570 3220 650 3294 sunt
684 3243 813 3294 nomen
858 3217 1136 3315 Christianorum,
1176 3215 1271 3289 forte
1302 3242 1322 3290 a
1352 3220 1511 3312 Latmia,

287 3338 372 3391 cum
402 3313 447 3388 ad
470 3339 590 3390 eorum
613 3317 765 3413 linguam
792 3315 1050 3390 conformatum
1077 3310 1136 3404 lit,
1162 3312 1319 3411 adeoque
1343 3315 1510 3394 aRoma⁸

285 3412 341 3488 nis
355 3410 569 3510 gentilibus,
597 3410 646 3486 ibi
663 3412 892 3510 degentibus,
919 3410 1000 3507 ipsrs
1022 3409 1143 3484 datum
1161 3408 1324 3500 videtur,
1351 3430 1391 3484 ut
1411 3415 1509 3511 aJu·

286 3507 382 3583 daeis
400 3505 720 3604 distinguerentur,
748 3528 908 3605 tanquam
927 3504 1074 3595 Christi,
1091 3504 1184 3601 regis
1202 3505 1412 3602 Judaeorum
1432 3533 1510 3586 cru.

288 3603 408 3696 cifixi,
437 3602 647 3693 seclatores,
674 3604 732 3677 sed
751 3606 894 3678 bonone
919 3625 960 3676 an
979 3602 1069 3675 malo
1096 3602 1243 3674 animo?
1265 3602 1415 3677 definire
1435 3628 1510 3682 non

288 3701 405 3776 ausrm.
454 3700 541 3773 Illud
568 3699 737 3795 singulare
762 3696 833 3788 est,
877 3698 997 3772 fideles
1028 3695 1121 3805 ipsos
1147 3720 1192 3770 eo
1217 3698 1324 3770 titulo
1347 3724 1420 3773 non
1445 3701 1511 3777 nili

287 3794 366 3871 sero
393 3794 466 3871 sese
490 3795 726 3891 infigniviffe,
765 3792 823 3869 sed
847 3797 889 3868 ab
922 3791 1196 3868 infidelibus‘eo
1220 3792 1320 3867 fuisse
1346 3814 1509 3889 notatos,

287 3894 342 3968 uti
369 3891 453 3967 nu.
478 3892 618 3966 XXVI:
646 3901 701 3973 28.
736 3909 773 3963 et
802 3915 817 3964 1
839 3893 914 3965 Pet.
939 3893 1008 3965 IV:
1038 3897 1094 3962 16.
1146 3891 1252 3962 Fame
1276 3911 1366 3962 vero
1387 3890 1509 3989 ingru-

289 4007 399 4076 ente,
444 3988 634 4061 secundum
668 3985 947 4086 praediblionem
979 3981 1122 4080 agabi,
1165 3983 1379 4081 prophetico
1412 3989 1511 4066 dono

289 4082 465 4257 pryediti,
492 4083 660 4252 colleblalqe
687 4081 799 4254 fabgae
823 4083 901 4249 suqt
925 4079 1172 4250 instsyltrsryliurln
1197 4079 1353 4251 fideltiury
1376 4082 1511 4250 lsliero·

307 4206 351 4255 o.
433 4202 494 4255 uas
518 4203 600 4254 cum
654 4201 849 4252 amaaeo
890 4201 950 4251 ran
983 4200 1028 4248 ur
1099 4202 1270 4251 auus·e
1314 4202 1365 4251 ra
1403 4202 1510 4252 ecun-

289 4278 333 4351 da
358 4205 440 4350 licqe
471 4277 575 4351 venit
605 4276 909 4371 Hierosolymam,
941 4272 1021 4346 nu.
1047 4274 1110 4348 XI.
1163 4231 1310 4377 Qdando
1332 4272 1369 4345 in
1399 4271 1510 4346 Tem·

290 4374 356 4491 plo
378 4371 540 4455 adoranti
564 4370 721 4455 christus
743 4371 831 4471 ipsa,
862 4372 900 4540 id
934 4367 1077 4449 ecstastn
1101 4390 1225 4470 rapto,
1258 4364 1436 4467 adparuit,
1468 4390 1512 4477 et
1647 4474 1649 4481 Ι

924 4488 945 4560 3
1464 4489 1506 4546 ln
