3609 5500
293 954 364 1029 32²
676 931 823 1033 luston
856 929 986 1034 Eccles.
1012 927 1128 1032 Clnifl.

286 1110 492 1208 opiniones,
515 1110 687 1208 adeoque·
701 1112 926 1190 traditionem
947 1114 1017 1189 elle
1040 1135 1182 1203 ueram,
1207 1109 1262 1186 uti
1288 1134 1336 1187 ex
1357 1132 1420 1281 ep»
1447 1113 1501 1189 Pe

286 1209 332 1282 tri
358 1229 396 1280 et
415 1209 524 1304 Judue
549 1230 670 1304 patet,
697 1210 747 1282 ita
774 1228 812 1282 nt
838 1210 906 1283 hac
925 1210 1135 1307 probatione
1160 1231 1249 1306 opus
1273 1231 1346 1283 non
1387 1206 1495 1283 uiss'et

286 1302 347 1376 sed
375 1328 405 1379 1.
430 1305 495 1376 hos
521 1303 682 1377 homines
717 1308 970 1380 autumaverim
995 1305 1141 1379 nomine
1164 1305 1426 1382 Nicolaitarum
1452 1305 1504 1381 lu·

287 1398 352 1474 isle
379 1399 532 1495 primurn
560 1416 709 1473 notatos
732 1425 752 1473 a
778 1401 915 1497 Spiritu
935 1403 973 1475 in
990 1401 1164 1497 apocal,
1196 1401 1239 1477 ad
1262 1424 1386 1476 eorum
1411 1400 1504 1476 indo

286 1496 354 1569 lem
379 1516 417 1569 et
442 1518 557 1569 mores
585 1492 691 1591 depin
719 1496 846 1587 endor,
881 1495 1039 1607 adeoque
1064 1519 1217 1588 nornen,
1250 1501 1323 1571 non
1349 1496 1504 1572 a·Nico

286 1592 342 1666 lao
360 1591 526 1682 trastum,
554 1591 611 1664 sed
628 1615 686 1688 my
722 1590 812 1666 'cum
830 1591 899 1665 effe
918 1613 956 1667 et
973 1592 1215 1690 symbolicum.
1262 1593 1504 1690 ,Praeterquan

287 1690 404 1777 enim,
432 1686 522 1783 quod
544 1689 708 1762 lrenaeus
728 1706 766 1760 et
790 1688 848 1761 alii
873 1688 956 1764 illud
982 1711 1027 1761 ex
1049 1687 1390 1784 Apoc.-desumuffe
1406 1689 1504 1764 vide'«

286 1804 406 1873 antur,
431 1806 511 1856 cum
536 1783 580 1855 de
605 1782 670 1857 alia
697 1782 836 1879 origine
860 1782 949 1858 nihil
974 1780 1133 1873 constet,
1157 1803 1218 1857 aut
1235 1783 1365 1859 alicubi
1391 1785 1504 1861 trada-

285 1897 363 1967 tur,
389 1878 548 1975 adeoque
574 1902 697 1951 eorum
722 1877 895 1969 narratio,
921 1900 1083 1975 tanquam
1101 1878 1333 1954 fundamento
1357 1878 1504 1958 destitu-

285 1991 339 2061 ta,
366 1972 454 2045 tanti
478 1998 549 2047 non
576 1972 618 2045 stt
640 1973 800 2049 facienda
817 2001 849 2049 a.
874 1976 919 2048 de
936 1975 1091 2048 Nicolao
1117 1972 1205 2047 nibil
1221 1974 1330 2050 simile
1352 1968 1392 2049 in
1412 1974 1497 2054 Ast.

283 2068 408 2165 Apost.
432 2090 492 2144 aut
524 2066 633 2164 Epist.
671 2093 792 2143 eorum
816 2073 969 2143 occurrit
998 2075 1037 2147 b..
1054 2069 1222 2143 Narratio
1238 2069 1310 2168 ipsa
1349 2068 1503 2150 fabulam

283 2164 392 2262 sapit,
419 2186 455 2238 et
471 2191 489 2239 a
505 2162 725 2260 simplicitate
753 2165 866 2262 prima
881 2164 1029 2240 nimium
1053 2164 1240 2257 abhorret,
1274 2189 1319 2240 ex
1370 2169 1504 2258 eruerfi

273 2262 429 2357 alicujus
459 2259 544 2334 uiui
568 2262 663 2335 inter
689 2261 865 2335 retatione
897 2282 969 2335 tam
993 2260 1226 2334 execrabilem
1258 2260 1312 2337 fui
1340 2286 1361 2336 e
1388 2281 1504 2342 ortam

283 2355 460 2441 haeresin,
501 2375 537 2429 et
564 2288 752 2430 Nicolaum
783 2357 825 2431 ad
854 2375 925 2431 tam
948 2356 1132 2431 absurdum
1154 2355 1309 2449 facinus,
1349 2358 1390 2433 in
1415 2373 1503 2435 uxo·

282 2474 320 2524 re
353 2449 613 2546 prostituenda,
653 2453 698 2526 ob
733 2470 803 2525 tarn
832 2455 945 2527 levem
976 2451 1132 2542 causam,
1177 2449 1280 2527 fuiss'e
1302 2452 1503 2536 adductum

283 2572 313 2620 c.
339 2550 464 2642 Longe
489 2545 600 2635 aliud,
625 2566 662 2620 et
684 2546 909 2643 plausibilius,
943 2547 1044 2621 fuiffe
1068 2544 1356 2640 fundamentum,
1390 2548 1431 2623 in
1458 2551 1499 2626 li·

281 2644 420 2714 bertate
446 2640 641 2715 Christiana
665 2641 838 2739 positum,
882 2642 940 2716 cui
964 2643 1013 2740 hy
1040 2643 1178 2717 otheses
1202 2642 1344 2719 suerunt
1379 2643 1499 2743 super·

263 2734 447 2827 struslae,
473 2761 517 2811 ex
543 2738 608 2833 Ep.
634 2739 750 2828 Petri,
775 2758 814 2812 ut
837 2740 946 2814 modo
964 2668 1168 2829 observavi,
1188 2737 1417 2815 'manifestum
1433 2741 1496 2821 est.

282 2836 311 2907 d.
339 2830 525 2908 Haeretici
552 2835 589 2909 in
611 2834 728 2932 Apoc.
753 2858 824 2909 non
849 2833 1002 2932 propriis
1026 2834 1085 2909 sed
1119 2835 1319 2932 symbolicis
1341 2834 1495 2913 nomini·

282 2931 344 3002 bus
369 2929 493 3004 venire
516 2932 647 3021 solent,
686 2929 809 3027 quibus
836 2929 1133 3005 charasleristicae
1158 2953 1276 3004 eorum
1312 2936 1503 3028 qualitates

282 3025 352 3099 luci
377 3047 621 3122 exponuntur3
646 3027 698 3100 uti
725 3051 770 3102 ex
799 3026 1002 3101 nominibus
1025 3024 1215 3123 Jezabelis,
1241 3044 1278 3100 et
1307 3028 1404 3118 aliis,
1429 3052 1504 3106 nec

165 3114 170 3125 ’
283 3146 354 3196 nou
372 3123 503 3199 libriA
531 3148 586 3199 oc.
611 3124 750 3213 indole,
778 3122 881 3197 facile
909 3142 1018 3221 patet.
1068 3122 1173 3223 Quod
1197 3121 1235 3194 in
1256 3122 1360 3197 titulo
1379 3124 1498 3200 Nico·

284 3219 440 3293 laitarnm
467 3150 580 3293 adbuc
604 3220 726 3294 clarius
753 3217 824 3293 sese
848 3220 976 3310 offert,
1016 3233 1095 3291 cum
1120 3218 1163 3291 ad
1187 3216 1332 3292 Bileami
1366 3243 1501 3303 nomen

283 3313 466 3387 manifeste
494 3316 693 3401 adludatur,
719 3334 756 3388 et
779 3314 828 3388 illi
853 3338 932 3387 cum
952 3311 1107 3386 Bileamo
1130 3333 1398 3407 comparentur,
1424 3338 1503 3401 non

283 3426 438 3496 tautum,
496 3410 564 3482 uod
591 3407 805 3483 Christianos
830 3410 914 3481 volu
944 3408 1007 3481 tati
1034 3407 1181 3498 carnali,
1216 3407 1302 3482 srcut
1326 3411 1503 3488 Israelitas

283 3503 436 3592 BHeam,
468 3433 699 3598 injecerint,
732 3503 871 3590 sedet,
908 3505 1106 3577 labertatem
1130 3503 1401 3599 promittentes,
1437 3532 1503 3584 eos

281 3595 393 3671 astute
428 3597 465 3670 in
493 3597 696 3671 servitutem
727 3598 923 3692 pudendam
957 3596 1282 3694 praecipitaverint.
1333 3603 1503 3680 Nomina

281 3715 370 3766 uero
393 3692 535 3765 Bileami
560 3711 596 3765 ct
620 3693 764 3767 Nicolai
791 3693 854 3768 srbi
890 3694 1123 3790 respondere,
1163 3694 1202 3768 in
1228 3698 1347 3771 oculos
1373 3698 1496 3774 iucur-

280 3787 349 3878 rit‚
389 3813 468 3863 cum
495 3808 678 3887 utrumque
710 3791 857 3864 sistorum
883 3793 992 3886 pupuli
1021 3789 1179 3864 denotet.
1231 3813 1264 3865 a.
1289 3793 1356 3865 Sed
1384 3817 1404 3865 a
1432 3819 1496 3869 ve·

281 3883 411 3957 rifimili
426 3907 499 3957 non
515 3886 701 3971 abhorret,
727 3884 819 3981 ipsos
836 3884 933 3977 illos,
959 3909 1039 3962 curn
1057 3880 1259 3960 Nicolaitae
1277 3887 1493 3983 adpelleren-

281 3995 358 4065 tur,
380 3978 482 4054 aliam
509 3983 583 4078 ejus
602 3981 756 4057 nominis
782 3981 977 4081 originem,
1009 3979 1164 4057 invidiae
1190 4001 1227 4054 et
1251 3985 1491 4060 contumeliae

280 4073 444 4150 vitandae
471 4099 576 4171 ergo,
603 4077 838 4174 excogitasse,
872 4077 1012 4175 seseque
1039 4102 1059 4150 a
1084 4078 1241 4166 bacolan,
1273 4080 1403 4155 celebri
1431 4081 1497 4157 illo

278 4169 379 4259 viru,
404 4170 620 4246 denominari
649 4173 822 4269 vulgasse,
846 4193 907 4265 et,
931 4172 1070 4248 utillud
1094 4170 1389 4265 demonstrarent,
1408 4175 1493 4250 ¹dic·

279 4282 353 4338 tum
379 4265 568 4340 nefastum
596 4272 669 4365 ejus
695 4269 733 4343 in
756 4270 911 4345 medium
932 4268 1143 4365 produxisse.
1194 4267 1294 4367 Quae
1309 4269 1492 4367 conjectu·

266 4379 318 4472 aa
346 4361 462 4464 nostra
491 4361 622 4464 aliquid
657 4367 793 4445 roboris
823 4362 1058 4468 ,acquiritex
1088 4389 1162 4461 eo,
1197 4365 1298 4467 ¹‚quod
1331 4368 1495 4540 ΕΙειῶεειὲε
