3609 5500
294 925 372 1013 ⁶48
684 907 833 1010 ffistulu
854 905 982 1009 Eresos,
1008 905 1123 1012 011„st

294 1101 423 1186 mulae,
461 1086 605 1188 quippe
642 1092 779 1188 plures,
812 1112 849 1166 et
872 1094 1053 1191 prolixae,
1095 1094 1298 1173 conservari
1328 1119 1406 1179 non
1427 1110 1536 1203 pore>

259 1249 263 1258 .
296 1215 389 1269 rant.
449 1191 618 1285 Denique
659 1213 738 1263 cum
770 1191 893 1263 Paulus
927 1192 1096 1265 Samosat.
1130 1193 1262 1288 hymnos
1297 1200 1521 1294 aboleverit,

295 1292 355 1366 alii
386 1283 469 1383 quid
502 1286 539 1357 in
566 1284 782 1359 consessione
817 1285 902 1359 fidei
934 1288 1170 1375 mutaverint,
1213 1314 1324 1367 nemo
1357 1298 1528 1395 liturgiae

295 1386 448 1459 violatae
469 1379 560 1452 'reus
594 1381 663 1455 suit
706 1382 812 1454 astus.
877 1405 909 1455 2.
942 1384 1053 1477 Supra
1088 1406 1227 1480 quoque
1260 1388 1325 1461 suo
1358 1394 1443 1467 loco
1478 1418 1523 1473 ex

297 1483 403 1557 Tert.
431 1477 636 1565 observavi,
670 1474 706 1546 in
732 1480 930 1570 precando,
970 1500 1011 1549 ac
1038 1486 1220 1572 canendo,
1261 1505 1391 1582 magna
1418 1490 1520 1563 liber·

297 1596 372 1651 tate
397 1573 498 1648 fuisse
522 1573 599 1645 usos
622 1571 839 1645 Christianos
864 1572 901 1644 in
926 1592 1033 1646 coetu
1049 1574 1203 1669 publico.
1245 1579 1333 1654 -Irno
1359 1584 1432 1660 sec.
1453 1586 1520 1662 IV.

301 1676 481 1768 integrum
511 1667 623 1741 adhuc
650 1667 846 1762 aliquandiu
878 1666 948 1740 fuit
973 1668 1185 1745 Praesidibus
1207 1672 1411 1770 Ecclesiae,
1446 1701 1518 1776 prr·

296 1771 387 1841 ribus
415 1764 487 1851 uti,
526 1786 609 1859 quas
640 1763 794 1849 vellent,
834 1763 942 1835 modo
968 1787 1025 1835 eas
1058 1791 1130 1839 cum
1155 1764 1417 1864 infirmioribus
1439 1777 1515 1873 fra·

294 1867 401 1937 tribur
434 1860 530 1957 prius
561 1857 814 1946 contulissent,
862 1875 901 1931 ut
932 1857 1041 1932 habet
1074 1884 1150 1935 can.
1185 1870 1328 1958 agrius,
1385 1876 1505 1949 concil.

294 1958 457 2055 carthag.
493 1954 559 2029 ΙΙΙ.
601 1954 646 2028 de
677 1979 746 2051 quo
777 1949 907 2049 postea.
965 1954 1148 2028 Memorat
1181 1963 1327 2053 quidem
1367 1968 1514 2067 Origen.

294 2075 394 2131 cont.
419 2048 506 2126 Cels.
532 2052 556 2125 l.
583 2051 649 2126 Vl.
711 2106 719 2123 .
748 2070 831 2143 302.
860 2068 972 2143 preces
994 2058 1229 2147 retraxero:
1261 2058 1372 2152 jussas
1403 2084 1442 2139 et
1463 2067 1515 2139 in·

215 2192 220 2200 ι
322 2169 453 2236 erutas,
495 2145 640 2239 quibus,
663 2074 708 2217 si
727 2144 803 2217 veri
839 2164 979 2218 utantur
1005 2151 1215 2240 Christiani,
1255 2157 1513 2237 adaemonum

292 2243 474 2317 insultibus
498 2239 664 2312 dicuntur
686 2241 866 2313 inmunes:
910 2238 969 2312 sed
994 2241 1065 2315 hoc
1091 2243 1178 2318 nihil
1213 2247 1257 2320 ad
1283 2248 1452 2330 formulas
1473 2257 1514 2331 li·

291 2341 464 2438 turgicas,
488 2356 570 2407 curn
593 2357 718 2431 preces
744 2333 904 2429 privatae
928 2334 1015 2425 srnt,
1048 2337 1085 2411 in
1109 2340 1251 2437 specie,
1276 2346 1405 2441 quibus
1429 2350 1508 2440 dae-

292 2459 418 2515 mones
439 2432 651 2529 putabantur
672 2430 780 2527 abigi.
830 2428 973 2504 Possunt
997 2434 1136 2530 quoque
1160 2437 1198 2510 in
1222 2460 1360 2533 genere
1385 2468 1518 2542 preces.

290 2531 468 2625 intelligi,
491 2527 534 2601 ad
557 2550 639 2621 quas
657 2525 847 2600 fundendas
871 2547 1099 2632 praeceptum
1118 2531 1247 2607 Christi
1270 2536 1405 2613 habere
1429 2564 1510 2617 cen·

289 2628 474 2713 schamat,
500 2621 606 2695 etiam
632 2622 669 2695 in
694 2621 812 2716 specie
835 2620 953 2693 oratio
975 2623 1186 2716 Dominica‚
1222 2630 1359 2709 eximie
1384 2635 1433 2711 sic
1453 2637 1511 2714 td·

290 2722 416 2824 pellari
448 2717 559 2795 solita.
609 2717 761 2813 Majoris
791 2715 959 2805 videtur,
1001 2720 1095 2816 quod
1127 2721 1320 2804 Firmilian.
1357 2755 1414 2830 ep.
1470 2754 1507 2825 5.

289 2823 336 2896 ad
362 2816 526 2915 Cyprian.
548 2813 757 2887 sacrificium
782 2812 914 2887 offerre
936 2811 1052 2898 dicat,
1091 2839 1171 2891 cum
1195 2819 1411 2914 sacramento
1427 2755 1508 2927 jin.

290 2932 348 2991 rar
377 2912 630 3008 praedicationis
639 2933 653 2996 ‚·
696 2909 754 2982 sed
787 2909 884 2982 locus
916 2907 967 2984 est
999 2910 1181 3004 obscurus,
1222 2940 1291 2992 nec
1321 2922 1509 3001 constantis

232 3055 234 3061 ·
290 3010 477 3096 leslionis3
502 3005 615 3099 posset
639 3028 777 3102 quoque
797 3008 997 3100 precationis
1024 3008 1113 3102 legi,
1148 3030 1184 3082 et
1209 3013 1327 3089 oratio
1352 3018 1499 3119 intelligi

288 3101 584 3192 dominica3s1cut
612 3100 774 3198 Cypriam.
800 3101 844 3173 de
870 3116 953 3175 orat.
981 3102 1128 3197 aspellat
1153 3113 1309 3184 orationis
1333 3116 1510 3191 dominicae

281 3207 509 3306 sacramenta.
558 3199 625 3272 Sed
646 3201 900 3292 praedicationis
917 3195 1040 3292 solitae
1067 3200 1211 3279 nomine
1236 3206 1403 3304 insignita
1425 3237 1507 3290 cen.

289 3303 358 3377 seri
384 3296 501 3398 potest
535 3292 700 3367 historiae
726 3294 955 3369 institutionis
986 3294 1216 3372 eucharistiae
1240 3325 1499 3385 commemora·

289 3397 365 3482 tio,
406 3397 468 3467 Gr.
492 3398 668 3486 ἀναμνησις,
700 3413 787 3484 quae
812 3388 960 3462 editoris
993 3390 1199 3465 Oxoniensrs
1233 3397 1286 3472 est
1311 3402 1506 3497 cogitatio:

290 3510 378 3586 quae
404 3484 566 3573 admissa,
600 3483 777 3558 historiam
805 3484 897 3557 illum
923 3507 968 3558 ex
993 3485 1122 3580 Script.
1146 3487 1249 3565 fuisse
1275 3497 1502 3592 praesediam,

288 3599 425 3660 tantum
449 3577 712 3650 demonstraret.
764 3579 833 3650 Sed
865 3579 1013 3653 concedi
1047 3579 1186 3674 posset,
1223 3587 1263 3663 in
1294 3592 1360 3664 liat
1390 3592 1498 3666 illave

229 3716 236 3723 ·
288 3675 443 3760 Ecclesra
475 3671 569 3745 forte
592 3689 713 3744 cerrum
739 3669 879 3766 ffcsum
912 3672 948 3745 in
975 3676 1034 3747 usu
1059 3675 1179 3753 fuisse:
1221 3683 1307 3758 ficut
1328 3685 1370 3757 de
1394 3684 1502 3760 Neo·

287 3769 517 3941 caesareensg,
546 3793 572 3843 a
588 3770 775 3869 vGregorio
797 3768 959 3861 fundata,
981 3768 1129 3846 innuere
1156 3774 1299 3856 viderur
1323 3780 1418 3859 salu
1444 3787 1503 3864 M.

314 3875 379 3949 eS
408 3869 449 3943 ir.
503 3891 568 3944 .c.
596 3890 652 3942 r.

287 3878 310 3953 d
337 3897 564 4067 §.PXLVHL
598 3892 707 4038 L9rilio
731 3966 766 4038 in
794 3980 900 4038 coetu
923 3962 1087 4071 publice,
1122 3969 1223 4040 utin
1251 3955 1411 4065 partibus
1433 4003 1502 4052 rea-

282 4067 371 4139 libus
394 4061 470 4154 ejus
493 4061 728 4132 describendis
752 4058 834 4133 inde
861 4059 1048 4154 inopiam,
1082 4062 1174 4136 unde
1196 4067 1308 4139 cultus
1334 4072 1500 4161 initium.

171 4215 176 4225 ,
283 4160 374 4235 licut
401 4174 505 4228 autea
529 4172 566 4224 et
587 4152 685 4248 post,
724 4156 914 4243 itanum,
956 4177 1037 4227 cunt
1062 4156 1152 4232 nihil
1177 4161 1385 4240 mutationis
1413 4171 1503 4244 acci·

282 4251 396 4342 derit,
422 4251 534 4335 sellio,
559 4248 720 4346 inquam,
747 4249 905 4324 instituta
922 4248 990 4323 suit
1007 4273 1026 4324 a
1043 4250 1193 4344 Lesiore,
1219 4257 1262 4330 ad
1285 4282 1365 4336 eam
1385 4265 1495 4338 aelio-

244 4372 365 4458 netn
397 4345 579 4446 speciatim
613 4345 796 4441 ordinato,
837 4345 888 4426 ita
921 4364 960 4427 ut
991 4347 1181 4437 Leslorum
1210 4358 1404 4532 pecqfigss
1430 4361 1500 4470 jam

273 4476 311 4513 ι’
738 4522 745 4543 ¹
1310 4477 1335 4529 0
1362 4473 1503 4537 tinuerit
