<?xml version="1.0" encoding="UTF-8"?>
<!DOCTYPE html PUBLIC "-//W3C//DTD XHTML 1.0 Transitional//EN"
    "http://www.w3.org/TR/xhtml1/DTD/xhtml1-transitional.dtd">
<html xmlns="http://www.w3.org/1999/xhtml" xml:lang="en" lang="en">
 <head>
  <title>
</title>
<meta http-equiv="Content-Type" content="text/html;charset=utf-8" />
  <meta name='ocr-system' content='tesseract 3.04.00' />
  <meta name='ocr-capabilities' content='ocr_page ocr_carea ocr_par ocr_line ocrx_word'/>
</head>
<body>
  <div class='ocr_page' id='page_1' title='image "./hermannivenemai05venegoog_0302.png"; bbox 0 0 3609 5500; ppageno 0'>
   <div class='ocr_carea' id='block_1_1' title="bbox 248 651 1238 848">
    <p class='ocr_par' dir='ltr' id='par_1_1' title="bbox 248 651 1238 848">
     <span class='ocr_line' id='line_1_1' title="bbox 248 651 1238 848; baseline -0.025 -41"><span class='ocrx_word' id='word_1_1' title='bbox 248 740 276 842; x_wconf 60' lang='lat' dir='ltr'><em>g</em></span> <span class='ocrx_word' id='word_1_2' title='bbox 408 673 541 848; x_wconf 51' lang='lat'><strong>29⁶¹</strong></span> <span class='ocrx_word' id='word_1_3' title='bbox 692 651 695 657; x_wconf 33' lang='lat'>¹</span> <span class='ocrx_word' id='word_1_4' title='bbox 794 669 1101 810; x_wconf 57' lang='lat' dir='ltr'><strong>maralana.-</strong></span> <span class='ocrx_word' id='word_1_5' title='bbox 1122 703 1238 805; x_wconf 68' lang='lat' dir='ltr'><strong>carn.</strong></span> 
     </span>
    </p>
   </div>
   <div class='ocr_carea' id='block_1_2' title="bbox 406 883 1673 1302">
    <p class='ocr_par' dir='ltr' id='par_1_2' title="bbox 406 883 1673 1302">
     <span class='ocr_line' id='line_1_2' title="bbox 406 883 1625 1005; baseline -0.029 -17"><span class='ocrx_word' id='word_1_6' title='bbox 406 911 462 1004; x_wconf 76' lang='lat' dir='ltr'><strong>est</strong></span> <span class='ocrx_word' id='word_1_7' title='bbox 488 901 634 1005; x_wconf 80' lang='lat' dir='ltr'><strong>opinid&#39;,</strong></span> <span class='ocrx_word' id='word_1_8' title='bbox 651 899 808 996; x_wconf 79' lang='lat' dir='ltr'><strong>&#39;tempus</strong></span> <span class='ocrx_word' id='word_1_9' title='bbox 828 891 983 990; x_wconf 81' lang='lat' dir='ltr'><strong>¹scriptae</strong></span> <span class='ocrx_word' id='word_1_10' title='bbox 1003 886 1115 987; x_wconf 82' lang='lat' dir='ltr'><strong>Epist.</strong></span> <span class='ocrx_word' id='word_1_11' title='bbox 1164 883 1364 963; x_wconf 83' lang='lat' dir='ltr'><strong>Domitiani</strong></span> <span class='ocrx_word' id='word_1_12' title='bbox 1386 883 1625 984; x_wconf 63' lang='lat' dir='ltr'><strong>persecutione</strong></span> 
     </span>
     <span class='ocr_line' id='line_1_3' title="bbox 458 982 1627 1083; baseline -0.027 -1"><span class='ocrx_word' id='word_1_13' title='bbox 458 1005 583 1082; x_wconf 78' lang='lat' dir='ltr'><strong>sterius</strong></span> <span class='ocrx_word' id='word_1_14' title='bbox 598 998 669 1081; x_wconf 82' lang='lat' dir='ltr'><strong>effe</strong></span> <span class='ocrx_word' id='word_1_15' title='bbox 683 1013 885 1082; x_wconf 85' lang='lat' dir='ltr'><strong>autumant,</strong></span> <span class='ocrx_word' id='word_1_16' title='bbox 910 989 1047 1065; x_wconf 87' lang='lat' dir='ltr'><strong>duobus</strong></span> <span class='ocrx_word' id='word_1_17' title='bbox 1061 984 1138 1060; x_wconf 83' lang='lat' dir='ltr'><strong>nixi</strong></span> <span class='ocrx_word' id='word_1_18' title='bbox 1156 983 1392 1083; x_wconf 82' lang='lat' dir='ltr'>argumentis,</span> <span class='ocrx_word' id='word_1_19' title='bbox 1420 1008 1511 1073; x_wconf 92' lang='lat' dir='ltr'><strong>uno,</strong></span> <span class='ocrx_word' id='word_1_20' title='bbox 1532 982 1627 1079; x_wconf 62' lang='lat' dir='ltr'><strong>quod:</strong></span> 
     </span>
     <span class='ocr_line' id='line_1_4' title="bbox 441 1078 1673 1184; baseline -0.027 -3"><span class='ocrx_word' id='word_1_21' title='bbox 441 1100 564 1181; x_wconf 80' lang='lat' dir='ltr'><strong>eclesia</strong></span> <span class='ocrx_word' id='word_1_22' title='bbox 587 1094 816 1174; x_wconf 69' lang='lat' dir='ltr'><strong>Corinthiam</strong></span> <span class='ocrx_word' id='word_1_23' title='bbox 839 1081 1034 1184; x_wconf 88' lang='lat' dir='ltr'><strong>adpelletur</strong></span> <span class='ocrx_word' id='word_1_24' title='bbox 1059 1081 1184 1180; x_wconf 60' lang='grc' dir='ltr'><strong>ὁςχῑιι</strong></span> <span class='ocrx_word' id='word_1_25' title='bbox 1205 1082 1237 1181; x_wconf 72' lang='lat' dir='ltr'><strong>s.</strong></span> <span class='ocrx_word' id='word_1_26' title='bbox 1270 1105 1330 1178; x_wconf 78' lang='lat'><strong>47.</strong></span> <span class='ocrx_word' id='word_1_27' title='bbox 1363 1081 1505 1169; x_wconf 76' lang='lat' dir='ltr'><strong>altero,</strong></span> <span class='ocrx_word' id='word_1_28' title='bbox 1535 1078 1620 1174; x_wconf 88' lang='lat' dir='ltr'><strong>quod</strong></span> <span class='ocrx_word' id='word_1_29' title='bbox 1671 1097 1673 1100; x_wconf 67' lang='grc'>’</span> 
     </span>
     <span class='ocr_line' id='line_1_5' title="bbox 409 1175 1588 1302; baseline -0.025 -25"><span class='ocrx_word' id='word_1_30' title='bbox 409 1199 610 1302; x_wconf 84' lang='lat' dir='ltr'><strong>persecutio</strong></span> <span class='ocrx_word' id='word_1_31' title='bbox 634 1189 841 1268; x_wconf 88' lang='lat' dir='ltr'><strong>Domitiana</strong></span> <span class='ocrx_word' id='word_1_32' title='bbox 866 1179 969 1258; x_wconf 88' lang='lat' dir='ltr'><strong>finita</strong></span> <span class='ocrx_word' id='word_1_33' title='bbox 1003 1200 1219 1266; x_wconf 81' lang='lat' dir='ltr'><strong>memoretur</strong></span> <span class='ocrx_word' id='word_1_34' title='bbox 1259 1176 1291 1279; x_wconf 68' lang='lat' dir='ltr'><strong>s.</strong></span> <span class='ocrx_word' id='word_1_35' title='bbox 1328 1200 1363 1268; x_wconf 93' lang='lat'><strong>1,</strong></span> <span class='ocrx_word' id='word_1_36' title='bbox 1398 1198 1422 1265; x_wconf 83' lang='lat'>5</span> <span class='ocrx_word' id='word_1_37' title='bbox 1455 1195 1494 1250; x_wconf 94' lang='lat' dir='ltr'><strong>et</strong></span> <span class='ocrx_word' id='word_1_38' title='bbox 1515 1175 1588 1250; x_wconf 72' lang='lat' dir='ltr'><strong>ns</strong></span> 
     </span>
    </p>
   </div>
   <div class='ocr_carea' id='block_1_3' title="bbox 410 1267 1631 2439">
    <p class='ocr_par' dir='ltr' id='par_1_3' title="bbox 410 1267 1631 2439">
     <span class='ocr_line' id='line_1_6' title="bbox 410 1267 1631 1379; baseline -0.023 -5"><span class='ocrx_word' id='word_1_39' title='bbox 410 1316 576 1374; x_wconf 81' lang='lat' dir='ltr'><strong>neutrum</strong></span> <span class='ocrx_word' id='word_1_40' title='bbox 602 1289 639 1365; x_wconf 91' lang='lat' dir='ltr'><strong>se</strong></span> <span class='ocrx_word' id='word_1_41' title='bbox 665 1285 758 1362; x_wconf 89' lang='lat' dir='ltr'><strong>tueri</strong></span> <span class='ocrx_word' id='word_1_42' title='bbox 783 1279 933 1379; x_wconf 88' lang='lat' dir='ltr'><strong>potest,</strong></span> <span class='ocrx_word' id='word_1_43' title='bbox 971 1299 1047 1351; x_wconf 89' lang='lat' dir='ltr'><strong>non</strong></span> <span class='ocrx_word' id='word_1_44' title='bbox 1062 1278 1180 1373; x_wconf 80' lang='lat' dir='ltr'><strong>prius,</strong></span> <span class='ocrx_word' id='word_1_45' title='bbox 1205 1277 1285 1373; x_wconf 89' lang='lat' dir='ltr'><strong>quia</strong></span> <span class='ocrx_word' id='word_1_46' title='bbox 1304 1280 1438 1374; x_wconf 67' lang='grc' dir='ltr'><strong>ὁςχῖυι</strong></span> <span class='ocrx_word' id='word_1_47' title='bbox 1470 1267 1631 1366; x_wconf 79' lang='lat' dir='ltr'><strong>adpellari.</strong></span> 
     </span>
     <span class='ocr_line' id='line_1_7' title="bbox 410 1364 1624 1494; baseline -0.028 -23"><span class='ocrx_word' id='word_1_48' title='bbox 410 1391 550 1494; x_wconf 88' lang='lat' dir='ltr'><strong>potest,</strong></span> <span class='ocrx_word' id='word_1_49' title='bbox 583 1405 752 1486; x_wconf 87' lang='lat' dir='ltr'><strong>quatenus</strong></span> <span class='ocrx_word' id='word_1_50' title='bbox 776 1381 815 1455; x_wconf 91' lang='lat' dir='ltr'><strong>in</strong></span> <span class='ocrx_word' id='word_1_51' title='bbox 847 1379 952 1450; x_wconf 79' lang='lat' dir='ltr'><strong>initiis</strong></span> <span class='ocrx_word' id='word_1_52' title='bbox 974 1373 1151 1470; x_wconf 82' lang='lat' dir='ltr'><strong>euangelii</strong></span> <span class='ocrx_word' id='word_1_53' title='bbox 1181 1373 1220 1445; x_wconf 90' lang='lat' dir='ltr'><strong>in</strong></span> <span class='ocrx_word' id='word_1_54' title='bbox 1243 1373 1316 1448; x_wconf 84' lang='lat' dir='ltr'><strong>illas</strong></span> <span class='ocrx_word' id='word_1_55' title='bbox 1341 1394 1421 1446; x_wconf 84' lang='lat' dir='ltr'><strong>oras</strong></span> <span class='ocrx_word' id='word_1_56' title='bbox 1436 1367 1540 1443; x_wconf 87' lang='lat' dir='ltr'><strong>delati</strong></span> <span class='ocrx_word' id='word_1_57' title='bbox 1553 1364 1624 1438; x_wconf 81' lang='lat' dir='ltr'><strong>suu·</strong></span> 
     </span>
     <span class='ocr_line' id='line_1_8' title="bbox 411 1457 1628 1579; baseline -0.03 -9"><span class='ocrx_word' id='word_1_58' title='bbox 411 1495 494 1568; x_wconf 87' lang='lat' dir='ltr'><strong>data</strong></span> <span class='ocrx_word' id='word_1_59' title='bbox 519 1485 591 1576; x_wconf 87' lang='lat' dir='ltr'><strong>est,</strong></span> <span class='ocrx_word' id='word_1_60' title='bbox 631 1480 723 1579; x_wconf 83' lang='lat' dir='ltr'><strong>qtrast</strong></span> <span class='ocrx_word' id='word_1_61' title='bbox 751 1475 987 1575; x_wconf 78' lang='lat' dir='ltr'><strong>primordialem</strong></span> <span class='ocrx_word' id='word_1_62' title='bbox 1018 1470 1133 1558; x_wconf 82' lang='lat' dir='ltr'><strong>dieas,</strong></span> <span class='ocrx_word' id='word_1_63' title='bbox 1165 1488 1204 1543; x_wconf 92' lang='lat' dir='ltr'><strong>et</strong></span> <span class='ocrx_word' id='word_1_64' title='bbox 1226 1467 1476 1567; x_wconf 84' lang='lat' dir='ltr'><strong>apostolicam,</strong></span> <span class='ocrx_word' id='word_1_65' title='bbox 1511 1461 1558 1536; x_wconf 92' lang='lat' dir='ltr'><strong>uti</strong></span> <span class='ocrx_word' id='word_1_66' title='bbox 1579 1457 1628 1534; x_wconf 86' lang='lat' dir='ltr'><strong>est</strong></span> 
     </span>
     <span class='ocr_line' id='line_1_9' title="bbox 411 1559 1626 1760; baseline -0.026 0"><span class='ocrx_word' id='word_1_67' title='bbox 411 1571 1034 1760; x_wconf 66' lang='lat' dir='ltr'><strong>tlhh‘ltlhllhhtt</strong></span> <span class='ocrx_word' id='word_1_68' title='bbox 1054 1559 1626 1738; x_wconf 69' lang='lat' dir='ltr'><strong>l.hh⁰‘¹htl⁶s⁹⁰⁰hll‘</strong></span> 
     </span>
     <span class='ocr_line' id='line_1_10' title="bbox 412 1681 1631 1874; baseline -0.03 -18"><span class='ocrx_word' id='word_1_69' title='bbox 412 1711 573 1858; x_wconf 67' lang='lat' dir='ltr'><strong>idithun</strong></span> <span class='ocrx_word' id='word_1_70' title='bbox 599 1699 770 1874; x_wconf 55' lang='lat' dir='ltr'><strong>anitiquis,</strong></span> <span class='ocrx_word' id='word_1_71' title='bbox 796 1787 868 1842; x_wconf 88' lang='lat' dir='ltr'><strong>non</strong></span> <span class='ocrx_word' id='word_1_72' title='bbox 892 1761 1035 1868; x_wconf 72' lang='lat' dir='ltr'><strong>semper</strong></span> <span class='ocrx_word' id='word_1_73' title='bbox 1055 1777 1126 1838; x_wconf 87' lang='lat' dir='ltr'><strong>tam</strong></span> <span class='ocrx_word' id='word_1_74' title='bbox 1143 1686 1288 1856; x_wconf 79' lang='lat' dir='ltr'><strong>longiim</strong></span> <span class='ocrx_word' id='word_1_75' title='bbox 1316 1682 1460 1851; x_wconf 52' lang='lat' dir='ltr'><strong>tempii</strong></span> <span class='ocrx_word' id='word_1_76' title='bbox 1478 1681 1631 1854; x_wconf 62' lang='lat' dir='ltr'><strong>iequiret</strong></span> 
     </span>
     <span class='ocr_line' id='line_1_11' title="bbox 413 1849 1629 1966; baseline -0.027 -11"><span class='ocrx_word' id='word_1_77' title='bbox 413 1903 476 1966; x_wconf 88' lang='lat' dir='ltr'><strong>re,</strong></span> <span class='ocrx_word' id='word_1_78' title='bbox 516 1870 571 1948; x_wconf 92' lang='lat' dir='ltr'><strong>uti</strong></span> <span class='ocrx_word' id='word_1_79' title='bbox 596 1869 647 1945; x_wconf 90' lang='lat' dir='ltr'><strong>est</strong></span> <span class='ocrx_word' id='word_1_80' title='bbox 679 1864 761 1942; x_wconf 75' lang='lat' dir='ltr'><strong>Asi.</strong></span> <span class='ocrx_word' id='word_1_81' title='bbox 787 1863 872 1938; x_wconf 89' lang='lat' dir='ltr'><strong>XV:</strong></span> <span class='ocrx_word' id='word_1_82' title='bbox 898 1877 935 1953; x_wconf 87' lang='lat'><strong>7.</strong></span> <span class='ocrx_word' id='word_1_83' title='bbox 974 1857 1039 1930; x_wconf 80' lang='lat' dir='ltr'><strong>ubi</strong></span> <span class='ocrx_word' id='word_1_84' title='bbox 1072 1872 1210 1952; x_wconf 85' lang='lat' dir='ltr'><strong>tempus</strong></span> <span class='ocrx_word' id='word_1_85' title='bbox 1247 1855 1358 1931; x_wconf 86' lang='lat' dir='ltr'><strong>etiam</strong></span> <span class='ocrx_word' id='word_1_86' title='bbox 1371 1849 1527 1937; x_wconf 79' lang='lat' dir='ltr'><strong>brevius</strong></span> <span class='ocrx_word' id='word_1_87' title='bbox 1554 1862 1629 1922; x_wconf 81' lang='lat' dir='ltr'><strong>ante.</strong></span> 
     </span>
     <span class='ocr_line' id='line_1_12' title="bbox 415 1937 1630 2071; baseline -0.026 -22"><span class='ocrx_word' id='word_1_88' title='bbox 415 1972 549 2071; x_wconf 89' lang='lat' dir='ltr'><strong>lapsum</strong></span> <span class='ocrx_word' id='word_1_89' title='bbox 575 1961 778 2062; x_wconf 81' lang='lat' dir='ltr'><strong>simpliciter</strong></span> <span class='ocrx_word' id='word_1_90' title='bbox 803 1958 971 2063; x_wconf 33' lang='lat' dir='ltr'><strong>denotat..</strong></span> <span class='ocrx_word' id='word_1_91' title='bbox 1006 1948 1181 2026; x_wconf 88' lang='lat' dir='ltr'><strong>Posterius</strong></span> <span class='ocrx_word' id='word_1_92' title='bbox 1207 1951 1321 2026; x_wconf 88' lang='lat' dir='ltr'><strong>adhuc</strong></span> <span class='ocrx_word' id='word_1_93' title='bbox 1344 1944 1496 2026; x_wconf 85' lang='lat' dir='ltr'><strong>minoris</strong></span> <span class='ocrx_word' id='word_1_94' title='bbox 1520 1940 1569 2016; x_wconf 89' lang='lat' dir='ltr'><strong>est</strong></span> <span class='ocrx_word' id='word_1_95' title='bbox 1582 1937 1630 2017; x_wconf 68' lang='lat' dir='ltr'><strong>lat</strong></span> 
     </span>
     <span class='ocr_line' id='line_1_13' title="bbox 414 2038 1631 2160; baseline -0.033 -13"><span class='ocrx_word' id='word_1_96' title='bbox 414 2067 602 2155; x_wconf 89' lang='lat' dir='ltr'><strong>ciendum,</strong></span> <span class='ocrx_word' id='word_1_97' title='bbox 634 2061 716 2160; x_wconf 88' lang='lat' dir='ltr'><strong>quia</strong></span> <span class='ocrx_word' id='word_1_98' title='bbox 743 2079 815 2129; x_wconf 89' lang='lat' dir='ltr'><strong>non</strong></span> <span class='ocrx_word' id='word_1_99' title='bbox 832 2055 1079 2137; x_wconf 62' lang='lat' dir='ltr'><strong>Domitianam</strong></span> <span class='ocrx_word' id='word_1_100' title='bbox 1111 2047 1171 2122; x_wconf 88' lang='lat' dir='ltr'><strong>sed</strong></span> <span class='ocrx_word' id='word_1_101' title='bbox 1194 2046 1449 2135; x_wconf 81' lang='lat' dir='ltr'><strong>Neronianae,</strong></span> <span class='ocrx_word' id='word_1_102' title='bbox 1475 2038 1631 2139; x_wconf 68' lang='lat' dir='ltr'><strong>persecu.⁴</strong></span> 
     </span>
     <span class='ocr_line' id='line_1_14' title="bbox 416 2133 1628 2244; baseline -0.035 1"><span class='ocrx_word' id='word_1_103' title='bbox 416 2167 513 2244; x_wconf 76' lang='lat' dir='ltr'><strong>aioni</strong></span> <span class='ocrx_word' id='word_1_104' title='bbox 550 2158 680 2236; x_wconf 68' lang='lat' dir='ltr'><strong>festius</strong></span> <span class='ocrx_word' id='word_1_105' title='bbox 711 2147 884 2230; x_wconf 87' lang='lat' dir='ltr'><strong>convenit</strong></span> <span class='ocrx_word' id='word_1_106' title='bbox 917 2143 983 2223; x_wconf 87' lang='lat' dir='ltr'><strong>iste</strong></span> <span class='ocrx_word' id='word_1_107' title='bbox 1014 2145 1131 2236; x_wconf 83' lang='lat' dir='ltr'><strong>locus,</strong></span> <span class='ocrx_word' id='word_1_108' title='bbox 1174 2142 1229 2218; x_wconf 88' lang='lat' dir='ltr'><strong>uti</strong></span> <span class='ocrx_word' id='word_1_109' title='bbox 1257 2141 1444 2226; x_wconf 64' lang='lat' dir='ltr'><strong>bodvers</strong></span> <span class='ocrx_word' id='word_1_110' title='bbox 1459 2154 1499 2212; x_wconf 92' lang='lat' dir='ltr'><strong>et</strong></span> <span class='ocrx_word' id='word_1_111' title='bbox 1523 2133 1628 2210; x_wconf 86' lang='lat' dir='ltr'><strong>Grabe</strong></span> 
     </span>
     <span class='ocr_line' id='line_1_15' title="bbox 416 2233 1629 2346; baseline -0.035 -5"><span class='ocrx_word' id='word_1_112' title='bbox 416 2259 657 2346; x_wconf 86' lang='lat' dir='ltr'><strong>observarunt.</strong></span> <span class='ocrx_word' id='word_1_113' title='bbox 705 2253 762 2330; x_wconf 74' lang='lat' dir='ltr'><strong>En</strong></span> <span class='ocrx_word' id='word_1_114' title='bbox 788 2269 867 2320; x_wconf 86' lang='lat' dir='ltr'><strong>mea</strong></span> <span class='ocrx_word' id='word_1_115' title='bbox 890 2241 1084 2331; x_wconf 82' lang='lat' dir='ltr'><strong>sententia,</strong></span> <span class='ocrx_word' id='word_1_116' title='bbox 1121 2264 1211 2338; x_wconf 85' lang='lat' dir='ltr'><strong>quae</strong></span> <span class='ocrx_word' id='word_1_117' title='bbox 1239 2237 1435 2322; x_wconf 79' lang='lat' dir='ltr'><strong>interduo</strong></span> <span class='ocrx_word' id='word_1_118' title='bbox 1464 2233 1552 2306; x_wconf 88' lang='lat' dir='ltr'><strong>haec</strong></span> <span class='ocrx_word' id='word_1_119' title='bbox 1573 2249 1629 2302; x_wconf 83' lang='lat' dir='ltr'><strong>ea·</strong></span> 
     </span>
     <span class='ocr_line' id='line_1_16' title="bbox 418 2331 1625 2439; baseline -0.035 -6"><span class='ocrx_word' id='word_1_120' title='bbox 418 2381 534 2439; x_wconf 82' lang='lat' dir='ltr'><strong>trema</strong></span> <span class='ocrx_word' id='word_1_121' title='bbox 557 2349 692 2430; x_wconf 81' lang='lat' dir='ltr'><strong>incedit</strong></span> <span class='ocrx_word' id='word_1_122' title='bbox 705 2420 711 2428; x_wconf 87' lang='grc'>,</span> <span class='ocrx_word' id='word_1_123' title='bbox 726 2344 842 2424; x_wconf 81' lang='lat' dir='ltr'><strong>media</strong></span> <span class='ocrx_word' id='word_1_124' title='bbox 853 2357 873 2430; x_wconf 78' lang='lat' dir='ltr'><strong>,j</strong></span> <span class='ocrx_word' id='word_1_125' title='bbox 894 2336 1068 2434; x_wconf 79' lang='lat' dir='ltr'><strong>Epistola</strong></span> <span class='ocrx_word' id='word_1_126' title='bbox 1085 2335 1216 2433; x_wconf 84' lang='lat' dir='ltr'><strong>scripta</strong></span> <span class='ocrx_word' id='word_1_127' title='bbox 1246 2335 1317 2410; x_wconf 85' lang='lat' dir='ltr'><strong>fuit</strong></span> <span class='ocrx_word' id='word_1_128' title='bbox 1340 2335 1400 2420; x_wconf 78' lang='lat' dir='ltr'><strong>vel</strong></span> <span class='ocrx_word' id='word_1_129' title='bbox 1426 2331 1530 2428; x_wconf 87' lang='lat' dir='ltr'><strong>paulo</strong></span> <span class='ocrx_word' id='word_1_130' title='bbox 1550 2340 1625 2402; x_wconf 84' lang='lat' dir='ltr'><strong>ante</strong></span> 
     </span>
    </p>
   </div>
   <div class='ocr_carea' id='block_1_4' title="bbox 266 2422 1628 2534">
    <p class='ocr_par' dir='ltr' id='par_1_4' title="bbox 266 2422 1628 2534">
     <span class='ocr_line' id='line_1_17' title="bbox 266 2422 1628 2534; baseline -0.032 2"><span class='ocrx_word' id='word_1_131' title='bbox 266 2505 269 2510; x_wconf 91' lang='lat'>·</span> <span class='ocrx_word' id='word_1_132' title='bbox 418 2448 631 2532; x_wconf 74' lang='lat' dir='ltr'><strong>destruam</strong></span> <span class='ocrx_word' id='word_1_133' title='bbox 654 2440 797 2522; x_wconf 85' lang='lat' dir='ltr'><strong>Hieros.</strong></span> <span class='ocrx_word' id='word_1_134' title='bbox 829 2459 894 2534; x_wconf 91' lang='lat' dir='ltr'><strong>per</strong></span> <span class='ocrx_word' id='word_1_135' title='bbox 919 2435 1065 2525; x_wconf 80' lang='lat' dir='ltr'><strong>Titum,</strong></span> <span class='ocrx_word' id='word_1_136' title='bbox 1099 2441 1191 2508; x_wconf 80' lang='lat' dir='ltr'><strong>cum&#39;</strong></span> <span class='ocrx_word' id='word_1_137' title='bbox 1206 2429 1441 2529; x_wconf 78' lang='lat' dir='ltr'><strong>Vespastanus</strong></span> <span class='ocrx_word' id='word_1_138' title='bbox 1466 2426 1538 2523; x_wconf 87' lang='lat' dir='ltr'><strong>jam</strong></span> <span class='ocrx_word' id='word_1_139' title='bbox 1563 2422 1628 2496; x_wconf 87' lang='lat' dir='ltr'><strong>lu·-</strong></span> 
     </span>
    </p>
   </div>
   <div class='ocr_carea' id='block_1_5' title="bbox 418 2516 1625 2650">
    <p class='ocr_par' dir='ltr' id='par_1_5' title="bbox 418 2516 1625 2650">
     <span class='ocr_line' id='line_1_18' title="bbox 418 2516 1625 2650; baseline -0.031 -26"><span class='ocrx_word' id='word_1_140' title='bbox 418 2566 620 2650; x_wconf 85' lang='lat' dir='ltr'><strong>peratorem</strong></span> <span class='ocrx_word' id='word_1_141' title='bbox 654 2541 801 2636; x_wconf 85' lang='lat' dir='ltr'><strong>agebat,</strong></span> <span class='ocrx_word' id='word_1_142' title='bbox 843 2532 889 2620; x_wconf 90' lang='lat' dir='ltr'><strong>li,</strong></span> <span class='ocrx_word' id='word_1_143' title='bbox 929 2530 1043 2604; x_wconf 80' lang='lat' dir='ltr'><strong>cultus</strong></span> <span class='ocrx_word' id='word_1_144' title='bbox 1071 2527 1205 2605; x_wconf 79' lang='lat' dir='ltr'><strong>ritualia</strong></span> <span class='ocrx_word' id='word_1_145' title='bbox 1234 2525 1392 2604; x_wconf 88' lang='lat' dir='ltr'><strong>Mosaici</strong></span> <span class='ocrx_word' id='word_1_146' title='bbox 1426 2516 1625 2622; x_wconf 76' lang='lat' dir='ltr'><strong>exercitium</strong></span> 
     </span>
    </p>
   </div>
   <div class='ocr_carea' id='block_1_6' title="bbox 272 2616 1626 2728">
    <p class='ocr_par' dir='ltr' id='par_1_6' title="bbox 272 2616 1626 2728">
     <span class='ocr_line' id='line_1_19' title="bbox 272 2616 1626 2728; baseline -0.03 -3"><span class='ocrx_word' id='word_1_147' title='bbox 272 2623 278 2639; x_wconf 50' lang='grc'>’</span> <span class='ocrx_word' id='word_1_148' title='bbox 418 2643 575 2728; x_wconf 86' lang='lat' dir='ltr'><strong>nondum</strong></span> <span class='ocrx_word' id='word_1_149' title='bbox 598 2635 757 2722; x_wconf 77' lang='lat' dir='ltr'><strong>cellaffe,</strong></span> <span class='ocrx_word' id='word_1_150' title='bbox 782 2633 821 2704; x_wconf 89' lang='lat' dir='ltr'><strong>in</strong></span> <span class='ocrx_word' id='word_1_151' title='bbox 844 2628 912 2700; x_wconf 91' lang='lat' dir='ltr'><strong>hac</strong></span> <span class='ocrx_word' id='word_1_152' title='bbox 931 2624 1032 2721; x_wconf 88' lang='lat' dir='ltr'><strong>epist.</strong></span> <span class='ocrx_word' id='word_1_153' title='bbox 1057 2623 1254 2715; x_wconf 92' lang='lat' dir='ltr'><strong>indicetur,</strong></span> <span class='ocrx_word' id='word_1_154' title='bbox 1279 2623 1325 2698; x_wconf 94' lang='lat' dir='ltr'><strong>de</strong></span> <span class='ocrx_word' id='word_1_155' title='bbox 1350 2646 1423 2719; x_wconf 90' lang='lat' dir='ltr'><strong>quo</strong></span> <span class='ocrx_word' id='word_1_156' title='bbox 1438 2616 1544 2694; x_wconf 87' lang='lat' dir='ltr'><strong>modo</strong></span> <span class='ocrx_word' id='word_1_157' title='bbox 1557 2629 1626 2706; x_wconf 79' lang='lat' dir='ltr'><strong>egr,</strong></span> 
     </span>
    </p>
   </div>
   <div class='ocr_carea' id='block_1_7' title="bbox 340 2707 1626 3589">
    <p class='ocr_par' dir='ltr' id='par_1_7' title="bbox 340 2707 1626 3589">
     <span class='ocr_line' id='line_1_20' title="bbox 420 2707 1625 2831; baseline -0.028 -13"><span class='ocrx_word' id='word_1_158' title='bbox 420 2734 653 2831; x_wconf 79' lang='lat' dir='ltr'><strong>vel,s1illud</strong></span> <span class='ocrx_word' id='word_1_159' title='bbox 680 2754 803 2807; x_wconf 85' lang='lat' dir='ltr'><strong>verum</strong></span> <span class='ocrx_word' id='word_1_160' title='bbox 828 2721 991 2812; x_wconf 87' lang='lat' dir='ltr'><strong>nonsit,</strong></span> <span class='ocrx_word' id='word_1_161' title='bbox 1015 2721 1124 2819; x_wconf 85' lang='lat' dir='ltr'><strong>paulo</strong></span> <span class='ocrx_word' id='word_1_162' title='bbox 1147 2721 1266 2797; x_wconf 88' lang='lat' dir='ltr'><strong>serius.</strong></span> <span class='ocrx_word' id='word_1_163' title='bbox 1318 2721 1477 2816; x_wconf 85' lang='lat' dir='ltr'><strong>Utique,</strong></span> <span class='ocrx_word' id='word_1_164' title='bbox 1505 2736 1536 2789; x_wconf 85' lang='grc' dir='ltr'><strong>ι.</strong></span> <span class='ocrx_word' id='word_1_165' title='bbox 1557 2707 1625 2785; x_wconf 83' lang='lat' dir='ltr'><strong>Ne·</strong></span> 
     </span>
     <span class='ocr_line' id='line_1_21' title="bbox 369 2813 1626 2931; baseline -0.03 -10"><span class='ocrx_word' id='word_1_166' title='bbox 369 2923 375 2931; x_wconf 76' lang='grc'>,</span> <span class='ocrx_word' id='word_1_167' title='bbox 419 2824 916 2929; x_wconf 82' lang='lat' dir='ltr'><strong>ronianamperseeutionem</strong></span> <span class='ocrx_word' id='word_1_168' title='bbox 941 2818 1015 2916; x_wconf 81' lang='lat' dir='ltr'><strong>jam</strong></span> <span class='ocrx_word' id='word_1_169' title='bbox 1038 2818 1236 2915; x_wconf 83' lang='lat' dir='ltr'><strong>aliquandiu</strong></span> <span class='ocrx_word' id='word_1_170' title='bbox 1267 2815 1372 2891; x_wconf 76' lang='lat' dir='ltr'><strong>fuisse</strong></span> <span class='ocrx_word' id='word_1_171' title='bbox 1399 2813 1553 2896; x_wconf 83' lang='lat' dir='ltr'><strong>finitam,</strong></span> <span class='ocrx_word' id='word_1_172' title='bbox 1587 2818 1626 2875; x_wconf 65' lang='lat' dir='ltr'><strong>ex</strong></span> 
     </span>
     <span class='ocr_line' id='line_1_22' title="bbox 446 2912 1624 3026; baseline -0.027 -14"><span class='ocrx_word' id='word_1_173' title='bbox 446 2998 454 3017; x_wconf 92' lang='lat'><strong>.</strong></span> <span class='ocrx_word' id='word_1_174' title='bbox 481 2958 503 3026; x_wconf 79' lang='lat'><em>5</em></span> <span class='ocrx_word' id='word_1_175' title='bbox 529 2953 566 3008; x_wconf 86' lang='lat' dir='ltr'><strong>et</strong></span> <span class='ocrx_word' id='word_1_176' title='bbox 598 2936 632 3008; x_wconf 86' lang='lat'><strong>6.</strong></span> <span class='ocrx_word' id='word_1_177' title='bbox 666 2920 887 3007; x_wconf 82' lang='lat' dir='ltr'><strong>manifestum</strong></span> <span class='ocrx_word' id='word_1_178' title='bbox 917 2915 989 2991; x_wconf 86' lang='lat' dir='ltr'><strong>est:</strong></span> <span class='ocrx_word' id='word_1_179' title='bbox 1022 2914 1097 3000; x_wconf 89' lang='lat' dir='ltr'><strong>imo</strong></span> <span class='ocrx_word' id='word_1_180' title='bbox 1134 2938 1167 2992; x_wconf 83' lang='lat'><strong>2.</strong></span> <span class='ocrx_word' id='word_1_181' title='bbox 1192 2915 1360 2989; x_wconf 83' lang='lat' dir='ltr'><strong>tmnultus</strong></span> <span class='ocrx_word' id='word_1_182' title='bbox 1381 2913 1542 2995; x_wconf 88' lang='lat' dir='ltr'><strong>Romae,</strong></span> <span class='ocrx_word' id='word_1_183' title='bbox 1570 2912 1624 3008; x_wconf 79' lang='lat' dir='ltr'><strong>per</strong></span> 
     </span>
     <span class='ocr_line' id='line_1_23' title="bbox 340 3011 1625 3117; baseline -0.028 -4"><span class='ocrx_word' id='word_1_184' title='bbox 340 3052 360 3071; x_wconf 63' lang='lat'><em>⁶</em></span> <span class='ocrx_word' id='word_1_185' title='bbox 421 3032 629 3111; x_wconf 83' lang='lat' dir='ltr'><strong>continuam</strong></span> <span class='ocrx_word' id='word_1_186' title='bbox 647 3016 915 3117; x_wconf 83' lang='lat' dir='ltr'><strong>inperatortsm,</strong></span> <span class='ocrx_word' id='word_1_187' title='bbox 949 3011 1028 3109; x_wconf 93' lang='lat' dir='ltr'><strong>post</strong></span> <span class='ocrx_word' id='word_1_188' title='bbox 1042 3013 1250 3102; x_wconf 83' lang='lat' dir='ltr'><strong>Neronem,</strong></span> <span class='ocrx_word' id='word_1_189' title='bbox 1282 3015 1625 3097; x_wconf 76' lang='lat' dir='ltr'><strong>mortem,.ment10»</strong></span> 
     </span>
     <span class='ocr_line' id='line_1_24' title="bbox 418 3100 1623 3298; baseline -0.023 -94"><span class='ocrx_word' id='word_1_190' title='bbox 418 3154 469 3203; x_wconf 80' lang='lat' dir='ltr'><strong>ex</strong></span> <span class='ocrx_word' id='word_1_191' title='bbox 493 3148 570 3199; x_wconf 84' lang='lat' dir='ltr'><strong>mea</strong></span> <span class='ocrx_word' id='word_1_192' title='bbox 594 3119 788 3213; x_wconf 85' lang='lat' dir='ltr'><strong>opinione,</strong></span> <span class='ocrx_word' id='word_1_193' title='bbox 814 3114 856 3187; x_wconf 89' lang='lat' dir='ltr'><strong>fit</strong></span> <span class='ocrx_word' id='word_1_194' title='bbox 865 3109 912 3298; x_wconf 48' lang='lat' dir='ltr'><em>J</em></span> <span class='ocrx_word' id='word_1_195' title='bbox 940 3132 972 3181; x_wconf 85' lang='lat'><strong>1.</strong></span> <span class='ocrx_word' id='word_1_196' title='bbox 1001 3107 1061 3206; x_wconf 73' lang='lat' dir='ltr'><strong>ubi</strong></span> <span class='ocrx_word' id='word_1_197' title='bbox 1086 3107 1249 3181; x_wconf 85' lang='lat' dir='ltr'><strong>Clemens</strong></span> <span class='ocrx_word' id='word_1_198' title='bbox 1271 3106 1448 3193; x_wconf 82' lang='lat' dir='ltr'><strong>declarat,</strong></span> <span class='ocrx_word' id='word_1_199' title='bbox 1471 3100 1524 3185; x_wconf 89' lang='lat' dir='ltr'><strong>se,</strong></span> <span class='ocrx_word' id='word_1_200' title='bbox 1540 3108 1623 3189; x_wconf 68' lang='lat' dir='ltr'><strong>ptos·</strong></span> 
     </span>
     <span class='ocr_line' id='line_1_25' title="bbox 422 3196 1625 3299; baseline -0.036 -1"><span class='ocrx_word' id='word_1_201' title='bbox 422 3242 476 3299; x_wconf 81' lang='lat' dir='ltr'><strong>ter</strong></span> <span class='ocrx_word' id='word_1_202' title='bbox 500 3220 730 3297; x_wconf 82' lang='lat' dir='ltr'><strong>calamitates,</strong></span> <span class='ocrx_word' id='word_1_203' title='bbox 772 3224 805 3279; x_wconf 86' lang='lat' dir='ltr'><strong>rt</strong></span> <span class='ocrx_word' id='word_1_204' title='bbox 833 3226 873 3278; x_wconf 81' lang='lat' dir='ltr'><strong>ca</strong></span> <span class='ocrx_word' id='word_1_205' title='bbox 891 3228 930 3277; x_wconf 84' lang='lat' dir='ltr'><strong>us</strong></span> <span class='ocrx_word' id='word_1_206' title='bbox 962 3198 1132 3296; x_wconf 74' lang='lat' dir='ltr'><strong>adversus,</strong></span> <span class='ocrx_word' id='word_1_207' title='bbox 1170 3206 1225 3295; x_wconf 77' lang='lat' dir='ltr'><strong>qui</strong></span> <span class='ocrx_word' id='word_1_208' title='bbox 1246 3202 1409 3275; x_wconf 82' lang='lat' dir='ltr'><strong>Romanis</strong></span> <span class='ocrx_word' id='word_1_209' title='bbox 1435 3196 1625 3273; x_wconf 71' lang='lat' dir='ltr'><strong>acciderunt,</strong></span> 
     </span>
     <span class='ocr_line' id='line_1_26' title="bbox 423 3283 1621 3403; baseline -0.036 -10"><span class='ocrx_word' id='word_1_210' title='bbox 423 3318 550 3395; x_wconf 83' lang='lat' dir='ltr'><strong>tardius</strong></span> <span class='ocrx_word' id='word_1_211' title='bbox 557 3303 741 3403; x_wconf 74' lang='lat' dir='ltr'><strong>strlpfiffi:</strong></span> <span class='ocrx_word' id='word_1_212' title='bbox 759 3299 883 3397; x_wconf 90' lang='lat' dir='ltr'><strong>quibus</strong></span> <span class='ocrx_word' id='word_1_213' title='bbox 898 3296 1017 3370; x_wconf 84' lang='lat' dir='ltr'><strong>verbis</strong></span> <span class='ocrx_word' id='word_1_214' title='bbox 1035 3297 1176 3385; x_wconf 86' lang='lat' dir='ltr'><strong>turbae,</strong></span> <span class='ocrx_word' id='word_1_215' title='bbox 1194 3316 1234 3372; x_wconf 91' lang='lat' dir='ltr'><strong>et</strong></span> <span class='ocrx_word' id='word_1_216' title='bbox 1249 3298 1485 3383; x_wconf 82' lang='lat' dir='ltr'><strong>calamitates,</strong></span> <span class='ocrx_word' id='word_1_217' title='bbox 1509 3283 1621 3361; x_wconf 88' lang='lat' dir='ltr'><strong>civita·</strong></span> 
     </span>
     <span class='ocr_line' id='line_1_27' title="bbox 426 3378 1626 3498; baseline -0.023 -14"><span class='ocrx_word' id='word_1_218' title='bbox 426 3414 493 3498; x_wconf 80' lang='lat' dir='ltr'><strong>tis,</strong></span> <span class='ocrx_word' id='word_1_219' title='bbox 511 3405 642 3481; x_wconf 68' lang='lat' dir='ltr'><strong>aestiuo</strong></span> <span class='ocrx_word' id='word_1_220' title='bbox 658 3396 902 3482; x_wconf 85' lang='lat' dir='ltr'><strong>conveniunt,</strong></span> <span class='ocrx_word' id='word_1_221' title='bbox 926 3415 1029 3488; x_wconf 87' lang='lat' dir='ltr'><strong>quam</strong></span> <span class='ocrx_word' id='word_1_222' title='bbox 1045 3390 1220 3467; x_wconf 84' lang='lat' dir='ltr'><strong>Ecclesiae</strong></span> <span class='ocrx_word' id='word_1_223' title='bbox 1237 3393 1470 3479; x_wconf 81' lang='lat' dir='ltr'><strong>vexationes,</strong></span> <span class='ocrx_word' id='word_1_224' title='bbox 1495 3378 1626 3459; x_wconf 83' lang='lat' dir='ltr'><strong>e&#39;ttsm0·</strong></span> 
     </span>
     <span class='ocr_line' id='line_1_28' title="bbox 423 3408 1623 3589; baseline -0.028 -11"><span class='ocrx_word' id='word_1_225' title='bbox 423 3508 462 3589; x_wconf 87' lang='lat' dir='ltr'><strong>di</strong></span> <span class='ocrx_word' id='word_1_226' title='bbox 478 3500 598 3576; x_wconf 87' lang='lat' dir='ltr'><strong>verbis</strong></span> <span class='ocrx_word' id='word_1_227' title='bbox 629 3492 779 3568; x_wconf 86' lang='lat' dir='ltr'><strong>describi</strong></span> <span class='ocrx_word' id='word_1_228' title='bbox 803 3510 875 3563; x_wconf 88' lang='lat' dir='ltr'><strong>non</strong></span> <span class='ocrx_word' id='word_1_229' title='bbox 908 3488 1055 3567; x_wconf 66' lang='lat' dir='ltr'><strong>solimet</strong></span> <span class='ocrx_word' id='word_1_230' title='bbox 1097 3489 1251 3565; x_wconf 79' lang='lat' dir='ltr'><strong>maxime</strong></span> <span class='ocrx_word' id='word_1_231' title='bbox 1283 3488 1400 3563; x_wconf 87' lang='lat' dir='ltr'><strong>fialia</strong></span> <span class='ocrx_word' id='word_1_232' title='bbox 1427 3408 1623 3584; x_wconf 83' lang='lat' dir='ltr'><strong>praeieratur</strong></span> 
     </span>
    </p>
   </div>
   <div class='ocr_carea' id='block_1_8' title="bbox 297 3579 1623 3688">
    <p class='ocr_par' dir='ltr' id='par_1_8' title="bbox 297 3579 1623 3688">
     <span class='ocr_line' id='line_1_29' title="bbox 297 3579 1623 3688; baseline -0.018 -9"><span class='ocrx_word' id='word_1_233' title='bbox 297 3670 300 3679; x_wconf 71' lang='lat'><strong>.</strong></span> <span class='ocrx_word' id='word_1_234' title='bbox 427 3598 558 3688; x_wconf 61' lang='lat' dir='ltr'><strong>sedin,</strong></span> <span class='ocrx_word' id='word_1_235' title='bbox 576 3592 674 3667; x_wconf 87' lang='lat' dir='ltr'><strong>forte</strong></span> <span class='ocrx_word' id='word_1_236' title='bbox 691 3587 836 3672; x_wconf 89' lang='lat' dir='ltr'><strong>melior,</strong></span> <span class='ocrx_word' id='word_1_237' title='bbox 862 3606 965 3679; x_wconf 90' lang='lat' dir='ltr'><strong>quarn</strong></span> <span class='ocrx_word' id='word_1_238' title='bbox 983 3582 1133 3655; x_wconf 84' lang='lat' dir='ltr'><strong>Pearson</strong></span> <span class='ocrx_word' id='word_1_239' title='bbox 1148 3586 1261 3661; x_wconf 90' lang='lat' dir='ltr'><strong>Vind.</strong></span> <span class='ocrx_word' id='word_1_240' title='bbox 1284 3588 1398 3681; x_wconf 82' lang='lat' dir='ltr'><strong>ignat.</strong></span> <span class='ocrx_word' id='word_1_241' title='bbox 1424 3609 1460 3679; x_wconf 88' lang='lat' dir='ltr'><strong>p.</strong></span> <span class='ocrx_word' id='word_1_242' title='bbox 1484 3579 1529 3651; x_wconf 90' lang='lat'><strong>11.</strong></span> <span class='ocrx_word' id='word_1_243' title='bbox 1551 3593 1579 3644; x_wconf 79' lang='lat' dir='ltr'><strong>c·</strong></span> <span class='ocrx_word' id='word_1_244' title='bbox 1595 3584 1623 3655; x_wconf 81' lang='grc'><strong>3·</strong></span> 
     </span>
    </p>
   </div>
   <div class='ocr_carea' id='block_1_9' title="bbox 405 3666 1628 4305">
    <p class='ocr_par' dir='ltr' id='par_1_9' title="bbox 424 3666 1624 3781">
     <span class='ocr_line' id='line_1_30' title="bbox 424 3666 1624 3781; baseline -0.018 -13"><span class='ocrx_word' id='word_1_245' title='bbox 424 3695 591 3777; x_wconf 81' lang='lat' dir='ltr'><strong>exhibet,</strong></span> <span class='ocrx_word' id='word_1_246' title='bbox 616 3693 648 3765; x_wconf 78' lang='lat' dir='ltr'><strong>n·</strong></span> <span class='ocrx_word' id='word_1_247' title='bbox 672 3688 823 3781; x_wconf 60' lang='lat' dir='ltr'><strong>hortatu</strong></span> <span class='ocrx_word' id='word_1_248' title='bbox 844 3692 897 3757; x_wconf 66' lang='lat' dir='ltr'><strong>eal</strong></span> <span class='ocrx_word' id='word_1_249' title='bbox 920 3679 1099 3765; x_wconf 61' lang='lat' dir='ltr'><strong>sanaim</strong></span> <span class='ocrx_word' id='word_1_250' title='bbox 1119 3689 1281 3777; x_wconf 64' lang='grc' dir='ltr'><strong>γινομένη</strong></span> <span class='ocrx_word' id='word_1_251' title='bbox 1300 3666 1366 3780; x_wconf 60' lang='lat' dir='ltr'><strong>ipim</strong></span> <span class='ocrx_word' id='word_1_252' title='bbox 1389 3699 1545 3780; x_wconf 63' lang='lat' dir='ltr'><strong>«apparat</strong></span> <span class='ocrx_word' id='word_1_253' title='bbox 1564 3680 1624 3735; x_wconf 66' lang='lat' dir='ltr'><strong>etc·</strong></span> 
     </span>
    </p>

    <p class='ocr_par' dir='ltr' id='par_1_10' title="bbox 405 3776 1628 4305">
     <span class='ocr_line' id='line_1_31' title="bbox 450 3776 1624 3881; baseline -0.02 -14"><span class='ocrx_word' id='word_1_254' title='bbox 450 3806 556 3881; x_wconf 73' lang='lat' dir='ltr'><strong>raptet</strong></span> <span class='ocrx_word' id='word_1_255' title='bbox 579 3786 785 3877; x_wconf 72' lang='lat' dir='ltr'><strong>repentinas,</strong></span> <span class='ocrx_word' id='word_1_256' title='bbox 827 3798 859 3853; x_wconf 85' lang='lat' dir='ltr'><strong>et</strong></span> <span class='ocrx_word' id='word_1_257' title='bbox 885 3785 1072 3865; x_wconf 81' lang='lat' dir='ltr'><strong>continuas,</strong></span> <span class='ocrx_word' id='word_1_258' title='bbox 1113 3781 1172 3853; x_wconf 90' lang='lat' dir='ltr'><strong>seu</strong></span> <span class='ocrx_word' id='word_1_259' title='bbox 1196 3779 1413 3855; x_wconf 85' lang='lat' dir='ltr'><strong>seinvicem</strong></span> <span class='ocrx_word' id='word_1_260' title='bbox 1440 3776 1624 3871; x_wconf 50' lang='lat' dir='ltr'><strong>sequente&amp;</strong></span> 
     </span>
     <span class='ocr_line' id='line_1_32' title="bbox 426 3861 1625 3986; baseline -0.023 -29"><span class='ocrx_word' id='word_1_261' title='bbox 426 3886 633 3986; x_wconf 66' lang='lat' dir='ltr'><strong>calunniatus</strong></span> <span class='ocrx_word' id='word_1_262' title='bbox 672 3890 743 3983; x_wconf 75' lang='lat' dir='ltr'><strong>etc.</strong></span> <span class='ocrx_word' id='word_1_263' title='bbox 807 3877 911 3948; x_wconf 86' lang='lat' dir='ltr'><strong>Mors</strong></span> <span class='ocrx_word' id='word_1_264' title='bbox 957 3873 1054 3948; x_wconf 88' lang='lat' dir='ltr'><strong>enim</strong></span> <span class='ocrx_word' id='word_1_265' title='bbox 1097 3874 1255 3947; x_wconf 80' lang='lat' dir='ltr'><strong>Neronis</strong></span> <span class='ocrx_word' id='word_1_266' title='bbox 1289 3879 1403 3951; x_wconf 77' lang='lat' dir='ltr'><strong>varias</strong></span> <span class='ocrx_word' id='word_1_267' title='bbox 1448 3861 1625 3948; x_wconf 72' lang='lat' dir='ltr'><strong>concitant</strong></span> 
     </span>
     <span class='ocr_line' id='line_1_33' title="bbox 405 3953 1623 4077; baseline -0.025 -12"><span class='ocrx_word' id='word_1_268' title='bbox 405 3984 733 4066; x_wconf 67' lang='lat' dir='ltr'><strong>xturbas‚,1npeno</strong></span> <span class='ocrx_word' id='word_1_269' title='bbox 757 3968 799 4077; x_wconf 81' lang='lat' dir='ltr'><strong>ad</strong></span> <span class='ocrx_word' id='word_1_270' title='bbox 824 3972 992 4058; x_wconf 87' lang='lat' dir='ltr'><strong>Galbam,</strong></span> <span class='ocrx_word' id='word_1_271' title='bbox 1016 3992 1100 4041; x_wconf 84' lang='lat' dir='ltr'><strong>mox</strong></span> <span class='ocrx_word' id='word_1_272' title='bbox 1124 3969 1329 4063; x_wconf 86' lang='lat' dir='ltr'><strong>Othonem,</strong></span> <span class='ocrx_word' id='word_1_273' title='bbox 1354 3971 1439 4047; x_wconf 89' lang='lat' dir='ltr'><strong>dein</strong></span> <span class='ocrx_word' id='word_1_274' title='bbox 1455 3953 1623 4039; x_wconf 67' lang='lat' dir='ltr'><strong>vitellium</strong></span> 
     </span>
     <span class='ocr_line' id='line_1_34' title="bbox 426 4060 1624 4179; baseline -0.025 -21"><span class='ocrx_word' id='word_1_275' title='bbox 426 4072 590 4171; x_wconf 88' lang='lat' dir='ltr'><strong>delapso,</strong></span> <span class='ocrx_word' id='word_1_276' title='bbox 612 4066 731 4179; x_wconf 63' lang='lat' dir='ltr'><strong>donee</strong></span> <span class='ocrx_word' id='word_1_277' title='bbox 756 4086 794 4137; x_wconf 91' lang='grc' dir='ltr'><strong>ιιι</strong></span> <span class='ocrx_word' id='word_1_278' title='bbox 819 4064 1032 4159; x_wconf 76' lang='lat' dir='ltr'><strong>Vespasiano</strong></span> <span class='ocrx_word' id='word_1_279' title='bbox 1052 4062 1171 4137; x_wconf 89' lang='lat' dir='ltr'><strong>sedem</strong></span> <span class='ocrx_word' id='word_1_280' title='bbox 1196 4066 1303 4141; x_wconf 83' lang='lat' dir='ltr'><strong>fixam</strong></span> <span class='ocrx_word' id='word_1_281' title='bbox 1327 4060 1526 4166; x_wconf 87' lang='lat' dir='ltr'><strong>acceperit:</strong></span> <span class='ocrx_word' id='word_1_282' title='bbox 1549 4060 1624 4145; x_wconf 63' lang='lat' dir='ltr'><strong>quie</strong></span> 
     </span>
     <span class='ocr_line' id='line_1_35' title="bbox 422 4157 1628 4305; baseline -0.029 -52"><span class='ocrx_word' id='word_1_283' title='bbox 422 4168 570 4258; x_wconf 78' lang='lat' dir='ltr'><strong>adversa</strong></span> <span class='ocrx_word' id='word_1_284' title='bbox 586 4165 826 4239; x_wconf 76' lang='lat' dir='ltr'><strong>neronianam</strong></span> <span class='ocrx_word' id='word_1_285' title='bbox 844 4159 1146 4257; x_wconf 83' lang='lat' dir='ltr'><strong>persecutionem,</strong></span> <span class='ocrx_word' id='word_1_286' title='bbox 1161 4164 1520 4249; x_wconf 73' lang='lat' dir='ltr'><strong>modomemoratarp,</strong></span> <span class='ocrx_word' id='word_1_287' title='bbox 1537 4157 1628 4305; x_wconf 50' lang='lat' dir='ltr'><strong>ercet:</strong></span> 
     </span>
    </p>
   </div>
   <div class='ocr_carea' id='block_1_10' title="bbox 0 0 1834 5500">
    <p class='ocr_par' dir='ltr' id='par_1_11' title="bbox 0 0 1834 5500">
     <span class='ocr_line' id='line_1_36' title="bbox 0 0 1834 5500; baseline 0 0"><span class='ocrx_word' id='word_1_288' title='bbox 0 0 1834 5500; x_wconf 95' lang='lat' dir='ltr'><strong> </strong></span> 
     </span>
    </p>
   </div>
  </div>
 </body>
</html>
