<?xml version="1.0" encoding="UTF-8"?>
<!DOCTYPE html PUBLIC "-//W3C//DTD XHTML 1.0 Transitional//EN"
    "http://www.w3.org/TR/xhtml1/DTD/xhtml1-transitional.dtd">
<html xmlns="http://www.w3.org/1999/xhtml" xml:lang="en" lang="en">
 <head>
  <title>
</title>
<meta http-equiv="Content-Type" content="text/html;charset=utf-8" />
  <meta name='ocr-system' content='tesseract 3.04.00' />
  <meta name='ocr-capabilities' content='ocr_page ocr_carea ocr_par ocr_line ocrx_word'/>
</head>
<body>
  <div class='ocr_page' id='page_1' title='image "./hermannivenemai05venegoog_0753.png"; bbox 0 0 3609 5500; ppageno 0'>
   <div class='ocr_carea' id='block_1_1' title="bbox 223 418 1642 700">
    <p class='ocr_par' dir='ltr' id='par_1_1' title="bbox 223 418 1642 700">
     <span class='ocr_line' id='line_1_1' title="bbox 223 418 1642 700; baseline -0.02 1"><span class='ocrx_word' id='word_1_1' title='bbox 223 418 1642 700; x_wconf 77' lang='lat'>—</span> 
     </span>
    </p>
   </div>
   <div class='ocr_carea' id='block_1_2' title="bbox 592 939 1513 1069">
    <p class='ocr_par' dir='ltr' id='par_1_2' title="bbox 592 939 1513 1069">
     <span class='ocr_line' id='line_1_2' title="bbox 592 939 1513 1069; baseline 0.005 -50"><span class='ocrx_word' id='word_1_2' title='bbox 592 944 597 953; x_wconf 89' lang='lat'><em>·</em></span> <span class='ocrx_word' id='word_1_3' title='bbox 675 1038 679 1043; x_wconf 18' lang='lat' dir='ltr'><em>f</em></span> <span class='ocrx_word' id='word_1_4' title='bbox 803 941 912 1021; x_wconf 69' lang='lat' dir='ltr'>secur.</span> <span class='ocrx_word' id='word_1_5' title='bbox 937 939 1047 1069; x_wconf 20' lang='lat' dir='ltr'>rrt..</span> <span class='ocrx_word' id='word_1_6' title='bbox 1280 1003 1283 1010; x_wconf 87' lang='lat'>.</span> <span class='ocrx_word' id='word_1_7' title='bbox 1441 965 1513 1046; x_wconf 75' lang='lat'>757</span> 
     </span>
    </p>
   </div>
   <div class='ocr_carea' id='block_1_3' title="bbox 263 1122 1652 4586">
    <p class='ocr_par' dir='ltr' id='par_1_3' title="bbox 284 1122 1537 1417">
     <span class='ocr_line' id='line_1_3' title="bbox 285 1122 1505 1226; baseline 0.002 -25"><span class='ocrx_word' id='word_1_8' title='bbox 285 1125 418 1223; x_wconf 89' lang='lat' dir='ltr'>potuit.</span> <span class='ocrx_word' id='word_1_9' title='bbox 477 1126 639 1217; x_wconf 86' lang='lat' dir='ltr'>Verum,</span> <span class='ocrx_word' id='word_1_10' title='bbox 677 1146 745 1223; x_wconf 91' lang='lat' dir='ltr'>qua</span> <span class='ocrx_word' id='word_1_11' title='bbox 775 1124 916 1200; x_wconf 89' lang='lat' dir='ltr'>ratione</span> <span class='ocrx_word' id='word_1_12' title='bbox 946 1125 1143 1224; x_wconf 85' lang='lat' dir='ltr'>Episcopus</span> <span class='ocrx_word' id='word_1_13' title='bbox 1173 1122 1403 1224; x_wconf 79' lang='lat' dir='ltr'>Episcopum,</span> <span class='ocrx_word' id='word_1_14' title='bbox 1443 1125 1505 1226; x_wconf 76' lang='lat' dir='ltr'>qui</span> 
     </span>
     <span class='ocr_line' id='line_1_4' title="bbox 284 1220 1537 1322; baseline 0 -26"><span class='ocrx_word' id='word_1_15' title='bbox 284 1226 364 1296; x_wconf 87' lang='lat' dir='ltr'>sunt</span> <span class='ocrx_word' id='word_1_16' title='bbox 387 1225 565 1322; x_wconf 85' lang='lat' dir='ltr'>aequales,</span> <span class='ocrx_word' id='word_1_17' title='bbox 589 1224 897 1298; x_wconf 84' lang='lat' dir='ltr'>excommunicare</span> <span class='ocrx_word' id='word_1_18' title='bbox 921 1225 1033 1313; x_wconf 87' lang='lat' dir='ltr'>valet,</span> <span class='ocrx_word' id='word_1_19' title='bbox 1068 1220 1151 1308; x_wconf 88' lang='lat' dir='ltr'>illud</span> <span class='ocrx_word' id='word_1_20' title='bbox 1178 1246 1250 1296; x_wconf 91' lang='lat' dir='ltr'>non</span> <span class='ocrx_word' id='word_1_21' title='bbox 1276 1224 1411 1298; x_wconf 88' lang='lat' dir='ltr'>tantum</span> <span class='ocrx_word' id='word_1_22' title='bbox 1436 1221 1502 1296; x_wconf 83' lang='lat' dir='ltr'>rui·-</span> <span class='ocrx_word' id='word_1_23' title='bbox 1533 1239 1537 1250; x_wconf 89' lang='grc'><strong><em>’</em></strong></span> 
     </span>
     <span class='ocr_line' id='line_1_5' title="bbox 287 1317 1505 1417; baseline 0.001 -25"><span class='ocrx_word' id='word_1_24' title='bbox 287 1339 407 1394; x_wconf 90' lang='lat' dir='ltr'>natum</span> <span class='ocrx_word' id='word_1_25' title='bbox 425 1318 501 1392; x_wconf 84' lang='lat' dir='ltr'>esse</span> <span class='ocrx_word' id='word_1_26' title='bbox 524 1319 759 1414; x_wconf 72' lang='lat' dir='ltr'><strong>Stephanum,</strong></span> <span class='ocrx_word' id='word_1_27' title='bbox 794 1318 853 1392; x_wconf 90' lang='lat' dir='ltr'>sed</span> <span class='ocrx_word' id='word_1_28' title='bbox 877 1337 916 1391; x_wconf 91' lang='lat' dir='ltr'>et</span> <span class='ocrx_word' id='word_1_29' title='bbox 939 1318 1144 1417; x_wconf 83' lang='lat' dir='ltr'>perfecisse,</span> <span class='ocrx_word' id='word_1_30' title='bbox 1177 1317 1266 1396; x_wconf 84' lang='lat' dir='ltr'>mihi</span> <span class='ocrx_word' id='word_1_31' title='bbox 1290 1317 1340 1393; x_wconf 89' lang='lat' dir='ltr'>est</span> <span class='ocrx_word' id='word_1_32' title='bbox 1364 1319 1505 1396; x_wconf 88' lang='lat' dir='ltr'>indubi-</span> 
     </span>
    </p>

    <p class='ocr_par' dir='ltr' id='par_1_4' title="bbox 287 1412 1502 1506">
     <span class='ocr_line' id='line_1_6' title="bbox 287 1412 1502 1506; baseline 0.002 -20"><span class='ocrx_word' id='word_1_33' title='bbox 287 1435 358 1490; x_wconf 91' lang='lat' dir='ltr'>um.</span> <span class='ocrx_word' id='word_1_34' title='bbox 414 1439 446 1491; x_wconf 92' lang='lat'>1.</span> <span class='ocrx_word' id='word_1_35' title='bbox 471 1412 617 1489; x_wconf 80' lang='lat' dir='ltr'>Litteris</span> <span class='ocrx_word' id='word_1_36' title='bbox 641 1415 684 1489; x_wconf 88' lang='lat' dir='ltr'>ad</span> <span class='ocrx_word' id='word_1_37' title='bbox 709 1412 881 1490; x_wconf 81' lang='lat' dir='ltr'>Asiaticos</span> <span class='ocrx_word' id='word_1_38' title='bbox 903 1415 1015 1506; x_wconf 87' lang='lat' dir='ltr'>datis,</span> <span class='ocrx_word' id='word_1_39' title='bbox 1039 1414 1074 1503; x_wconf 83' lang='lat' dir='ltr'>se</span> <span class='ocrx_word' id='word_1_40' title='bbox 1096 1436 1177 1488; x_wconf 87' lang='lat' dir='ltr'>cum</span> <span class='ocrx_word' id='word_1_41' title='bbox 1201 1412 1265 1501; x_wconf 86' lang='lat' dir='ltr'>iis,</span> <span class='ocrx_word' id='word_1_42' title='bbox 1292 1414 1316 1488; x_wconf 88' lang='lat' dir='ltr'>st</span> <span class='ocrx_word' id='word_1_43' title='bbox 1340 1416 1378 1491; x_wconf 91' lang='lat' dir='ltr'>in</span> <span class='ocrx_word' id='word_1_44' title='bbox 1403 1418 1502 1490; x_wconf 82' lang='lat' dir='ltr'>erro&#39;·</span> 
     </span>
    </p>

    <p class='ocr_par' dir='ltr' id='par_1_5' title="bbox 286 1509 1564 1800">
     <span class='ocr_line' id='line_1_7' title="bbox 286 1509 1504 1607; baseline 0.003 -26"><span class='ocrx_word' id='word_1_45' title='bbox 286 1531 328 1583; x_wconf 85' lang='lat' dir='ltr'>re</span> <span class='ocrx_word' id='word_1_46' title='bbox 352 1509 609 1607; x_wconf 63' lang='lat' dir='ltr'>persisterent,</span> <span class='ocrx_word' id='word_1_47' title='bbox 632 1510 684 1583; x_wconf 91' lang='lat' dir='ltr'>uti</span> <span class='ocrx_word' id='word_1_48' title='bbox 708 1510 891 1599; x_wconf 85' lang='lat' dir='ltr'>fecerunt,</span> <span class='ocrx_word' id='word_1_49' title='bbox 932 1510 1193 1585; x_wconf 87' lang='lat' dir='ltr'>communicare</span> <span class='ocrx_word' id='word_1_50' title='bbox 1220 1510 1333 1600; x_wconf 86' lang='lat' dir='ltr'>nolle,</span> <span class='ocrx_word' id='word_1_51' title='bbox 1373 1511 1504 1586; x_wconf 85' lang='lat' dir='ltr'>diserte</span> 
     </span>
     <span class='ocr_line' id='line_1_8' title="bbox 286 1604 1564 1705; baseline -0.001 -25"><span class='ocrx_word' id='word_1_52' title='bbox 286 1606 462 1701; x_wconf 81' lang='lat' dir='ltr'>significat</span> <span class='ocrx_word' id='word_1_53' title='bbox 493 1606 583 1704; x_wconf 89' lang='lat' dir='ltr'>apud</span> <span class='ocrx_word' id='word_1_54' title='bbox 609 1604 692 1681; x_wconf 76' lang='lat' dir='ltr'>sus.</span> <span class='ocrx_word' id='word_1_55' title='bbox 725 1607 777 1681; x_wconf 89' lang='lat' dir='ltr'>H.</span> <span class='ocrx_word' id='word_1_56' title='bbox 810 1605 898 1681; x_wconf 90' lang='lat' dir='ltr'>Vll:</span> <span class='ocrx_word' id='word_1_57' title='bbox 932 1629 967 1698; x_wconf 82' lang='lat'>5.</span> <span class='ocrx_word' id='word_1_58' title='bbox 1026 1629 1059 1681; x_wconf 85' lang='lat' dir='ltr'>a.</span> <span class='ocrx_word' id='word_1_59' title='bbox 1083 1605 1248 1705; x_wconf 85' lang='lat' dir='ltr'>Cypriam</span> <span class='ocrx_word' id='word_1_60' title='bbox 1281 1629 1337 1701; x_wconf 87' lang='lat' dir='ltr'>ep.</span> <span class='ocrx_word' id='word_1_61' title='bbox 1373 1628 1430 1701; x_wconf 84' lang='lat'>74.</span> <span class='ocrx_word' id='word_1_62' title='bbox 1461 1607 1505 1680; x_wconf 89' lang='lat' dir='ltr'>ad</span> <span class='ocrx_word' id='word_1_63' title='bbox 1558 1677 1564 1688; x_wconf 84' lang='grc'>,</span> 
     </span>
     <span class='ocr_line' id='line_1_9' title="bbox 288 1699 1501 1800; baseline -0.002 -19"><span class='ocrx_word' id='word_1_64' title='bbox 288 1704 495 1800; x_wconf 90' lang='lat' dir='ltr'>Pompejum</span> <span class='ocrx_word' id='word_1_65' title='bbox 527 1702 673 1792; x_wconf 82' lang='lat' dir='ltr'>adserit,</span> <span class='ocrx_word' id='word_1_66' title='bbox 713 1725 792 1774; x_wconf 89' lang='lat' dir='ltr'>eum</span> <span class='ocrx_word' id='word_1_67' title='bbox 816 1700 1002 1799; x_wconf 81' lang='lat' dir='ltr'><em>sacerdotes</em></span> <span class='ocrx_word' id='word_1_68' title='bbox 1032 1702 1100 1774; x_wconf 79' lang='lat' dir='ltr'>Dei</span> <span class='ocrx_word' id='word_1_69' title='bbox 1129 1700 1330 1798; x_wconf 82' lang='lat' dir='ltr'>abstinendos</span> <span class='ocrx_word' id='word_1_70' title='bbox 1363 1699 1501 1798; x_wconf 83' lang='lat' dir='ltr'>pataffe.</span> 
     </span>
    </p>

    <p class='ocr_par' dir='ltr' id='par_1_6' title="bbox 287 1798 1507 2184">
     <span class='ocr_line' id='line_1_10' title="bbox 287 1798 1502 1898; baseline -0.001 -26"><span class='ocrx_word' id='word_1_71' title='bbox 287 1826 324 1898; x_wconf 85' lang='lat'>3.</span> <span class='ocrx_word' id='word_1_72' title='bbox 350 1798 539 1873; x_wconf 76' lang='lat' dir='ltr'>s&#39;rrmilian.</span> <span class='ocrx_word' id='word_1_73' title='bbox 571 1821 627 1892; x_wconf 88' lang='lat' dir='ltr'>ep.</span> <span class='ocrx_word' id='word_1_74' title='bbox 661 1820 720 1891; x_wconf 80' lang='lat'>75.</span> <span class='ocrx_word' id='word_1_75' title='bbox 754 1800 795 1871; x_wconf 89' lang='lat' dir='ltr'>ad</span> <span class='ocrx_word' id='word_1_76' title='bbox 828 1799 991 1890; x_wconf 79' lang='lat' dir='ltr'>Cypriam</span> <span class='ocrx_word' id='word_1_77' title='bbox 1026 1800 1190 1892; x_wconf 81' lang='lat' dir='ltr'>expressis</span> <span class='ocrx_word' id='word_1_78' title='bbox 1226 1798 1328 1871; x_wconf 72' lang='lat' dir='ltr'>tradit</span> <span class='ocrx_word' id='word_1_79' title='bbox 1362 1802 1502 1889; x_wconf 76' lang='lat' dir='ltr'>verbis,</span> 
     </span>
     <span class='ocr_line' id='line_1_11' title="bbox 289 1890 1504 1992; baseline -0.002 -21"><span class='ocrx_word' id='word_1_80' title='bbox 289 1899 500 1992; x_wconf 85' lang='lat' dir='ltr'>Stephanum</span> <span class='ocrx_word' id='word_1_81' title='bbox 516 1890 559 1989; x_wconf 80' lang='lat' dir='ltr'>st</span> <span class='ocrx_word' id='word_1_82' title='bbox 584 1897 626 1966; x_wconf 85' lang='lat' dir='ltr'>ab</span> <span class='ocrx_word' id='word_1_83' title='bbox 652 1892 807 1984; x_wconf 82' lang='lat' dir='ltr'>Eccleſsis</span> <span class='ocrx_word' id='word_1_84' title='bbox 821 1892 979 1990; x_wconf 65' lang='lat' dir='ltr'>ssfdffli</span> <span class='ocrx_word' id='word_1_85' title='bbox 1013 1894 1131 1982; x_wconf 86' lang='lat' dir='ltr'>addit,</span> <span class='ocrx_word' id='word_1_86' title='bbox 1173 1896 1246 1967; x_wconf 84' lang='lat' dir='ltr'>darn</span> <span class='ocrx_word' id='word_1_87' title='bbox 1280 1898 1363 1968; x_wconf 88' lang='lat' dir='ltr'>enim</span> <span class='ocrx_word' id='word_1_88' title='bbox 1384 1904 1504 1988; x_wconf 75' lang='lat' dir='ltr'>paras,</span> 
     </span>
     <span class='ocr_line' id='line_1_12' title="bbox 290 1988 1507 2088; baseline -0.002 -22"><span class='ocrx_word' id='word_1_89' title='bbox 290 2008 395 2068; x_wconf 81' lang='lat' dir='ltr'>ornnes</span> <span class='ocrx_word' id='word_1_90' title='bbox 422 2016 444 2063; x_wconf 88' lang='lat' dir='ltr'>a</span> <span class='ocrx_word' id='word_1_91' title='bbox 467 2009 498 2064; x_wconf 84' lang='lat' dir='ltr'>te</span> <span class='ocrx_word' id='word_1_92' title='bbox 520 1989 676 2083; x_wconf 78' lang='lat' dir='ltr'>abstineri</span> <span class='ocrx_word' id='word_1_93' title='bbox 693 1989 799 2085; x_wconf 75' lang='lat' dir='ltr'>prffe,</span> <span class='ocrx_word' id='word_1_94' title='bbox 815 1988 923 2086; x_wconf 86' lang='lat' dir='ltr'>solam</span> <span class='ocrx_word' id='word_1_95' title='bbox 949 2007 981 2063; x_wconf 81' lang='lat' dir='ltr'>te</span> <span class='ocrx_word' id='word_1_96' title='bbox 1005 1995 1049 2063; x_wconf 86' lang='lat' dir='ltr'>ab</span> <span class='ocrx_word' id='word_1_97' title='bbox 1074 1991 1218 2064; x_wconf 84' lang='lat' dir='ltr'>orunisur</span> <span class='ocrx_word' id='word_1_98' title='bbox 1237 1990 1420 2088; x_wconf 71' lang='lat' dir='ltr'>abstinuisti</span> <span class='ocrx_word' id='word_1_99' title='bbox 1436 2008 1507 2068; x_wconf 66' lang='lat' dir='ltr'>etc,</span> 
     </span>
     <span class='ocr_line' id='line_1_13' title="bbox 290 2084 1506 2184; baseline -0.003 -19"><span class='ocrx_word' id='word_1_100' title='bbox 290 2087 469 2184; x_wconf 83' lang='lat' dir='ltr'>subjungit</span> <span class='ocrx_word' id='word_1_101' title='bbox 492 2101 596 2173; x_wconf 78' lang='lat' dir='ltr'>mort,</span> <span class='ocrx_word' id='word_1_102' title='bbox 630 2107 711 2158; x_wconf 87' lang='lat' dir='ltr'>eum</span> <span class='ocrx_word' id='word_1_103' title='bbox 733 2107 847 2184; x_wconf 81' lang='lat' dir='ltr'>pacem</span> <span class='ocrx_word' id='word_1_104' title='bbox 874 2109 953 2159; x_wconf 91' lang='lat' dir='ltr'>cum</span> <span class='ocrx_word' id='word_1_105' title='bbox 977 2084 1139 2159; x_wconf 78' lang='lat' dir='ltr'>scelestis</span> <span class='ocrx_word' id='word_1_106' title='bbox 1162 2084 1288 2181; x_wconf 61' lang='lat' dir='ltr'>rupisse.</span> <span class='ocrx_word' id='word_1_107' title='bbox 1341 2086 1506 2182; x_wconf 77' lang='lat' dir='ltr'>Denique</span> 
     </span>
    </p>

    <p class='ocr_par' dir='ltr' id='par_1_7' title="bbox 288 2180 1614 2564">
     <span class='ocr_line' id='line_1_14' title="bbox 288 2180 1614 2278; baseline 0.002 -23"><span class='ocrx_word' id='word_1_108' title='bbox 288 2210 326 2278; x_wconf 88' lang='lat'>4.</span> <span class='ocrx_word' id='word_1_109' title='bbox 353 2200 467 2255; x_wconf 88' lang='lat' dir='ltr'>narrat</span> <span class='ocrx_word' id='word_1_110' title='bbox 489 2182 573 2255; x_wconf 84' lang='lat' dir='ltr'>ibid.·</span> <span class='ocrx_word' id='word_1_111' title='bbox 599 2180 837 2269; x_wconf 76' lang='lat' dir='ltr'>firmilianus,</span> <span class='ocrx_word' id='word_1_112' title='bbox 877 2181 1029 2277; x_wconf 84' lang='lat' dir='ltr'>legatos,</span> <span class='ocrx_word' id='word_1_113' title='bbox 1069 2183 1112 2254; x_wconf 90' lang='lat' dir='ltr'>ab</span> <span class='ocrx_word' id='word_1_114' title='bbox 1140 2181 1318 2259; x_wconf 80' lang='lat' dir='ltr'>Africanis</span> <span class='ocrx_word' id='word_1_115' title='bbox 1355 2183 1398 2256; x_wconf 88' lang='lat' dir='ltr'>ad</span> <span class='ocrx_word' id='word_1_116' title='bbox 1423 2204 1506 2258; x_wconf 87' lang='lat' dir='ltr'>eum</span> <span class='ocrx_word' id='word_1_117' title='bbox 1612 2220 1614 2223; x_wconf 51' lang='lat'>&gt;</span> 
     </span>
     <span class='ocr_line' id='line_1_15' title="bbox 289 2275 1605 2372; baseline -0.002 -17"><span class='ocrx_word' id='word_1_118' title='bbox 289 2278 427 2368; x_wconf 87' lang='lat' dir='ltr'>missos,</span> <span class='ocrx_word' id='word_1_119' title='bbox 459 2298 497 2351; x_wconf 93' lang='lat' dir='ltr'>ut</span> <span class='ocrx_word' id='word_1_120' title='bbox 522 2276 663 2349; x_wconf 88' lang='lat' dir='ltr'>concilii</span> <span class='ocrx_word' id='word_1_121' title='bbox 692 2276 852 2371; x_wconf 79' lang='lat' dir='ltr'>carthag.</span> <span class='ocrx_word' id='word_1_122' title='bbox 878 2277 1060 2349; x_wconf 82' lang='lat' dir='ltr'>decretum</span> <span class='ocrx_word' id='word_1_123' title='bbox 1091 2276 1154 2371; x_wconf 82' lang='lat' dir='ltr'>ipsi</span> <span class='ocrx_word' id='word_1_124' title='bbox 1179 2276 1432 2372; x_wconf 71' lang='lat' dir='ltr'>significarent,</span> <span class='ocrx_word' id='word_1_125' title='bbox 1466 2304 1506 2352; x_wconf 80' lang='lat' dir='ltr'>ne</span> <span class='ocrx_word' id='word_1_126' title='bbox 1597 2275 1605 2289; x_wconf 84' lang='lat'><em>&#39;</em></span> 
     </span>
     <span class='ocr_line' id='line_1_16' title="bbox 290 2370 1602 2473; baseline -0.002 -24"><span class='ocrx_word' id='word_1_127' title='bbox 290 2377 414 2473; x_wconf 75' lang='lat' dir='ltr'>quidem</span> <span class='ocrx_word' id='word_1_128' title='bbox 438 2374 481 2445; x_wconf 83' lang='lat' dir='ltr'>ad</span> <span class='ocrx_word' id='word_1_129' title='bbox 496 2371 675 2470; x_wconf 85' lang='lat' dir='ltr'>sermonem</span> <span class='ocrx_word' id='word_1_130' title='bbox 690 2370 813 2467; x_wconf 79' lang='lat' dir='ltr'>saltem</span> <span class='ocrx_word' id='word_1_131' title='bbox 836 2373 982 2467; x_wconf 79' lang='lat' dir='ltr'>colloquii</span> <span class='ocrx_word' id='word_1_132' title='bbox 1011 2376 1183 2445; x_wconf 79' lang='lat' dir='ltr'>contumuit</span> <span class='ocrx_word' id='word_1_133' title='bbox 1212 2372 1313 2447; x_wconf 86' lang='lat' dir='ltr'>fuisse</span> <span class='ocrx_word' id='word_1_134' title='bbox 1347 2373 1507 2448; x_wconf 72' lang='lat' dir='ltr'>admissas</span> <span class='ocrx_word' id='word_1_135' title='bbox 1595 2453 1602 2469; x_wconf 51' lang='grc'><strong>,</strong></span> 
     </span>
     <span class='ocr_line' id='line_1_17' title="bbox 290 2466 1507 2564; baseline -0.004 -16"><span class='ocrx_word' id='word_1_136' title='bbox 290 2500 312 2548; x_wconf 88' lang='lat' dir='ltr'>a</span> <span class='ocrx_word' id='word_1_137' title='bbox 336 2469 534 2564; x_wconf 78' lang='lat' dir='ltr'>Stephano,</span> <span class='ocrx_word' id='word_1_138' title='bbox 568 2468 642 2539; x_wconf 93' lang='lat' dir='ltr'>imo</span> <span class='ocrx_word' id='word_1_139' title='bbox 666 2491 746 2541; x_wconf 89' lang='lat' dir='ltr'>eum</span> <span class='ocrx_word' id='word_1_140' title='bbox 780 2466 993 2563; x_wconf 89' lang='lat' dir='ltr'>praecepisse</span> <span class='ocrx_word' id='word_1_141' title='bbox 1007 2466 1224 2562; x_wconf 75' lang='lat' dir='ltr'>fraternitati</span> <span class='ocrx_word' id='word_1_142' title='bbox 1256 2468 1441 2563; x_wconf 80' lang='lat' dir='ltr'>uniuersae,</span> <span class='ocrx_word' id='word_1_143' title='bbox 1466 2496 1507 2543; x_wconf 84' lang='lat' dir='ltr'>ne</span> 
     </span>
    </p>

    <p class='ocr_par' dir='ltr' id='par_1_8' title="bbox 289 2561 1508 2756">
     <span class='ocr_line' id='line_1_18' title="bbox 290 2561 1508 2663; baseline -0.002 -22"><span class='ocrx_word' id='word_1_144' title='bbox 290 2569 362 2663; x_wconf 75' lang='lat' dir='ltr'>quir</span> <span class='ocrx_word' id='word_1_145' title='bbox 395 2567 502 2639; x_wconf 77' lang='lat' dir='ltr'>corin</span> <span class='ocrx_word' id='word_1_146' title='bbox 526 2564 648 2637; x_wconf 85' lang='lat' dir='ltr'>doraum</span> <span class='ocrx_word' id='word_1_147' title='bbox 670 2561 772 2661; x_wconf 86' lang='lat' dir='ltr'>suum</span> <span class='ocrx_word' id='word_1_148' title='bbox 795 2567 950 2660; x_wconf 81' lang='lat' dir='ltr'>reciperet</span> <span class='ocrx_word' id='word_1_149' title='bbox 974 2584 1047 2638; x_wconf 89' lang='lat' dir='ltr'>etc.</span> <span class='ocrx_word' id='word_1_150' title='bbox 1096 2563 1201 2663; x_wconf 79' lang='lat' dir='ltr'>Quod</span> <span class='ocrx_word' id='word_1_151' title='bbox 1229 2562 1254 2637; x_wconf 88' lang='lat' dir='ltr'>si</span> <span class='ocrx_word' id='word_1_152' title='bbox 1278 2586 1423 2656; x_wconf 86' lang='lat' dir='ltr'>vetum,</span> <span class='ocrx_word' id='word_1_153' title='bbox 1467 2584 1508 2639; x_wconf 87' lang='lat' dir='ltr'>ut</span> 
     </span>
     <span class='ocr_line' id='line_1_19' title="bbox 289 2657 1507 2756; baseline -0.004 -17"><span class='ocrx_word' id='word_1_154' title='bbox 289 2666 419 2752; x_wconf 88' lang='lat' dir='ltr'>debet,</span> <span class='ocrx_word' id='word_1_155' title='bbox 435 2659 522 2751; x_wconf 84' lang='lat' dir='ltr'>nist,</span> <span class='ocrx_word' id='word_1_156' title='bbox 547 2660 640 2756; x_wconf 92' lang='lat' dir='ltr'>quod</span> <span class='ocrx_word' id='word_1_157' title='bbox 659 2660 859 2745; x_wconf 85' lang='lat' dir='ltr'>absurdum,</span> <span class='ocrx_word' id='word_1_158' title='bbox 884 2657 1102 2733; x_wconf 87' lang='lat' dir='ltr'>sirmilianus</span> <span class='ocrx_word' id='word_1_159' title='bbox 1120 2658 1287 2734; x_wconf 85' lang='lat' dir='ltr'>mendacii</span> <span class='ocrx_word' id='word_1_160' title='bbox 1303 2664 1507 2752; x_wconf 80' lang='lat' dir='ltr'>accusetur,</span> 
     </span>
    </p>

    <p class='ocr_par' dir='ltr' id='par_1_9' title="bbox 291 2753 1381 2852">
     <span class='ocr_line' id='line_1_20' title="bbox 291 2753 1381 2852; baseline -0.008 -15"><span class='ocrx_word' id='word_1_161' title='bbox 291 2762 337 2837; x_wconf 88' lang='lat' dir='ltr'>de</span> <span class='ocrx_word' id='word_1_162' title='bbox 351 2755 728 2852; x_wconf 76' lang='lat' dir='ltr'>&#39;excommunicatione</span> <span class='ocrx_word' id='word_1_163' title='bbox 750 2753 907 2852; x_wconf 75' lang='lat' dir='ltr'>persessa</span> <span class='ocrx_word' id='word_1_164' title='bbox 933 2773 1033 2828; x_wconf 89' lang='lat' dir='ltr'>certo</span> <span class='ocrx_word' id='word_1_165' title='bbox 1054 2755 1199 2830; x_wconf 84' lang='lat' dir='ltr'>constat.</span> <span class='ocrx_word' id='word_1_166' title='bbox 1379 2760 1381 2763; x_wconf 80' lang='grc'><strong>’</strong></span> 
     </span>
    </p>

    <p class='ocr_par' dir='ltr' id='par_1_10' title="bbox 263 2848 1652 3430">
     <span class='ocr_line' id='line_1_21' title="bbox 287 2848 1508 2954; baseline 0.002 -29"><span class='ocrx_word' id='word_1_167' title='bbox 287 2907 291 2915; x_wconf 82' lang='grc'>.</span> <span class='ocrx_word' id='word_1_168' title='bbox 336 2855 369 2954; x_wconf 64' lang='lat' dir='ltr'>s.</span> <span class='ocrx_word' id='word_1_169' title='bbox 394 2851 577 2925; x_wconf 86' lang='lat' dir='ltr'><strong>CXLVII.</strong></span> <span class='ocrx_word' id='word_1_170' title='bbox 613 2850 715 2950; x_wconf 85' lang='lat' dir='ltr'>Quod</span> <span class='ocrx_word' id='word_1_171' title='bbox 746 2873 832 2926; x_wconf 90' lang='lat' dir='ltr'>vero</span> <span class='ocrx_word' id='word_1_172' title='bbox 864 2873 940 2924; x_wconf 90' lang='lat' dir='ltr'>non·</span> <span class='ocrx_word' id='word_1_173' title='bbox 970 2850 1169 2948; x_wconf 79' lang='lat' dir='ltr'>perfeslum</span> <span class='ocrx_word' id='word_1_174' title='bbox 1201 2848 1306 2926; x_wconf 89' lang='lat' dir='ltr'>suerit</span> <span class='ocrx_word' id='word_1_175' title='bbox 1341 2848 1508 2946; x_wconf 82' lang='lat' dir='ltr'>schisma,</span> 
     </span>
     <span class='ocr_line' id='line_1_22' title="bbox 289 2944 1510 3045; baseline -0.007 -16"><span class='ocrx_word' id='word_1_176' title='bbox 289 2945 717 3045; x_wconf 79' lang='lat' dir='ltr'>modeiatioriCypriani,</span> <span class='ocrx_word' id='word_1_177' title='bbox 737 2967 774 3020; x_wconf 90' lang='lat' dir='ltr'>et</span> <span class='ocrx_word' id='word_1_178' title='bbox 792 2947 985 3036; x_wconf 85' lang='lat' dir='ltr'>sociorum,</span> <span class='ocrx_word' id='word_1_179' title='bbox 1004 2945 1118 3019; x_wconf 88' lang='lat' dir='ltr'>studio</span> <span class='ocrx_word' id='word_1_180' title='bbox 1127 2944 1178 3034; x_wconf 84' lang='lat' dir='ltr'>est</span> <span class='ocrx_word' id='word_1_181' title='bbox 1194 2967 1381 3044; x_wconf 89' lang='lat' dir='ltr'>acceptum</span> <span class='ocrx_word' id='word_1_182' title='bbox 1396 2947 1510 3021; x_wconf 86' lang='lat' dir='ltr'>seren·</span> 
     </span>
     <span class='ocr_line' id='line_1_23' title="bbox 291 3039 1512 3141; baseline 0.003 -27"><span class='ocrx_word' id='word_1_183' title='bbox 291 3050 387 3125; x_wconf 84' lang='lat' dir='ltr'>dum.</span> <span class='ocrx_word' id='word_1_184' title='bbox 437 3040 565 3141; x_wconf 84' lang='lat' dir='ltr'>Coegit</span> <span class='ocrx_word' id='word_1_185' title='bbox 599 3039 739 3139; x_wconf 92' lang='lat' dir='ltr'>quidem</span> <span class='ocrx_word' id='word_1_186' title='bbox 771 3063 902 3115; x_wconf 91' lang='lat' dir='ltr'>novum</span> <span class='ocrx_word' id='word_1_187' title='bbox 938 3041 1123 3116; x_wconf 89' lang='lat' dir='ltr'>concilium</span> <span class='ocrx_word' id='word_1_188' title='bbox 1160 3043 1374 3140; x_wconf 85' lang='lat' dir='ltr'>Cyprianus,</span> <span class='ocrx_word' id='word_1_189' title='bbox 1416 3045 1512 3141; x_wconf 82' lang='lat' dir='ltr'>quod</span> 
     </span>
     <span class='ocr_line' id='line_1_24' title="bbox 292 3135 1510 3234; baseline -0.001 -19"><span class='ocrx_word' id='word_1_190' title='bbox 292 3140 404 3220; x_wconf 87' lang='lat' dir='ltr'>estin</span> <span class='ocrx_word' id='word_1_191' title='bbox 427 3140 494 3214; x_wconf 89' lang='lat' dir='ltr'>hac</span> <span class='ocrx_word' id='word_1_192' title='bbox 523 3138 620 3213; x_wconf 89' lang='lat' dir='ltr'>causa</span> <span class='ocrx_word' id='word_1_193' title='bbox 656 3135 856 3234; x_wconf 85' lang='lat' dir='ltr'>Carthagin.</span> <span class='ocrx_word' id='word_1_194' title='bbox 884 3137 1019 3211; x_wconf 83' lang='lat' dir='ltr'>llltr&#39;rrm</span> <span class='ocrx_word' id='word_1_195' title='bbox 1041 3160 1071 3213; x_wconf 93' lang='lat' dir='ltr'>a.</span> <span class='ocrx_word' id='word_1_196' title='bbox 1097 3145 1190 3227; x_wconf 80' lang='lat'>256,</span> <span class='ocrx_word' id='word_1_197' title='bbox 1224 3137 1290 3211; x_wconf 89' lang='lat' dir='ltr'>cui·</span> <span class='ocrx_word' id='word_1_198' title='bbox 1307 3147 1353 3234; x_wconf 79' lang='lat'>87</span> <span class='ocrx_word' id='word_1_199' title='bbox 1376 3137 1419 3211; x_wconf 89' lang='lat' dir='ltr'>ad</span> <span class='ocrx_word' id='word_1_200' title='bbox 1446 3139 1510 3214; x_wconf 89' lang='lat' dir='ltr'>mi-</span> 
     </span>
     <span class='ocr_line' id='line_1_25' title="bbox 263 3231 1652 3331; baseline -0.001 -17"><span class='ocrx_word' id='word_1_201' title='bbox 263 3242 427 3331; x_wconf 88' lang='lat' dir='ltr'>·nimum</span> <span class='ocrx_word' id='word_1_202' title='bbox 459 3234 663 3323; x_wconf 84' lang='lat' dir='ltr'>adsuerunt,</span> <span class='ocrx_word' id='word_1_203' title='bbox 705 3249 742 3305; x_wconf 88' lang='lat' dir='ltr'>et</span> <span class='ocrx_word' id='word_1_204' title='bbox 769 3233 890 3307; x_wconf 89' lang='lat' dir='ltr'>eadem</span> <span class='ocrx_word' id='word_1_205' title='bbox 921 3233 1093 3308; x_wconf 91' lang='lat' dir='ltr'>sententia</span> <span class='ocrx_word' id='word_1_206' title='bbox 1122 3231 1274 3306; x_wconf 89' lang='lat' dir='ltr'>unanimi</span> <span class='ocrx_word' id='word_1_207' title='bbox 1307 3235 1513 3313; x_wconf 81' lang='lat' dir='ltr'>confirmata</span> <span class='ocrx_word' id='word_1_208' title='bbox 1649 3282 1652 3287; x_wconf 94' lang='lat'>-</span> 
     </span>
     <span class='ocr_line' id='line_1_26' title="bbox 294 3328 1513 3430; baseline -0.002 -21"><span class='ocrx_word' id='word_1_209' title='bbox 294 3334 346 3428; x_wconf 84' lang='lat' dir='ltr'>est</span> <span class='ocrx_word' id='word_1_210' title='bbox 374 3331 564 3421; x_wconf 90' lang='lat' dir='ltr'>consensu;</span> <span class='ocrx_word' id='word_1_211' title='bbox 588 3331 687 3426; x_wconf 86' lang='lat' dir='ltr'>cujus</span> <span class='ocrx_word' id='word_1_212' title='bbox 708 3328 784 3403; x_wconf 70' lang='lat' dir='ltr'>ausa</span> <span class='ocrx_word' id='word_1_213' title='bbox 809 3329 851 3404; x_wconf 88' lang='lat' dir='ltr'>ad</span> <span class='ocrx_word' id='word_1_214' title='bbox 878 3330 1009 3403; x_wconf 86' lang='lat' dir='ltr'>calcem</span> <span class='ocrx_word' id='word_1_215' title='bbox 1036 3332 1150 3422; x_wconf 84' lang='lat' dir='ltr'>Opes.</span> <span class='ocrx_word' id='word_1_216' title='bbox 1176 3331 1284 3427; x_wconf 56' lang='lat' dir='ltr'>Cypra</span> <span class='ocrx_word' id='word_1_217' title='bbox 1309 3329 1513 3430; x_wconf 88' lang='lat' dir='ltr'>supersunt,</span> 
     </span>
    </p>

    <p class='ocr_par' dir='ltr' id='par_1_11' title="bbox 291 3423 1628 3623">
     <span class='ocr_line' id='line_1_27' title="bbox 293 3423 1628 3526; baseline -0.001 -20"><span class='ocrx_word' id='word_1_218' title='bbox 293 3430 353 3506; x_wconf 90' lang='lat' dir='ltr'>sed</span> <span class='ocrx_word' id='word_1_219' title='bbox 379 3452 448 3525; x_wconf 86' lang='lat' dir='ltr'>pax</span> <span class='ocrx_word' id='word_1_220' title='bbox 472 3451 562 3501; x_wconf 84' lang='lat' dir='ltr'>cum.</span> <span class='ocrx_word' id='word_1_221' title='bbox 587 3423 869 3501; x_wconf 84' lang='lat' dir='ltr'>dissentientibus</span> <span class='ocrx_word' id='word_1_222' title='bbox 899 3445 972 3497; x_wconf 90' lang='lat' dir='ltr'>non</span> <span class='ocrx_word' id='word_1_223' title='bbox 998 3423 1049 3499; x_wconf 87' lang='lat' dir='ltr'>est</span> <span class='ocrx_word' id='word_1_224' title='bbox 1074 3424 1202 3514; x_wconf 74' lang='lat' dir='ltr'>frasia3</span> <span class='ocrx_word' id='word_1_225' title='bbox 1242 3443 1282 3500; x_wconf 90' lang='lat' dir='ltr'>ut</span> <span class='ocrx_word' id='word_1_226' title='bbox 1306 3449 1352 3502; x_wconf 85' lang='lat' dir='ltr'>ex</span> <span class='ocrx_word' id='word_1_227' title='bbox 1375 3426 1512 3526; x_wconf 86' lang='lat' dir='ltr'>praesa·</span> <span class='ocrx_word' id='word_1_228' title='bbox 1624 3497 1628 3504; x_wconf 90' lang='lat'><em>.</em></span> 
     </span>
     <span class='ocr_line' id='line_1_28' title="bbox 291 3518 1514 3623; baseline -0.001 -20"><span class='ocrx_word' id='word_1_229' title='bbox 291 3525 417 3614; x_wconf 83' lang='lat' dir='ltr'>tione,</span> <span class='ocrx_word' id='word_1_230' title='bbox 450 3518 602 3596; x_wconf 90' lang='lat' dir='ltr'>concilio</span> <span class='ocrx_word' id='word_1_231' title='bbox 628 3521 832 3618; x_wconf 88' lang='lat' dir='ltr'>praemissa,</span> <span class='ocrx_word' id='word_1_232' title='bbox 863 3518 961 3594; x_wconf 90' lang='lat' dir='ltr'>omni</span> <span class='ocrx_word' id='word_1_233' title='bbox 984 3519 1284 3596; x_wconf 82' lang='lat' dir='ltr'>animadversione</span> <span class='ocrx_word' id='word_1_234' title='bbox 1301 3523 1427 3623; x_wconf 87' lang='lat' dir='ltr'>digna,</span> <span class='ocrx_word' id='word_1_235' title='bbox 1452 3550 1514 3623; x_wconf 86' lang='lat' dir='ltr'>pa·</span> 
     </span>
    </p>

    <p class='ocr_par' dir='ltr' id='par_1_12' title="bbox 295 3615 1512 3902">
     <span class='ocr_line' id='line_1_29' title="bbox 295 3615 1512 3730; baseline -0.002 -32"><span class='ocrx_word' id='word_1_236' title='bbox 295 3641 361 3698; x_wconf 88' lang='lat' dir='ltr'>tet.</span> <span class='ocrx_word' id='word_1_237' title='bbox 410 3618 587 3708; x_wconf 89' lang='lat' dir='ltr'>Adceslit,</span> <span class='ocrx_word' id='word_1_238' title='bbox 613 3617 827 3715; x_wconf 87' lang='lat' dir='ltr'>Stephanum</span> <span class='ocrx_word' id='word_1_239' title='bbox 853 3615 951 3689; x_wconf 90' lang='lat' dir='ltr'>brevi</span> <span class='ocrx_word' id='word_1_240' title='bbox 974 3615 1052 3712; x_wconf 91' lang='lat' dir='ltr'>post</span> <span class='ocrx_word' id='word_1_241' title='bbox 1075 3615 1180 3692; x_wconf 89' lang='lat' dir='ltr'>fuisse</span> <span class='ocrx_word' id='word_1_242' title='bbox 1201 3637 1398 3709; x_wconf 88' lang='lat' dir='ltr'>mortuum,</span> <span class='ocrx_word' id='word_1_243' title='bbox 1422 3622 1512 3730; x_wconf 80' lang='lat' dir='ltr'>Xys-</span> 
     </span>
     <span class='ocr_line' id='line_1_30' title="bbox 296 3712 1511 3808; baseline -0.002 -16"><span class='ocrx_word' id='word_1_244' title='bbox 296 3739 396 3802; x_wconf 88' lang='lat' dir='ltr'>tum,</span> <span class='ocrx_word' id='word_1_245' title='bbox 420 3718 495 3808; x_wconf 91' lang='lat' dir='ltr'>ejus</span> <span class='ocrx_word' id='word_1_246' title='bbox 519 3714 767 3802; x_wconf 85' lang='lat' dir='ltr'>successorem,</span> <span class='ocrx_word' id='word_1_247' title='bbox 793 3712 890 3807; x_wconf 88' lang='lat' dir='ltr'>pacis</span> <span class='ocrx_word' id='word_1_248' title='bbox 913 3730 952 3786; x_wconf 88' lang='lat' dir='ltr'>et</span> <span class='ocrx_word' id='word_1_249' title='bbox 978 3712 1230 3785; x_wconf 86' lang='lat' dir='ltr'>moderationis</span> <span class='ocrx_word' id='word_1_250' title='bbox 1254 3712 1354 3787; x_wconf 89' lang='lat' dir='ltr'>fuisse</span> <span class='ocrx_word' id='word_1_251' title='bbox 1378 3713 1511 3790; x_wconf 82' lang='lat' dir='ltr'>studio·</span> 
     </span>
     <span class='ocr_line' id='line_1_31' title="bbox 295 3805 1511 3902; baseline 0.003 -21"><span class='ocrx_word' id='word_1_252' title='bbox 295 3814 393 3898; x_wconf 87' lang='lat' dir='ltr'>sum,</span> <span class='ocrx_word' id='word_1_253' title='bbox 419 3816 598 3902; x_wconf 82' lang='lat' dir='ltr'>praeterea</span> <span class='ocrx_word' id='word_1_254' title='bbox 615 3831 743 3881; x_wconf 89' lang='lat' dir='ltr'>novam</span> <span class='ocrx_word' id='word_1_255' title='bbox 769 3806 924 3880; x_wconf 82' lang='lat' dir='ltr'>invasisse</span> <span class='ocrx_word' id='word_1_256' title='bbox 943 3805 1111 3881; x_wconf 87' lang='lat' dir='ltr'>Ecclesras</span> <span class='ocrx_word' id='word_1_257' title='bbox 1128 3805 1419 3900; x_wconf 85' lang='lat' dir='ltr'>persecutionem.</span> <span class='ocrx_word' id='word_1_258' title='bbox 1445 3814 1511 3886; x_wconf 91' lang='lat' dir='ltr'>Pu·</span> 
     </span>
    </p>

    <p class='ocr_par' dir='ltr' id='par_1_13' title="bbox 278 3900 1632 4094">
     <span class='ocr_line' id='line_1_32' title="bbox 296 3900 1632 4001; baseline -0.001 -19"><span class='ocrx_word' id='word_1_259' title='bbox 296 3929 377 3982; x_wconf 84' lang='lat' dir='ltr'>tum</span> <span class='ocrx_word' id='word_1_260' title='bbox 402 3922 526 4001; x_wconf 86' lang='lat' dir='ltr'>putum</span> <span class='ocrx_word' id='word_1_261' title='bbox 549 3925 637 3976; x_wconf 87' lang='lat' dir='ltr'>vero</span> <span class='ocrx_word' id='word_1_262' title='bbox 661 3901 713 3976; x_wconf 88' lang='lat' dir='ltr'>est</span> <span class='ocrx_word' id='word_1_263' title='bbox 738 3900 878 3974; x_wconf 83' lang='lat' dir='ltr'>Batonii</span> <span class='ocrx_word' id='word_1_264' title='bbox 905 3901 1133 3998; x_wconf 84' lang='lat' dir='ltr'>figmentum,</span> <span class='ocrx_word' id='word_1_265' title='bbox 1174 3902 1268 3975; x_wconf 92' lang='lat' dir='ltr'>nullo</span> <span class='ocrx_word' id='word_1_266' title='bbox 1293 3903 1415 3979; x_wconf 84' lang='lat' dir='ltr'>nixum</span> <span class='ocrx_word' id='word_1_267' title='bbox 1434 3906 1513 3989; x_wconf 86' lang='lat' dir='ltr'>fun·</span> <span class='ocrx_word' id='word_1_268' title='bbox 1627 3941 1632 3950; x_wconf 68' lang='lat'>=</span> 
     </span>
     <span class='ocr_line' id='line_1_33' title="bbox 278 3996 1514 4094; baseline 0.001 -16"><span class='ocrx_word' id='word_1_269' title='bbox 278 4004 486 4089; x_wconf 69' lang='lat' dir='ltr'>&#39;damento,</span> <span class='ocrx_word' id='word_1_270' title='bbox 520 3997 711 4073; x_wconf 85' lang='lat' dir='ltr'>fatentibus</span> <span class='ocrx_word' id='word_1_271' title='bbox 742 3996 823 4094; x_wconf 82' lang='lat' dir='ltr'>ipsis</span> <span class='ocrx_word' id='word_1_272' title='bbox 856 3996 1031 4071; x_wconf 90' lang='lat' dir='ltr'>nonnullis</span> <span class='ocrx_word' id='word_1_273' title='bbox 1062 3996 1276 4088; x_wconf 88' lang='lat' dir='ltr'>Catholicis,</span> <span class='ocrx_word' id='word_1_274' title='bbox 1319 4001 1514 4078; x_wconf 84' lang='lat' dir='ltr'>Orientalet</span> 
     </span>
    </p>

    <p class='ocr_par' dir='ltr' id='par_1_14' title="bbox 293 4092 1543 4497">
     <span class='ocr_line' id='line_1_34' title="bbox 298 4092 1515 4191; baseline 0.001 -17"><span class='ocrx_word' id='word_1_275' title='bbox 298 4116 336 4174; x_wconf 91' lang='lat' dir='ltr'>et</span> <span class='ocrx_word' id='word_1_276' title='bbox 352 4095 559 4183; x_wconf 84' lang='lat' dir='ltr'>Africanos,</span> <span class='ocrx_word' id='word_1_277' title='bbox 584 4115 704 4167; x_wconf 88' lang='lat' dir='ltr'>ruente</span> <span class='ocrx_word' id='word_1_278' title='bbox 729 4112 881 4180; x_wconf 91' lang='lat' dir='ltr'>mutata,</span> <span class='ocrx_word' id='word_1_279' title='bbox 906 4095 943 4186; x_wconf 91' lang='lat' dir='ltr'>in</span> <span class='ocrx_word' id='word_1_280' title='bbox 962 4092 1134 4191; x_wconf 89' lang='lat' dir='ltr'>Stephani</span> <span class='ocrx_word' id='word_1_281' title='bbox 1154 4093 1359 4170; x_wconf 83' lang='lat' dir='ltr'>consensisse</span> <span class='ocrx_word' id='word_1_282' title='bbox 1377 4099 1515 4175; x_wconf 89' lang='lat' dir='ltr'>senten·</span> 
     </span>
     <span class='ocr_line' id='line_1_35' title="bbox 300 4187 1515 4287; baseline 0.005 -19"><span class='ocrx_word' id='word_1_283' title='bbox 300 4195 398 4268; x_wconf 88' lang='lat' dir='ltr'>tiam.</span> <span class='ocrx_word' id='word_1_284' title='bbox 450 4195 618 4266; x_wconf 88' lang='lat' dir='ltr'>Ceterum</span> <span class='ocrx_word' id='word_1_285' title='bbox 645 4191 689 4264; x_wconf 89' lang='lat' dir='ltr'>de</span> <span class='ocrx_word' id='word_1_286' title='bbox 722 4188 804 4264; x_wconf 87' lang='lat' dir='ltr'>satis</span> <span class='ocrx_word' id='word_1_287' title='bbox 836 4187 1014 4286; x_wconf 88' lang='lat' dir='ltr'>utriusque</span> <span class='ocrx_word' id='word_1_288' title='bbox 1047 4191 1156 4287; x_wconf 91' lang='lat' dir='ltr'>partis</span> <span class='ocrx_word' id='word_1_289' title='bbox 1187 4191 1400 4285; x_wconf 88' lang='lat' dir='ltr'>sententiae,</span> <span class='ocrx_word' id='word_1_290' title='bbox 1441 4193 1515 4274; x_wconf 88' lang='lat' dir='ltr'>vid.</span> 
     </span>
     <span class='ocr_line' id='line_1_36' title="bbox 298 4283 1543 4382; baseline 0 -17"><span class='ocrx_word' id='word_1_291' title='bbox 298 4293 473 4382; x_wconf 83' lang='lat' dir='ltr'>Bevereg.</span> <span class='ocrx_word' id='word_1_292' title='bbox 498 4289 543 4361; x_wconf 92' lang='lat' dir='ltr'>de</span> <span class='ocrx_word' id='word_1_293' title='bbox 562 4308 687 4360; x_wconf 89' lang='lat' dir='ltr'>canon.</span> <span class='ocrx_word' id='word_1_294' title='bbox 714 4283 838 4381; x_wconf 83' lang='lat' dir='ltr'>Apost.</span> <span class='ocrx_word' id='word_1_295' title='bbox 866 4286 888 4360; x_wconf 93' lang='lat' dir='ltr'>l.</span> <span class='ocrx_word' id='word_1_296' title='bbox 922 4285 969 4360; x_wconf 86' lang='grc' dir='ltr'>ΙΙ.</span> <span class='ocrx_word' id='word_1_297' title='bbox 1004 4309 1035 4361; x_wconf 93' lang='lat' dir='ltr'>c.</span> <span class='ocrx_word' id='word_1_298' title='bbox 1065 4308 1121 4361; x_wconf 83' lang='lat'>12.</span> <span class='ocrx_word' id='word_1_299' title='bbox 1154 4305 1261 4360; x_wconf 90' lang='lat' dir='ltr'>notae</span> <span class='ocrx_word' id='word_1_300' title='bbox 1286 4287 1371 4364; x_wconf 87' lang='lat' dir='ltr'>edit.</span> <span class='ocrx_word' id='word_1_301' title='bbox 1397 4292 1543 4374; x_wconf 75' lang='lat' dir='ltr'>oron.-</span> 
     </span>
     <span class='ocr_line' id='line_1_37' title="bbox 293 4379 1521 4497; baseline 0.004 -41"><span class='ocrx_word' id='word_1_302' title='bbox 293 4382 471 4497; x_wconf 67' lang='lat' dir='ltr'>§ypriaui</span> <span class='ocrx_word' id='word_1_303' title='bbox 494 4383 539 4464; x_wconf 87' lang='lat' dir='ltr'>ad</span> <span class='ocrx_word' id='word_1_304' title='bbox 563 4382 693 4481; x_wconf 77' lang='lat' dir='ltr'>eones.</span> <span class='ocrx_word' id='word_1_305' title='bbox 720 4381 847 4464; x_wconf 80' lang='lat' dir='ltr'>cartha</span> <span class='ocrx_word' id='word_1_306' title='bbox 876 4435 911 4469; x_wconf 92' lang='lat'>.,</span> <span class='ocrx_word' id='word_1_307' title='bbox 933 4380 970 4452; x_wconf 89' lang='lat' dir='ltr'>in</span> <span class='ocrx_word' id='word_1_308' title='bbox 992 4379 1117 4479; x_wconf 86' lang='lat' dir='ltr'>primis</span> <span class='ocrx_word' id='word_1_309' title='bbox 1138 4379 1315 4466; x_wconf 84' lang='lat' dir='ltr'>Lauuoius</span> <span class='ocrx_word' id='word_1_310' title='bbox 1331 4381 1521 4484; x_wconf 66' lang='lat' dir='ltr'>iaspis,</span> 
     </span>
    </p>

    <p class='ocr_par' dir='ltr' id='par_1_15' title="bbox 289 4488 1523 4586">
     <span class='ocr_line' id='line_1_38' title="bbox 289 4488 1523 4586; baseline 0.001 -33"><span class='ocrx_word' id='word_1_311' title='bbox 289 4544 304 4575; x_wconf 18' lang='grc' dir='ltr'>ἡ</span> <span class='ocrx_word' id='word_1_312' title='bbox 364 4568 367 4572; x_wconf 10' lang='grc' dir='ltr'><strong>Α</strong></span> <span class='ocrx_word' id='word_1_313' title='bbox 830 4568 834 4575; x_wconf 34' lang='grc'><strong>,</strong></span> <span class='ocrx_word' id='word_1_314' title='bbox 869 4496 977 4556; x_wconf 80' lang='lat' dir='ltr'>cccc</span> <span class='ocrx_word' id='word_1_315' title='bbox 999 4500 1028 4579; x_wconf 81' lang='lat'>3·</span> <span class='ocrx_word' id='word_1_316' title='bbox 1461 4488 1523 4586; x_wconf 72' lang='lat' dir='ltr'>qni</span> 
     </span>
    </p>
   </div>
   <div class='ocr_carea' id='block_1_4' title="bbox 0 0 1817 5500">
    <p class='ocr_par' dir='ltr' id='par_1_16' title="bbox 0 0 1817 5500">
     <span class='ocr_line' id='line_1_39' title="bbox 0 0 1817 5500; baseline 0 0"><span class='ocrx_word' id='word_1_317' title='bbox 0 0 1817 5500; x_wconf 95' lang='lat' dir='ltr'> </span> 
     </span>
    </p>
   </div>
  </div>
 </body>
</html>
